4298 6414
774 473 898 531 ΟΤΤΟ
920 473 945 530 Ι.
970 466 1162 530 950-951.
1729 459 1790 525 211

252 659 574 737 dossscyieraaquabr
600 657 782 732 soblcclvtwey
809 656 870 728 aas
891 659 952 717 950
975 657 1056 715 wcbt
1079 656 1142 715 aad
1170 657 1240 715 dass
1269 656 1322 715 das
1352 654 1492 726 cbeafclls
1514 673 1570 714 aaa
1592 655 1658 714 BF.
1683 654 1792 714 dotirte

250 765 312 826 DO.
336 769 398 825 131
429 765 477 824 die
499 764 630 838 yleicbea
654 761 767 822 Zablen
788 760 844 832 fiir
866 761 914 818 die
936 760 1086 818 Indictioa
1107 760 1171 818 asad
1193 760 1247 819 das
1269 761 1522 833 Rmiaaaquobr
1544 759 1672 831 eatbdlt;
1701 775 1729 818 es
1752 760 1791 818 ist

250 870 309 927 bier
329 867 393 927 also
416 866 549 941 lodoylicb
570 866 625 925 dos
647 863 814 938 Aererqjobr
836 865 985 936 anricbtiq
1007 864 1178 936 onpeqeben.

249 1053 302 1134 (c.)
321 1050 337 1131 3
357 1051 398 1116 In
420 1052 551 1116 nominc
573 1059 707 1116 sanctae
729 1058 762 1113 et
789 1048 977 1114 individuae
1005 1050 1169 1113 trinitatis.
1215 1046 1293 1112 Otto
1323 1047 1375 1112 dei
1404 1047 1583 1113 auxiliante
1611 1048 1789 1113 clemencia

46 1178 195 1225 orex.
307 1154 469 1220 Noverint
491 1175 603 1219 omnes
625 1151 738 1217 fideles
760 1154 864 1216 nostri
887 1160 1076 1237 praesentes
1105 1151 1228 1217 scilicet
1250 1160 1283 1214 et
1304 1151 1418 1233 futuri,
1447 1151 1460 1231 ξ
1489 1150 1577 1237 quod
1604 1174 1665 1216 nos
1694 1154 1789 1217 inter·

80 1269 245 1325 ventu
265 1260 328 1324 cari
351 1257 463 1322 fratris
483 1258 587 1322 nostri
608 1256 772 1322 Brunonis
797 1255 969 1342 dilectique
992 1255 1188 1320 marchionis
1211 1256 1313 1319 nostri
1338 1253 1477 1320 Geronis
1500 1257 1573 1319 usui
1596 1255 1732 1320 fratrum
1755 1257 1789 1319 in

81 1363 338 1427 monasterio
351 1371 365 1399 ⁸
387 1359 476 1448 quod
496 1363 567 1447 ipse
589 1361 624 1424 in
645 1359 751 1425 Frasa
774 1362 807 1425 in
831 1360 954 1425 honore
977 1361 1081 1423 sancti
1105 1357 1225 1423 Ciriaci
1248 1360 1390 1424 martiris
1413 1361 1610 1441 construxit,
1640 1359 1789 1424 dedimus

82 1465 300 1549 quasdam
326 1488 379 1531 res
408 1465 616 1550 proprietatis
643 1473 774 1530 nostrae
803 1465 836 1527 in
866 1485 952 1548 pago
978 1460 1090 1527 Suana
1110 1464 1144 1526 in
1168 1465 1324 1528 comitatu
1350 1463 1508 1548 praedicti
1531 1463 1727 1528 marchionis
1755 1465 1789 1528 in

81 1567 224 1634 villa
244 1565 483 1654 Hebanthorpb
512 1570 611 1633 etiam
640 1568 794 1653 quicquid
821 1566 866 1632 ibi
894 1567 1051 1633 hactenus
1079 1565 1267 1650 habuimus,
1301 1569 1474 1652 mancipiis
1504 1566 1661 1632 aedificiis
1687 1568 1788 1652 pratis

30 1682 64 1729 10
83 1677 272 1753 pascuis
301 1673 393 1739 silvis
422 1674 515 1759 aquis
543 1693 741 1759 aquarumve
771 1668 961 1734 decursibus
986 1668 1179 1733 molendinis
1202 1671 1297 1733 terris
1320 1669 1415 1733 cultis
1439 1680 1470 1733 et
1492 1669 1623 1734 incultis
1646 1669 1788 1734 exitibus

82 1783 134 1836 et
174 1775 350 1843 reditibus
372 1777 435 1841 viis
458 1784 491 1840 et
512 1777 609 1840 inviis
633 1776 767 1862 quesitis
791 1785 822 1838 ct
844 1772 1054 1860 inquirendis,
1083 1795 1143 1837 nec
1165 1795 1232 1837 non
1254 1781 1287 1837 et
1309 1771 1390 1836 duas
1415 1794 1552 1855 sorores,
1575 1771 1660 1835 filias
1684 1773 1789 1836 cuius-

84 1871 224 1946 dam
242 1880 362 1946 Uuirici
393 1901 530 1966 quarum
556 1901 622 1944 una
645 1876 773 1963 Osgerd
794 1887 983 1964 nuncupata
1006 1888 1038 1942 et
1060 1878 1163 1943 altera
1186 1876 1396 1961 Frithugerd,
1430 1878 1463 1940 in
1492 1878 1658 1961 proprium
1688 1875 1788 1940 dona-

83 1978 249 2049 vimus
268 2005 342 2048 eum
364 1982 440 2047 filiis
463 2004 585 2047 earum.
630 1982 674 2046 Et
699 1980 758 2066 ult]
790 1982 871 2046 hacc
897 1992 1010 2047 nostra
1039 1984 1216 2047 auctoritas
1246 1982 1340 2046 firma
1369 1980 1558 2066 stabilisque
1588 1990 1787 2066 permaneat,

85 2078 292 2186 iussimus
313 2085 377 2152 hoc
401 2108 557 2171 praesens
579 2095 790 2171 praeceptum
813 2085 975 2150 conscribi
999 2085 1086 2151 anuli
1108 2087 1212 2151 nostri
1234 2087 1448 2170 impressione
1470 2083 1669 2149 roboratum.

32 2224 65 2269 15
244 2227 257 2307 l
279 2223 416 2308 Signum
438 2222 549 2287 domni
573 2221 704 2287 Ottonis
727 2225 812 2307 regis
834 2225 848 2306 ᾔ
872 2224 936 2304 (Μ.)

242 2327 366 2410 {Brun
388 2326 603 2394 cancellarius
627 2327 776 2393 advicem
799 2327 974 2393 Frithurici
998 2325 1274 2412 archicappellani
1296 2327 1484 2411 recognovi.
1507 2326 1521 2408 l
1545 2327 1601 2406 (SI.
1621 2327 1661 2404 1.)
1702 2325 1785 2404 (SR.)

243 2466 330 2530 Data
346 2483 420 2530 v111.
444 2465 488 2530 id.
512 2465 675 2532 decembs.
699 2489 785 2531 anno
808 2466 1042 2531 incarnationis
1066 2464 1188 2529 domini
1211 2466 1313 2529 nostri
1329 2464 1405 2528 Iesu
1421 2461 1540 2528 Christi
1564 2479 1786 2546 Dcccctvnn,

89 2554 313 2635 indictione
337 2587 407 2654 1111,
437 2592 523 2634 anno
546 2572 636 2655 regni
661 2569 791 2636 Ottonis
814 2571 901 2655 regis
924 2587 988 2652 xv,
1018 2578 1128 2634 actum
1150 2567 1337 2649 Imanleuu3
1366 2568 1399 2632 in
1422 2565 1473 2629 dei
1497 2568 1628 2631 nomine
1650 2565 1787 2631 feliciter

92 2676 244 2737 aluen.

33 2850 72 2899 2⁰
917 2843 1003 2922 131.

114 2969 227 3054 Oro
249 2981 411 3080 bestdtipt
431 2980 510 3054 dem
531 2983 677 3056 Kloster
694 2983 821 3058 Falda
843 2983 912 3057 den
933 2984 1148 3057 consolata
1171 2981 1406 3080 Vorqdapern
1428 2979 1649 3053 cerlicbeaea
1674 2978 1785 3052 Wild·

108 3085 240 3173 balm
261 3103 312 3175 lm
334 3100 460 3176 Μὰ
483 3102 538 3175 bel
559 3103 711 3178 Effell·
1262 3139 1434 3211 Fruatfart
1458 3141 1518 3200 951
1544 3139 1669 3200 Joaaor
1690 3143 1741 3200 19.

242 3326 490 3401 Oriyiaaldiplom
512 3329 555 3386 tm
576 3328 604 3388 a.
624 3328 825 3388 Staotsorcbiv
846 3347 886 3387 aa
908 3329 1056 3402 Morbum
1078 3325 1138 3406 (Α).

240 3463 389 3524 &amat
416 3464 496 3524 Hist.
526 3464 617 3524 Fald.
646 3470 682 3536 2,
713 3469 778 3525 147
798 3471 833 3523 a⁰
855 3470 897 3524 33
925 3483 982 3524 aas
1004 3462 1042 3524 A.
1073 3499 1115 3508 —
1144 3465 1265 3524 Droake
1289 3463 1350 3526 01).
1379 3464 1471 3524 Fald.
1495 3467 1555 3525 321
1580 3470 1615 3521 n⁰
1637 3468 1701 3525 688
1728 3483 1785 3524 aas

240 3567 276 3626 A.
299 3599 342 3609 —
365 3566 451 3628 Face.
471 3569 505 3626 in
520 3567 658 3627 Berliaer
672 3567 790 3628 Abbild.
807 3574 837 3639 3,
864 3568 932 3640 Taf.
949 3572 1000 3628 19.
1023 3601 1065 3611 -
1087 3568 1218 3627 Bobmer
1231 3569 1300 3641 Ray.
1319 3573 1390 3628 177.
1417 3601 1454 3610 -
1480 3567 1783 3641 Stampreq.192.

243 3705 490 3765 Wahrscheialich
511 3723 567 3764 von
589 3705 658 3766 BD.
682 3706 781 3765 dictirt
804 3707 936 3777 roelcber,
972 3707 1112 3789 nocbdaq
1140 3707 1207 3766 BF.
1237 3707 1284 3764 dic
1312 3710 1386 3766 erste
1411 3705 1492 3765 Zeila
1519 3701 1583 3763 arrd
1611 3707 1658 3764 die
1682 3707 1783 3765 aweite

239 3807 283 3864 bis
311 3808 406 3867 nostri
427 3807 510 3868 ducis
535 3808 719 3881 aeschraoea
747 3811 840 3880 batte,
875 3809 930 3868 den
952 3811 1025 3870 Rest
1048 3810 1097 3868 des
1121 3807 1271 3869 marces
1295 3809 1458 3880 mandate,
1493 3808 1616 3880 woraaf
1634 3809 1701 3868 BF.
1730 3810 1783 3869 das

237 3911 424 3970 Escbmokoll
444 3911 631 3985 hinaafaqtc.

240 4095 299 4176 (C.)
322 4096 337 4178 ξ
358 4095 397 4160 In
419 4099 550 4161 nomine
574 4107 706 4162 sanctae
729 4107 761 4161 et
783 4096 970 4163 individuae
992 4099 1154 4162 trinitatis.
1201 4096 1278 4162 Otto
1310 4099 1422 4164 divina
1452 4100 1581 4165 favente
1611 4100 1784 4165 clementia

60 4185 106 4240 ³⁰
131 4213 206 4261 rex.
296 4198 419 4264 Notum
442 4201 484 4264 sit
507 4200 657 4266 omnibus
679 4200 830 4265 fidelibus
853 4204 972 4265 nostris
995 4202 1220 4287 praesentibus
1244 4212 1276 4266 et
1296 4203 1423 4287 futuris,
1446 4203 1460 4286 ,ἓξ
1483 4203 1620 4288 qualiter
1643 4226 1703 4268 nos
1725 4226 1784 4289 per

133 4295 353 4366 interventum
376 4301 484 4366 dilecti
507 4303 616 4367 fratris
639 4306 741 4368 nostri
764 4305 927 4370 Brunonis
958 4309 1132 4393 generique
1156 4304 1345 4371 Cuonradi³
1372 4309 1474 4370 nostri
1506 4306 1597 4373 ducis
1627 4309 1782 4372 maxime-

134 4424 199 4489 que
219 4404 315 4469 nobis
339 4408 467 4471 animae
494 4407 694 4472 confidentes
721 4409 899 4473 remedium
929 4411 1005 4475 inde
1032 4411 1250 4493 nasciturum,
1286 4410 1494 4495 petitionibus
1518 4410 1647 4476 abbatis
1671 4411 1782 4476 Hada-

134 4509 214 4572 mari
238 4508 489 4575 rationabilibus
512 4511 741 4576 assentivimus
764 4511 987 4598 quasdamque
1009 4535 1061 4577 res
1084 4513 1128 4578 ad
1151 4523 1300 4578 sanctum
1322 4514 1530 4579 Bonifacium
1553 4513 1716 4580 traditasb
1739 4514 1780 4580 ab

136 4610 398 4677 antecessoribus
420 4615 540 4680 nostris
562 4612 694 4698 regibus
717 4625 925 4698 augmentare
948 4616 1166 4699 decrevimus,
1189 4617 1223 4680 id
1246 4627 1295 4681 est
1316 4627 1352 4682 ut
1374 4618 1529 4682 forestam
1554 4641 1636 4703 quac
1660 4618 1702 4682 ad
1724 4618 1781 4682 vil-

67 4701 112 4760 35
137 4709 200 4777 lam
223 4711 419 4779 Achizuuila
442 4716 597 4800 pertinet,
632 4718 665 4780 in
688 4739 753 4802 qua
775 4720 865 4803 prius
888 4729 958 4783 erat
980 4722 1161 4785 communis
1185 4723 1329 4785 omniurn
1351 4722 1470 4784 civium
1492 4723 1641 4804 venatio,
1674 4721 1780 4787 nullus

138 4817 321 4881 venandum
344 4817 465 4882 audeat
487 4819 611 4903 ingredi
633 4822 696 4887 nisi
719 4819 852 4885 licentia
870 4822 1014 4887 ciusdem
1030 4822 1159 4887 abbatis
1176 4823 1356 4889 Hadamari
1374 4845 1662 4909 successorumque
1677 4823 1779 4889 illius:

139 4918 299 4985 demente
315 4920 509 4985 Vuinternol
525 4944 627 5009 usque
645 4925 679 4986 in
697 4923 832 4989 fluvium
847 4925 998 4990 Hurnufa
1021 4936 1052 4990 et
1074 4926 1149 4990 indc
1173 4927 1277 4991 donec
1300 4927 1452 4992 Humufa
1474 4930 1573 4992 intrat
1595 4929 1629 4992 in
1652 4951 1780 4992 amnem

137 5021 226 5104 Nita,
249 5023 431 5109 deindeque
454 5046 581 5089 sursum
604 5048 705 5112 usque
729 5026 772 5090 ad
795 5037 918 5093 curtem
941 5029 1135 5094 Turenheim
1158 5030 1344 5095 inferiorem
1365 5040 1399 5094 ct
1421 5030 1464 5094 ad
1486 5030 1651 5095 Sleitfelde
1674 5040 1706 5095 et
1727 5055 1780 5098 us-

139 5146 195 5209 que
210 5124 254 5189 ad
269 5124 567 5191 Uuoluesbrunnon
589 5129 768 5215 iterumque
787 5153 889 5216 usque
904 5131 948 5195 ad
963 5131 1184 5198 Uuintersnol.
1218 5134 1262 5198 Et
1283 5144 1320 5199 ut
1341 5135 1422 5199 haec
1445 5136 1647 5200 auctoritatis
1670 5146 1779 5223 nostre

82 5229 123 5282 ⁴0
138 5228 233 5293 iussio
261 5228 388 5293 firmior
414 5243 602 5315 permaneat
630 5255 651 5296 a
678 5233 859 5319 futurisque
887 5236 995 5299 verius
1024 5237 1175 5302 credatur
1204 5260 1243 5302 ac
1271 5239 1397 5302 cautius
1425 5237 1467 5302 ab
1491 5238 1555 5302 illis
1579 5237 1778 5327 observetur,

140 5334 357 5417 praecepimus
385 5331 500 5397 illam⁰
528 5334 690 5400 conscribi
719 5336 872 5424 anulique
901 5337 1029 5403 nostrid
1061 5342 1273 5426 impressione
1306 5340 1526 5428 corroborari,
1562 5343 1675 5409 subtus
1707 5368 1779 5411 eam

140 5454 232 5499 manu
252 5444 366 5501 nostra
385 5435 562 5502 firmantes.

218 5587 275 5644 Μ.
305 5588 415 5658 [Siclrel]
437 5640 446 5653 „
518 5591 585 5656 a)A
690 5595 718 5656 b)
736 5611 782 5646 oor
799 5596 958 5648 marchionis
975 5597 1031 5648 rard
1046 5599 1114 5649 acels
1131 5600 1304 5667 Hebanthorp
1322 5598 1407 5653 Utine
1424 5601 1520 5654 Rasw.

219 5672 277 5728 ttl.
304 5672 402 5743 [Folts]
496 5678 619 5739 alchon
636 5679 690 5743 aas
700 5678 788 5731 Rana
882 5682 910 5743 b)
928 5683 977 5733 dan
994 5691 1059 5735 mts
1076 5692 1088 5736 t
1104 5702 1152 5736 cass
1168 5686 1291 5738 audam
1308 5686 1472 5738 Bacbotaboa
1488 5688 1628 5740 ooebtrrert
1717 5691 1742 5754 c)
1761 5707 1779 5743 a

102 5733 127 5784 4⁵
303 5759 370 5796 corr.
387 5759 435 5794 aare
451 5760 470 5796 u
530 5784 534 5790 .
573 5746 600 5810 d)
618 5748 687 5797 noch
704 5751 785 5800 nostri
802 5751 836 5801 ὼε
853 5767 878 5819 q,
896 5752 1036 5803 mmadtrt.

1514 5861 1576 5925 27*
