4298 6414
986 470 1110 527 OTTO
1132 472 1156 527 1.
1182 468 1253 527 950.
1880 466 1943 531 203

303 645 438 716 fidelitati
461 645 724 730 consiliantibus,
748 647 901 713 abbatem
916 651 1021 714 virum
1039 651 1256 717 venerabilem
1273 674 1368 738 quem
1384 654 1538 717 intereos
1555 653 1723 737 eligerunt,
1748 656 1941 720 Erembreht

303 752 422 819 nomine
444 750 676 815 constituimus
698 761 730 816 et
752 773 886 836 presens
909 762 1058 817 iussimus⁰
1080 753 1155 818 inde
1178 770 1228 819 lroc
1251 754 1411 819 munitatisf
1438 778 1528 836 nostre
1550 772 1718 836 privilegium
1741 775 1871 823 conscribi
1894 791 1942 839 per

302 870 369 938 quel
387 869 508 919 volumus
530 869 693 936 firmiterque
715 870 853 933 iubemus,
887 866 923 920 ut
946 856 1065 920 amodo
1093 879 1132 920 ac
1156 857 1310 943 deinceps
1334 860 1420 922 omni
1443 868 1589 944 tempore
1612 874 1787 926 fimnssimam
1809 872 1941 927 teneant

302 978 448 1041 potestatem
478 989 672 1039 quemcumque
701 975 770 1024 inter
799 990 844 1025 eos
873 975 997 1025 abbatem
1027 976 1159 1026 voluerint
1188 975 1317 1040 eligendi3
1351 971 1383 1023 et
1413 970 1467 1025 utg
1500 977 1591 1026 nullus
1622 978 1703 1028 iudex
1736 980 1860 1043 publicus
1891 997 1941 1032 nec

261 1086 277 1133 o
302 1078 432 1142 episeopus
456 1092 505 1127 nec
527 1093 616 1128 comes
638 1077 681 1127 vel
703 1077 830 1143 quislibet
852 1093 884 1128 ex
906 1078 1048 1128 iudiciaria
1069 1083 1200 1142 potestate
1223 1061 1409 1128 constitutush
1439 1080 1556 1146 aliquam
1583 1098 1662 1145 super
1685 1099 1729 1133 cos
1752 1089 1873 1134 exerceat
1895 1102 1940 1149 po-

300 1186 412 1231 testatem
434 1196 485 1232 nec
507 1197 588 1246 super
610 1198 701 1233 eorum
723 1197 817 1233 causas
840 1197 889 1232 nec
912 1196 991 1245 super
1016 1180 1131 1229 familias
1161 1162 1271 1230 eorum'l
1298 1181 1370 1231 intus
1399 1181 1441 1232 vel
1470 1182 1534 1232 loris
1563 1164 1713 1246 consessas,
1747 1185 1792 1235 sed
1822 1186 1939 1236 eiusdem

299 1286 443 1335 monasterii
467 1287 551 1337 abbae
573 1288 732 1351 potestative
755 1303 815 1337 cum
838 1288 893 1336 auis
916 1286 1052 1336 monachis
1075 1285 1108 1334 ad
1131 1285 1236 1334 illorum
1259 1285 1422 1334 necessarios
1452 1300 1516 1334 usus
1544 1285 1652 1335 firmiter
1679 1287 1828 1351 possideat3
1858 1294 1883 1337 et
1906 1283 1941 1338 ui

296 1388 383 1439 nullus
396 1406 412 1436 a
426 1389 490 1440 inde
512 1391 651 1455 quippiam
671 1397 789 1456 prestare
811 1390 892 1441 alicui
914 1392 942 1439 in
961 1390 1122 1440 ‚beneficium
1145 1395 1287 1454 presumat,
1310 1390 1356 1439 sed
1379 1390 1427 1438 sub
1452 1396 1542 1440 nostra
1564 1391 1717 1440 defensione
1740 1399 1766 1440 et
1789 1393 1941 1442 emunitatis

294 1493 404 1543 tuitione
426 1509 469 1544 res
490 1493 598 1544 illorum
620 1495 809 1560 perpetualiter
830 1499 1002 1560 permaneant
1024 1494 1057 1543 aa
1081 1495 1194 1553 illorum,
1218 1500 1247 1543 ut
1270 1508 1351 1558 supra
1373 1492 1495 1554 diximus,
1520 1495 1682 1544 necessarios
1704 1511 1777 1544 usus.
1808 1512 1824 1542 a
1853 1496 1888 1544 Et
1911 1502 1942 1544 ut

230 1594 264 1640 10
288 1594 342 1645 lree
364 1598 508 1646 auctoritas
531 1597 611 1646 huius
633 1578 810 1647 emunitatisk
833 1612 865 1646 ae
887 1596 1094 1647 confirmationis
1117 1602 1205 1662 nostre
1228 1582 1351 1645 firmior
1373 1580 1532 1646 habeatur
1554 1601 1581 1645 et
1602 1613 1649 1660 per
1671 1597 1761 1646 futura
1784 1602 1903 1662 tempora
1925 1615 1941 1647 a

282 1696 413 1748 fidelibus
435 1701 535 1750 nostris
557 1701 647 1751 verius
670 1700 792 1751 credatur
814 1706 840 1751 et
862 1700 1015 1765 diligentius
1039 1703 1208 1762 observetur,
1242 1716 1322 1750 mauu
1349 1702 1456 1765 propria
1485 1700 1577 1750 subter
1599 1716 1656 1750 eam
1680 1701 1892 1752 confirmavimus
1915 1708 1941 1752 ct

278 1801 372 1851 anulo
393 1784 505 1853 nostro¹
528 1803 639 1869 sigillari
661 1804 795 1853 iussimus.

392 1942 406 2024 ξ
428 1939 565 2026 Signum
589 1941 698 2006 domni
723 1941 854 2007 Ottonis
880 1944 945 2023 (M.)
970 1945 1175 2008 invictissimi
1198 1945 1293 2028 regis.
1317 1946 1331 2026 ξ

392 2062 518 2147 {Brun
549 2061 827 2128 caucellarariusl
858 2062 1008 2127 advicem
1041 2064 1203 2129 Fridurici
1238 2065 1516 2151 archicappellani
1549 2065 1735 2148 recognovi.
1767 2067 1781 2148 ἐξ
1814 2066 1872 2146 (SI.
1897 2067 1937 2146 1.)

206 2171 242 2217 15
1771 2170 1840 2248 (SR.
1864 2169 1940 2248 NN.)
1971 2219 1975 2227 .

392 2321 482 2385 Data
505 2339 537 2384 v.
561 2320 605 2385 id.
627 2320 691 2386 feb.
715 2343 801 2387 anno
826 2321 949 2386 domini
973 2338 1226 2405 cccccxuvnn,
1256 2322 1432 2387 indictione
1457 2341 1522 2405 vn,
1553 2333 1709 2408 regnante
1734 2325 1938 2388 serenissimo

264 2443 366 2507 rege
389 2422 510 2488 Ottonc
532 2446 620 2488 anno
644 2442 707 2506 xv3
731 2434 840 2489 actum
863 2426 1079 2507 Vuormacia3
1106 2427 1139 2489 in
1163 2426 1295 2490 domino
1319 2426 1455 2491 feliciter
1477 2449 1582 2491 amen.

1077 2665 1162 2738 121.

291 2836 379 2910 Otto
395 2839 471 2935 pibt
489 2837 569 2910 dero
582 2837 726 2910 Kloster
747 2838 993 2935 Weisscnburp
1012 2839 1070 2911 dic
1093 2837 1288 2910 deorselbea
1310 2837 1585 2912 widcrrccbtlicb
1603 2851 1817 2936 catraperseta
1833 2840 1939 2912 Zina-

206 2970 252 3015 *ἐϋ
283 2954 381 3029 lerata
401 2957 543 3030 zatt'lclr‘.
1475 2995 1577 3069 Speier
1600 3000 1662 3057 950
1685 2999 1822 3056 Februor
1843 3002 1895 3059 26.

394 3202 544 3275 Sclropflin
566 3202 628 3260 Als.
653 3202 726 3274 dr'pl.
750 3207 784 3271 1,
810 3206 874 3263 112
900 3207 934 3258 a⁰
957 3206 1020 3261 137
1049 3219 1105 3259 aras
1133 3201 1249 3260 dorrrals
1278 3204 1311 3259 ia
1340 3203 1545 3275 Weisseaburp
1568 3203 1767 3273 bcfinrllichem
1793 3203 1938 3277 Oripirarl,

392 3307 473 3364 nebat
496 3306 584 3363 Facs.
609 3307 665 3363 tob.
690 3311 733 3365 17
754 3304 804 3384 (A)
829 3306 1093 3365 :Serranorum
1117 3302 1184 3364 Cod.
1208 3311 1242 3374 1,
1268 3307 1308 3364 66
1331 3312 1364 3363 πθ
1386 3310 1437 3375 36,
1463 3330 1502 3358 =
1527 3307 1732 3380 Spuapeabcro
1754 3308 1850 3365 Lchrc
1875 3327 1940 3367 com

397 3409 678 3468 [rhaude-rebeccae
692 3413 722 3477 2,
740 3412 804 3468 142
824 3413 859 3466 πθ
873 3412 925 3477 36,
951 3432 989 3459 =
1017 3409 1109 3466 Zeuss
1134 3408 1222 3465 Trud.
1248 3410 1434 3482 Wiseabarp.
1451 3413 1514 3470 265
1536 3417 1571 3468 πθ
1584 3414 1658 3471 277.
1681 3444 1724 3454 -
1746 3412 1829 3469 Mon.
1846 3412 1940 3471 Boe’ea

392 3517 459 3581 31⁰,
476 3516 538 3572 195
554 3511 819 3571 a⁰100ousdem
836 3511 905 3571 (lod.
918 3511 1129 3582 Rurlolplriaas
1144 3528 1208 3568 com
1225 3511 1256 3569 J.
1271 3515 1364 3572 1582.
1381 3547 1423 3555 -
1440 3514 1739 3587 Bdlrotchep.170.
1757 3548 1799 3557 -
1816 3515 1944 3588 Stampf

394 3616 466 3687 ileo.
484 3618 556 3673 184.

393 3769 469 3828 Dcm-
492 3770 644 3830 Scbreiber
665 3769 732 3829 BE.
757 3770 832 3829 wird
853 3788 925 3829 raon
947 3772 1022 3829 ottob
1046 3770 1101 3829 das
1123 3770 1226 3828 Dictat
1248 3771 1373 3844 beileyen
1395 3771 1520 3843 dursac,
1556 3774 1588 3831 ia
1610 3774 1726 3834 roelclrcs
1748 3776 1809 3834 siclt
1832 3776 1884 3834 der
1906 3777 1939 3834 ia

392 3874 656 3932 Pricotmlundea
675 3874 832 3948 pcldafpe‚
868 3873 923 3932 dea
945 3875 1219 3947 Koniysorromteo
1242 3877 1312 3932 rebar
1333 3874 1448 3946 fre-mdc
1470 3875 1630 3934 Arisdraclr
1658 3879 1791 3952 apposita
1813 3896 1938 3953 persona

394 3976 428 4055 (s.
446 3978 483 4035 R.
501 3977 620 4051 Licino
640 3979 797 4052 Urspraap
819 3978 883 4036 aad
898 3977 1048 4037 reclrtticbe
1063 3977 1240 4051 Bcdcutuup
1256 3978 1309 4036 der
1324 3978 1546 4050 Strolblcrrscla
1560 3978 1615 4057 22)
1633 3982 1861 4054 eirpcsclrlichea
1879 3985 1937 4041 hot.

395 4182 454 4263 (0.)
478 4177 492 4259 Ξ
514 4183 552 4246 In
575 4183 706 4247 nomine
730 4191 863 4246 sanctae
887 4190 919 4244 et
941 4181 1129 4246 individuae
1154 4184 1315 4246 trinitatis
1356 4181 1433 4247 Otto
1458 4182 1508 4246 dei
1532 4185 1638 4267 gratia
1660 4208 1729 4248 rex.
1816 4185 1939 4250 Notum

255 4291 284 4341 30
299 4285 335 4349 sit
362 4286 512 4351 omnibus
540 4285 691 4351 fidelibus
720 4287 839 4350 nostris
868 4286 1073 4371 presentibus
1102 4287 1227 4352 scilicet
1255 4297 1287 4352 et
1309 4287 1441 4368 futuris,
1478 4284 1617 4371 qualiter
1638 4309 1698 4350 nos
1723 4287 1764 4350 ob
1788 4300 1938 4351 aeternae

297 4389 511 4454 retributionis
533 4389 547 4470 Β
569 4391 718 4453 meritum
741 4399 773 4452 ct
795 4411 853 4473 per
873 4388 1137 4454 beatissimorum
1160 4389 1384 4475 apostolorum
1407 4389 1493 4452 Petri
1516 4400 1548 4452 ct
1570 4389 1663 4453 Pauli
1688 4391 1842 4474 suffragia
1861 4415 1938 4476 quo-

297 4513 361 4556 rum
383 4492 589 4556 clementiam
612 4494 645 4555 in
668 4491 973 4576 Uuizzunburgensi
1003 4493 1162 4558 coenobio
1192 4493 1358 4557 humiliter
1387 4491 1640 4577 adquisivimus,
1671 4504 1702 4557 et
1724 4516 1782 4579 pro
1807 4506 1937 4558 aeterna

296 4595 513 4682 redemptione
536 4595 746 4678 dilectissime
769 4597 917 4678 coniugis
940 4605 1072 4660 nostrae
1095 4595 1244 4680 Aetgidis
1267 4618 1326 4660 nec
1349 4618 1416 4660 non
1439 4607 1471 4659 et
1493 4618 1551 4681 per
1573 4608 1741 4682 precatum
1766 4599 1938 4663 karissime

296 4698 376 4764 filiae
398 4699 589 4784 Luitgardis
613 4708 710 4783 atque
733 4698 823 4762 Brun
845 4699 954 4761 fratris
978 4700 1081 4763 nostri
1103 4698 1250 4763 homines
1275 4698 1443 4763 censuales
1467 4699 1510 4762 ad
1532 4699 1633 4764 altare
1657 4701 1803 4765 eiusdem
1833 4704 1937 4766 sancti

259 4802 375 4867 spesi
405 4802 542 4867 traditos
571 4812 603 4866 ct
631 4803 749 4865 iniuste
780 4801 962 4865 abstractos
991 4812 1088 4887 atquc
1116 4824 1176 4887 per
1202 4801 1305 4866 multa
1333 4813 1481 4887 tempora
1510 4805 1543 4866 in
1569 4803 1763 4867 beneficium
1786 4804 1936 4869 redactos

294 4908 359 4991 ipso
383 4906 478 4971 altari
501 4927 540 4968 ac
563 4904 717 4970 fratribus
741 4903 806 4968 illic
831 4903 891 4968 deo
915 4905 1147 4987 militantibus,
1177 4907 1210 4970 in
1240 4906 1499 4992 quibuscumque
1528 4905 1608 4970 locis
1632 4909 1733 4970 nostri
1757 4910 1847 4991 regni
1871 4931 1937 4971 ma·

295 5019 402 5092 neant,
425 5011 624 5074 restituimus
648 5031 687 5072 ac
711 5008 940 5095 perpetualiter
963 5009 1204 5092 condonamus,
1236 5033 1274 5075 co
1297 5009 1449 5074 videlicet
1471 5013 1606 5075 rationis
1629 5020 1739 5074 tenore
1764 5022 1799 5076 ut
1820 5013 1937 5077 iratres

295 5113 424 5197 predicti
448 5113 598 5177 coenobii
622 5115 711 5198 ipsos
734 5112 903 5177 censuales
926 5114 969 5177 ad
992 5113 1164 5179 luminaria
1187 5113 1416 5179 concinnanda
1438 5126 1471 5178 et
1493 5114 1536 5178 ad
1558 5113 1686 5178 illorum
1701 5117 1824 5180 victum
1839 5127 1937 5202 atquc

295 5219 443 5283 vestitum
472 5218 540 5281 iure
569 5225 666 5302 atque
695 5216 838 5300 legitime
861 5227 893 5279 ct
916 5217 985 5279 sine
1008 5216 1105 5282 ullius
1137 5217 1296 5284 obstaculi
1326 5217 1557 5304 impedimento
1588 5240 1662 5282 cum
1694 5220 1781 5282 omni
1810 5241 1937 5304 posses·

255 5327 282 5376 4⁰
296 5322 379 5385 sione
408 5320 538 5385 illorum
568 5330 701 5384 teneant
730 5330 827 5405 atquc
853 5318 1053 5405 possideant.
1099 5321 1173 5387 Hoc
1197 5345 1324 5409 quoquc
1347 5322 1456 5405 regiae
1479 5321 1649 5406 potcstatis
1672 5330 1803 5385 nostrae
1826 5332 1937 5386 aucto·

376 5523 432 5578 120.
460 5527 484 5585 c)
504 5542 530 5576 ss
554 5525 634 5588 sofort
652 5541 717 5577 corr.
734 5542 782 5578 aua
805 5533 829 5578 st
931 5527 952 5590 l)
971 5529 1156 5587 immunitatis,
1177 5527 1273 5593 jcdoclr
1295 5530 1330 5578 im
1354 5526 1437 5578 durch
1455 5527 1555 5578 Puakta
1571 5526 1622 5591 fili·
1643 5526 1752 5592 cupillip
1773 5526 1881 5591 erklr'irt,
1909 5530 1938 5577 iu

459 5594 507 5645 dar
523 5594 577 5646 VU.
596 5598 745 5647 emunitatis
847 5600 875 5663 g)
894 5603 924 5647 ut
941 5595 1103 5657 wiederlrolt,
1122 5597 1195 5646 dono
1211 5596 1293 5647 durch
1311 5595 1412 5646 Paulae
1427 5596 1515 5662 patilqt
1619 5595 1645 5657 h)
1665 5599 1807 5660 constitus,
1825 5603 1855 5647 ut
1876 5597 1938 5647 tiber

460 5663 508 5713 dar
524 5664 594 5714 Zeila
610 5663 798 5730 uacbpatrapan
900 5669 919 5729 i)
939 5682 1029 5716 eorum
1047 5665 1108 5715 iiber
1125 5665 1171 5714 der·
1189 5665 1257 5715 Zeila
1273 5664 1461 5730 necbpetraqea
1563 5664 1592 5725 k)
1613 5682 1627 5715 e
1645 5664 1698 5727 aas
1707 5664 1804 5728 Bucar,
1823 5666 1878 5715 alra
1895 5682 1937 5716 ur·

460 5732 612 5805 rpniaqlicb
628 5732 697 5783 woltl
718 5736 755 5784 im
857 5733 877 5796 l)
894 5742 983 5786 nostro
1004 5733 1066 5784 oce
1082 5733 1131 5784 aer
1146 5733 1216 5785 aeta
1233 5733 1426 5801 moyarapea

1670 5823 1731 5887 26*
