4298 6414
218 445 281 509 548
815 450 1265 509 KAISERURKUNDEN.

218 635 297 699 lium
320 635 446 698 noverit
468 633 636 713 industria,
661 631 797 696 Paulum
820 631 975 696 abbatem
997 631 1186 697 monasterii
1210 633 1316 696 sancti
1330 630 1498 698 Uinecntii
1516 635 1697 699 interventu
1709 634 1823 706 Pandulfi

220 738 376 822 principis
400 746 432 800 et
455 734 651 799 marchionis
673 736 776 799 nostri
799 733 904 798 fidelis
928 733 1130 799 dilectissimi
1157 733 1279 799 adiisse
1308 745 1458 799 nostram
1486 733 1705 817 clementiam,
1732 740 1821 822 proch-

219 860 312 902 mans
342 859 376 900 se
405 837 444 900 de
475 836 669 922 quibusdam
698 836 828 899 famulis
858 838 907 901 sui
936 839 1124 901 monasterii
1155 839 1209 921 qui
1239 837 1321 902 alias
1350 836 1498 902 diversas
1528 840 1722 923 presumtive
1745 851 1821 924 partes

219 950 333 1026 petunt
355 951 387 1004 et
410 939 528 1004 callide
552 939 628 1003 dato
653 941 756 1023 pretio
781 940 947 1025 inquirunt
970 937 1032 1005 sibi
1056 949 1262 1021 causatores,
1290 949 1328 1004 ut
1351 940 1415 1005 siut
1438 941 1485 1004 eis
1509 949 1611 1004 testes
1636 940 1785 1027 libertatis,
1800 964 1821 1014 et

219 1066 415 1128 componere
443 1043 569 1109 faciunt
598 1042 658 1106 sibi
688 1043 836 1124 notitias,
872 1054 907 1107 ut
935 1043 997 1108 hae
1027 1045 1202 1109 occasione
1232 1044 1326 1109 liberi
1355 1067 1425 1109 csse
1455 1045 1590 1109 valeant
1621 1055 1653 1110 et
1681 1069 1700 1110 a
1728 1054 1841 1120 sarritiot

219 1148 408 1211 monasterii
438 1148 490 1210 cui
520 1145 639 1209 debent
669 1146 789 1209 servire
819 1146 966 1231 legaliter
994 1148 1087 1210 eruti.
1131 1146 1201 1211 Nos
1229 1170 1307 1212 vero
1343 1148 1420 1213 dum
1454 1147 1535 1212 talia
1570 1148 1758 1235 audivimus,
1782 1177 1820 1240 pro

218 1250 441 1334 redemptione
463 1252 570 1313 anime
594 1258 704 1313 nostre
728 1259 760 1312 et
779 1258 864 1313 statu
883 1250 1072 1314 monasterii
1091 1250 1238 1334 predicto
1257 1250 1369 1315 abbati
1390 1272 1515 1336 suoque
1535 1255 1729 1318 monasterio
1745 1269 1821 1325 nosue

218 1353 424 1416 auctoritatis
448 1360 479 1415 et
502 1350 758 1415 confirmationis
782 1352 934 1415 iussimus
956 1351 1025 1415 fieri
1048 1353 1212 1437 paginam,
1236 1363 1272 1419 ut
1294 1355 1326 1418 iu
1349 1375 1555 1440 quocumque
1577 1354 1652 1421 loco
1674 1356 1717 1420 illi
1737 1359 1821 1426 iudiea-

219 1467 272 1519 tus
301 1455 421 1517 inventi
453 1454 586 1535 fuerint,
617 1456 686 1518 sive
713 1456 746 1517 in
777 1454 1000 1519 marchionum
1030 1456 1193 1539 presentia
1214 1456 1268 1520 vel
1296 1458 1525 1542 episcoporum
1550 1467 1609 1524 aut
1631 1463 1769 1527 comitum
1785 1485 1823 1529 seu

220 1559 374 1639 iudicum,
399 1559 508 1621 statim
524 1558 588 1621 sint
604 1557 741 1641 disrupti
756 1558 823 1621 cesi
848 1558 943 1622 divisi
966 1566 1064 1643 atquc
1087 1559 1247 1623 confracti
1269 1570 1426 1645 tauquam
1444 1569 1522 1625 aute
1537 1562 1643 1625 nostu‘
1658 1567 1823 1647 presentiam
1834 1590 1853 1636 ro

220 1662 357 1744 Insuper
387 1669 564 1724 statuentes
594 1661 790 1745 precipimus
819 1671 931 1725 nostra
962 1662 1106 1725 iussione
1135 1672 1166 1725 et
1194 1661 1331 1745 iudicio,
1361 1671 1396 1728 ut
1423 1661 1533 1728 nullus
1557 1666 1601 1729 sit
1624 1666 1728 1750 quiin
1748 1667 1823 1754 aliquo

220 1765 341 1851 placito
365 1773 486 1828 tortum
510 1763 630 1828 audeat
654 1765 760 1829 dicere
782 1765 951 1830 monachis
975 1767 1040 1830 iam
1063 1764 1140 1830 dicti
1164 1765 1360 1832 venerabilis
1383 1768 1573 1832 monasterii
1598 1776 1656 1832 aut
1677 1790 1775 1834 eorum
1789 1771 1825 1835 ad-

219 1867 445 1949 vocatoribus,
480 1889 557 1931 nam
586 1869 752 1952 inquisitio
782 1889 845 1952 que
875 1870 962 1933 facta
995 1870 1092 1934 fuerit
1121 1869 1163 1934 ab
1194 1868 1379 1935 homiuibus
1409 1868 1521 1934 liberis
1558 1868 1826 1952 [circamanentibm

220 1968 353 2055 super]²
375 1993 426 2033 res
450 1981 481 2033 et
503 1968 699 2034 hereditates
723 1970 774 2033 vel
797 1971 938 2035 familias
961 1974 1064 2057 ipsius
1086 1975 1285 2055 monasterii,
1310 1973 1482 2037 statuimus
1504 1984 1542 2039 ut
1562 1974 1658 2038 firma
1676 1989 1828 2060 permaneat

220 2095 278 2156 per
300 2072 394 2136 huius
417 2074 519 2136 nostri
544 2072 716 2136 munburdi
739 2075 902 2157 paginam.
949 2075 1153 2161 Quicumque
1175 2098 1252 2141 vero
1276 2077 1361 2141 hanc
1383 2085 1531 2141 nostram
1554 2079 1773 2143 auctoritatem
1787 2080 1859 2145 irs-15

219 2176 317 2259 gerit,
342 2177 425 2238 sciat
449 2197 483 2239 se
506 2177 762 2258 compositurum
787 2179 856 2240 auri
881 2180 994 2262 optimi
1017 2178 1117 2243 libras
1140 2188 1286 2262 centum,
1318 2178 1527 2244 medietatem
1551 2201 1680 2245 camere
1700 2192 1794 2247 nostre
1809 2196 1831 2248 et

220 2278 427 2343 medietatem
457 2277 569 2342 abbati
598 2281 814 2363 prenominati
845 2282 1034 2344 monasterii
1063 2282 1118 2367 qui
1147 2279 1193 2347 ibi
1221 2302 1280 2367 pro
1310 2291 1456 2365 tempore
1486 2303 1620 2367 preesse
1643 2283 1729 2347 visus
1752 2284 1830 2349 tirerit

221 2382 319 2462 Quod
342 2390 378 2445 ut
401 2383 507 2445 verius
531 2382 682 2446 credatur
705 2392 738 2446 et
760 2382 988 2449 inconvulsum
1011 2393 1217 2468 permaneat,
1251 2384 1349 2469 sigilli
1377 2387 1481 2450 nostri
1510 2387 1726 2472 impressione
1752 2386 1832 2451 subter

220 2486 367 2569 insigniri
391 2485 553 2549 iussimus.

323 2624 438 2687 Petrus
462 2621 675 2686 cancellarius
700 2621 848 2686 advicem
863 2622 1002 2687 Huberti
1026 2625 1172 2710 episcopi
1196 2633 1228 2689 et
1250 2623 1529 2690 archicancellarii
1551 2627 1728 2709 recognovi
1742 2626 1866 2691 etat-2⁰

221 2728 346 2811 scripsi.

323 2864 413 2927 Data
436 2880 470 2927 x.
493 2862 559 2926 hal.
583 2862 683 2927 madii
708 2885 793 2926 anno
819 2863 980 2927 dominice
1003 2864 1238 2928 iucarnationis
1261 2879 1481 2947 Dccccnxxn,
1506 2864 1635 2949 imperii
1654 2886 1731 2929 vero
1752 2863 1861 2945 donni!

221 2967 353 3033 Ottonis
378 2969 575 3033 serenissimi
598 2967 805 3051 imperatoris
829 2984 850 3029 x
858 3015 867 3049 ,
890 2967 1067 3033 indictione
1092 2985 1188 3050 xl1113
1211 2977 1321 3033 actum
1342 2967 1515 3050 Ravennc3
1545 2966 1608 3032 deo
1632 2967 1769 3052 propitio
1790 2964 1838 3031 feli·

220 3074 300 3137 citer
323 3094 428 3136 amen.

1001 3288 1086 3363 403.
1852 3308 1875 3358 a

230 3450 310 3525 Otto
339 3450 500 3547 bestdtipt
525 3448 595 3521 den
621 3446 854 3551 thirorrilcern
880 3445 944 3518 der
961 3444 1093 3518 Kircltc
1110 3470 1154 3517 za
1172 3444 1330 3517 Mantua
1358 3445 1467 3519 dorca
1485 3445 1679 3519 Besitztitel
1704 3444 1843 3519 aroildis

223 3570 436 3641 Imraaaitttt
459 3568 539 3640 aad
562 3567 710 3640 eerler'ht
736 3567 843 3639 iimcc
862 3565 1088 3661 processuole
1116 3563 1309 3639 Vorrechts.
1435 3618 1476 3627 -
1500 3590 1560 3646 971
1585 3587 1748 3646 Nor-orator
1768 3590 1813 3646 13.

324 3794 510 3853 Braclmtticls
533 3794 583 3852 des
610 3792 872 3867 Oripirtoldiploms
897 3793 937 3849 ira
961 3789 1217 3851 Cethedruiorchte
1238 3808 1278 3847 aa
1300 3791 1431 3849 Maeniam
1452 3790 1512 3868 (A).

326 3949 430 4019 liutici
445 3950 523 4008 olna.
549 3949 579 4005 di
595 3948 738 4005 Meritone
761 3944 1091 4023 (Tortouo1675)3dti
1107 3946 1228 4018 Frupm.
1252 3978 1294 3986 -
1318 3943 1445 4018 Sta-laps
1464 3944 1540 4004 Aeto
1563 3946 1641 4004 iacd.
1667 3949 1728 4006 615
1752 3952 1783 4004 πθ
1799 3947 1849 4005 131

324 4072 380 4112 citas
405 4052 663 4125 0011111313.-
688 4049 816 4122 Sta-urps
833 4050 904 4122 Rep.
930 4052 1001 4108 197.
1864 4059 1887 4107 so

325 4209 517 4268 {lescltriehea
541 4224 593 4265 rou
616 4206 656 4264 It.
679 4207 717 4263 Ε.
748 4236 790 4246 -
819 4205 883 4262 Der
905 4203 998 4262 rechtc
1019 4203 1109 4261 Balad
1131 4203 1183 4259 der·
1209 4202 1350 4262 Urhuudc
1377 4204 1416 4260 ist
1444 4203 1661 4274 chasselinitten
1691 4202 1754 4260 tired
1775 4219 1852 4269 sicar,

327 4316 378 4371 reio
396 4314 444 4371 dic
459 4312 591 4384 Faltarip
607 4310 738 4379 (tertiari,
763 4311 795 4366 ia
816 4309 926 4367 seleher
940 4308 1042 4365 Breitc
1064 4307 1133 4364 dass
1156 4323 1210 4363 cors
1225 4305 1312 4378 jeder·
1328 4303 1514 4376 Schriftscile
1536 4309 1610 4363 diseo
1635 4303 1855 4365 troentinate

323 4418 393 4475 citer
416 4421 489 4475 etna
512 4419 552 4474 «lo
569 4415 756 4473 Baehstohea
775 4412 880 4482 selden.
915 4412 958 4469 Ist
982 4411 1075 4469 ‹lustrit
1097 4410 1151 4467 cleis
1167 4409 1253 4467 Mass
1276 4408 1328 4466 der
1343 4409 1564 4481 Erythras-aperi
1583 4411 1719 4482 gegeben,
1742 4427 1773 4468 se
1794 4426 1856 4467 caia

329 4521 411 4579 'l'heil
432 4521 507 4578 retich
530 4518 581 4576 der
604 4518 760 4585 Wortloat,
786 4516 917 4573 insonuit
941 4513 1066 4571 rainrlieh
1090 4513 1134 4571 als
1157 4530 1216 4571 aus
1240 4515 1313 4570 eiust
1338 4529 1387 4569 citt
1402 4512 1488 4570 Erato
1510 4511 1562 4569 der
1580 4512 1682 4571 Zeilea
1704 4513 1801 4583 stand,
1823 4529 1857 4571 aa

322 4626 451 4683 irrideres
476 4622 583 4682 Stellea
607 4622 698 4680 dieses
721 4620 761 4678 I).
786 4619 854 4677 oder
877 4620 908 4674 in
930 4617 983 4674 der
1004 4617 1136 4674 ricerdieh
1155 4616 1249 4689 plcieh
1272 4615 1430 4673 luiiteadea
1453 4615 1647 4690 Bestritipunq
1670 4617 1811 4676 Heinrich
1831 4629 1892 4681 hat

325 4747 385 4786 ram
410 4729 441 4787 J.
464 4733 544 4786 11111
569 4724 710 4803 (D'Areo
734 4723 822 4795 scorp·
845 4725 961 4780 intorno
983 4721 1014 4778 al
1037 4721 1198 4791 iri-riaieipio
1221 4718 1252 4776 di
1273 4716 1644 4795 1111101111401114)
1669 4719 1859 4777 iriederlelrrt.

324 4832 408 4890 ilarii.
433 4849 473 4888 ero
497 4830 558 4887 dics
581 4829 659 4886 reiciet
683 4828 734 4885 der
749 4825 819 4884 Fati
842 4827 888 4895 ist,
913 4825 1009 4882 Iessea
1031 4824 1089 4882 sich
1114 4823 1160 4880 dic
1176 4822 1297 4880 ariel-oi
1320 4823 1363 4879 tis
1386 4819 1449 4891 (rus
1466 4823 1530 4879 cina
1547 4823 1600 4879 neit
1615 4822 1713 4892 Haisa
1728 4822 1861 4895 arsaloqer

324 4935 486 4994 lf'rlramlea
515 4931 678 5004 (irrsfttllea.
724 4931 794 4989 Nar·
822 4929 877 5000 ftis·
906 4929 953 4986 die
981 4930 1031 4986 15.
1057 4927 1135 4984 Zeila
1163 4927 1256 4984 liabeo
1278 4927 1333 4982 wir
1356 4926 1420 4982 rinc
1450 4924 1660 4982 crisreieheude
1681 4926 1861 4999 Erythram

322 5043 400 5098 naht
423 5037 650 5109 rorsascldapea
675 5038 796 5108 perrupi.
842 5033 887 5090 Isi
909 5033 972 5089 hier
994 5030 1201 5101 alteritatem
1223 5028 1286 5085 dem
1307 5027 1439 5099 pleieliea
1462 5026 1737 5098 Berosisvcrfahren
1760 5030 1811 5087 aie
1832 5030 1862 5085 ia

324 5145 419 5201 11111).
444 5146 517 5210 151,
540 5144 614 5208 261,
637 5141 711 5207 265,
737 5140 798 5196 429
822 5134 892 5194 orlei·
915 5135 966 5191 ieie
989 5134 1030 5189 im
1051 5133 1090 5190 D.
1107 5130 1233 5192 Koarad
1251 5138 1290 5188 11.
1315 5129 1444 5202 Sturnps
1454 5130 1525 5202 lisy.
1540 5133 1626 5189 2115
1650 5130 1699 5189 dic
1723 5131 1810 5199 Reda,
1831 5147 1861 5189 so
1875 5146 1892 5195 a

320 5246 405 5305 ttrite
429 5245 499 5303 eloah
524 5242 651 5315 simplicii
674 5242 707 5299 ot
730 5240 821 5298 dimas
843 5239 977 5296 Verrceht
1001 5237 1056 5295 <len
1073 5233 1259 5295 Oiarsoaitera
1283 5252 1336 5293 eon
1352 5235 1481 5293 duritas
1503 5252 1564 5293 aar
1585 5232 1641 5305 fair
1658 5234 1714 5293 <lea
1730 5236 1800 5294 Fati
1814 5235 1861 5294 des

326 5351 467 5409 l'rriastes
491 5348 543 5405 der
566 5343 837 5404 ltcaeisarlaaders
859 5342 930 5400 oder
953 5339 1007 5411 [tir
1029 5340 1084 5396 alle
1102 5339 1187 5397 Fr'tlle
1208 5356 1263 5396 eoa
1279 5337 1589 5409 Besitsstreitiptciten
1611 5338 1758 5396 serastes
1782 5337 1860 5396 reird.

322 5456 408 5515 tiara
432 5454 567 5510 laniatore
588 5450 660 5507 aoth
685 5446 817 5517 sornnellc
833 5443 1094 5516 Srhroieripleiten.
1118 5442 1177 5499 Dic
1200 5444 1263 5499 ciac
1285 5443 1339 5499 rar
1362 5440 1410 5499 dic
1424 5441 1532 5498 aridem
1546 5439 1756 5514 Restitit-muno
1771 5438 1861 5512 erfor-

320 5564 381 5617 1,]
407 5560 493 5615 riui-a
516 5557 654 5626 [amorra
675 5550 859 5618 Vordcrsuts,
889 5566 929 5605 sa
952 5547 1052 5605 dassen
1072 5544 1364 5616 Ver-eollstttadiyunq
1387 5546 1427 5602 10
1450 5542 1639 5602 Baclrstuten
1658 5545 1764 5617 semim
1785 5543 1861 5602 nicht

304 5730 360 5783 m.
401 5724 498 5793 eschol]
605 5726 631 5782 a)
650 5722 679 5770 ia
696 5719 720 5769 A
737 5715 887 5778 Liickejitr
904 5717 1014 5766 10-12
1032 5711 1202 5763 Buchstcbea.
1875 5712 1892 5758 p
