4298 6414
933 439 1059 496 ΟΤΤΟ
1081 441 1106 497 Ι.
1129 436 1203 497 973.

1026 618 1115 695 432.

259 770 336 846 Otto
364 771 505 844 soberrlrt
530 772 609 844 dem
631 771 776 844 Klostel·
802 772 1100 846 Nicdermilustcr
1124 800 1170 847 zu
1192 775 1422 873 chcnsburp
1447 777 1524 849 seia
1544 775 1729 875 Elpcnqut
1750 776 1891 849 Beotel·

250 893 393 965 bonesen.
1404 916 1577 991 Mersebarq
1599 922 1662 978 973
1685 917 1775 991 Apol
1795 921 1848 977 27.

355 1100 602 1174 Ortyiacldiplom
625 1104 666 1160 im
687 1101 714 1158 k.
731 1101 938 1160 Reicluurclrio
958 1119 1000 1160 aa
1020 1101 1171 1160 Mencken
1194 1100 1257 1180 (A).

351 1240 491 1298 Parisios
514 1239 714 1298 Allemcaeste
734 1239 845 1298 Nacbr.
868 1255 924 1297 von
946 1238 1003 1297 den
1024 1238 1260 1310 Rcichsstifftem
1281 1240 1314 1296 in
1336 1240 1527 1313 Reqensburo
1548 1243 1612 1300 162
1640 1243 1688 1300 et.
1717 1259 1774 1301 aas
1797 1242 1823 1298 Α
1853 1260 1893 1300 aa

352 1344 424 1400 974.
447 1374 490 1384 -
516 1341 652 1414 Zimqibl
672 1344 705 1399 ia
727 1342 807 1401 Hist.
824 1340 898 1400 Aoo.
924 1341 976 1399 der
991 1343 1073 1415 bayr.
1091 1340 1253 1399 Aloudemie
1273 1344 1304 1412 2,
1327 1344 1393 1401 298
1415 1359 1472 1401 aas
1494 1341 1523 1401 A
1544 1344 1628 1401 aebst
1642 1344 1729 1402 Face.
1753 1376 1795 1387 -
1817 1345 1895 1402 Rau

354 1444 763 1516 CD.Ratisboa.·1‚103a⁰
781 1448 840 1505 109
863 1461 920 1503 aas
935 1445 963 1502 A
985 1463 1026 1503 aa
1041 1449 1113 1506 974.
1137 1477 1179 1488 -
1200 1445 1284 1505 Mon.
1302 1444 1395 1503 Boica
1415 1447 1482 1516 28⁰,
1506 1450 1571 1505 197
1591 1451 1626 1503 n⁰
1641 1449 1704 1505 136
1726 1464 1783 1505 aras
1798 1447 1835 1505 A.
1852 1481 1894 1491 -

353 1548 483 1607 Bohmer
503 1548 574 1622 Ray.
599 1551 671 1608 402.
695 1582 738 1590 -
762 1548 892 1621 Stampf
909 1550 981 1622 Rea.
1006 1553 1077 1609 629.

355 1685 489 1757 Versusst
511 1687 576 1745 aad
595 1687 780 1759 nemaeum
801 1703 857 1744 oon
879 1686 954 1747 WB.

208 1883 234 1930 ro
349 1873 408 1954 (C.)
431 1871 445 1954 ll
466 1872 505 1936 In
527 1875 659 1937 nomine
683 1882 815 1936 sanetae
839 1881 872 1936 et
892 1871 1080 1936 individuae
1103 1859 1265 1937 trinitatis.
1312 1871 1391 1939 Otto
1424 1874 1535 1940 divina
1562 1877 1693 1941 favente
1721 1875 1894 1942 clementia

250 1979 427 2061 imperator
449 1986 615 2061 augustus.
703 1976 839 2041 Noverit
862 1979 1005 2041 omnium
1028 1977 1188 2041 industria
1209 1976 1355 2041 fidelium
1376 1987 1562 2043 nostrorum
1585 1989 1653 2044 tam
1676 1981 1895 2065 praesentium

250 2102 348 2165 quarn
370 2078 385 2161 ξ
407 2090 439 2144 et
460 2080 641 2145 futurorum
653 2090 675 2162 ¹,
700 2078 840 2165 qualiter
861 2102 922 2144 nos
942 2081 983 2144 ob
1002 2081 1218 2145 interventum
1234 2079 1465 2147 dilectissimae
1483 2084 1632 2166 coniugis
1647 2092 1779 2147 nostrae
1795 2082 1895 2147 Adel·

249 2183 368 2247 heidae
388 2204 449 2246 nec
472 2205 538 2247 non
561 2181 757 2247 venerabilis
781 2182 920 2247 domnae
943 2182 1071 2248 Iuditae
1100 2183 1263 2248 salubrem
1293 2187 1482 2270 petitionem
1506 2186 1670 2272 quoddam
1693 2188 1771 2250 iuris
1792 2188 1895 2252 nostri

250 2284 399 2368 predium
421 2283 630 2349 Butileshusa
652 2293 891 2368 nuncupatum,
920 2287 954 2349 in
984 2307 1070 2370 pago
1094 2285 1331 2351 Adalahkeuue
1360 2298 1393 2351 et
1419 2291 1452 2352 in
1483 2289 1641 2352 comitatu
1664 2288 1895 2354 Marchuuardi

206 2398 234 2445 15
251 2389 380 2452 comitis
412 2389 508 2451 situm
539 2387 843 2452 sanctimonialibus
872 2388 906 2451 in
936 2387 1016 2453 urbe
1044 2389 1234 2474 Ratespona
1264 2388 1308 2454 ad
1336 2389 1470 2454 inferius
1497 2391 1731 2457 monasterium
1762 2400 1896 2456 sanctae

250 2491 376 2555 Mariae
400 2493 569 2576 sanctique
593 2490 790 2555 confessoris
813 2489 953 2554 Erhardi
976 2490 1254 2556 commorantibus
1276 2501 1390 2556 nostra
1411 2492 1571 2576 imperiali
1595 2495 1742 2577 potentia
1763 2515 1896 2559 conces·

252 2596 354 2657 simus
376 2593 574 2679 firmiterque
597 2592 808 2673 donavimus,
845 2614 920 2658 cum
948 2595 1114 2680 utriusque
1138 2617 1236 2659 sexus
1259 2595 1431 2681 mancipiis
1454 2594 1606 2660 aedifitiis
1630 2599 1723 2661 terris
1747 2597 1842 2661 cultis
1865 2607 1898 2660 et

251 2697 382 2762 incultis
407 2699 508 2783 pratis
531 2698 663 2781 pascuis
686 2697 790 2760 vineis
814 2695 904 2760 silvis
927 2698 1021 2781 aquis
1044 2695 1292 2782 aquarumqueb
1315 2697 1505 2763 decursibus
1522 2698 1762 2783 piscationibus
1775 2697 1896 2763 molen-

251 2802 336 2865 dinis
359 2801 505 2886 locisque
528 2800 789 2865 molendinorum
811 2798 986 2865 mobilibus
1009 2811 1041 2864 et
1063 2799 1273 2865 inmobilibus
1288 2801 1351 2864 viis
1370 2811 1403 2865 et
1419 2801 1518 2865 inviis
1534 2802 1676 2866 exitibus
1693 2813 1725 2866 et
1739 2802 1896 2866 reditibus

206 2919 234 2966 to
252 2905 408 2989 quaesitis
438 2914 470 2969 et
498 2903 698 2989 inquirendis
727 2913 760 2967 et
787 2925 862 2967 cum
891 2903 1041 2968 omnibus
1065 2906 1134 2969 iure
1155 2902 1367 2989 legaliterque
1390 2904 1433 2969 ad
1455 2904 1537 2970 haec
1559 2905 1810 2989 pertinentibus,
1838 2904 1895 2969 tali

251 3009 388 3072 rationis
417 3017 529 3072 tenore
551 3017 587 3072 ut
610 3030 630 3071 a
652 3007 749 3071 nullis
777 3005 1020 3071 successoribus
1050 3007 1171 3071 nostris
1200 3006 1333 3091 regibus
1355 3006 1408 3071 vel
1437 3008 1688 3093 imperatoribus
1718 3007 1769 3073 vel
1798 3009 1896 3073 etiam

251 3109 397 3174 eiusdem
424 3112 514 3193 regni
545 3109 682 3174 ducibus
705 3130 854 3174 necnon
877 3109 1046 3175 abbatissa
1068 3108 1180 3195 aliqua
1208 3109 1294 3175 idem
1323 3111 1388 3175 iam
1411 3110 1534 3176 dietum
1556 3112 1705 3196 predium
1727 3112 1771 3175 ad
1793 3111 1896 3177 alta're

252 3225 386 3279 sanctae
401 3215 527 3278 Mariae
548 3213 703 3278 traditum
725 3213 801 3277 inde
824 3212 1030 3297 aliquatenus
1053 3212 1262 3278 abstrabatur
1282 3212 1335 3277 vel
1358 3215 1530 3295 minuatur,
1555 3215 1613 3279 sed
1634 3216 1728 3279 iuxta
1752 3217 1896 3299 precepti

251 3320 354 3382 nostri
378 3316 575 3382 soliditatem
599 3314 895 3380 sanctimonialium
917 3313 1093 3379 earundem
1116 3314 1169 3379 vel
1192 3317 1412 3400 praesentium
1434 3313 1488 3380 vel
1509 3315 1691 3381 intimarum
1706 3317 1805 3380 victui
1830 3325 1897 3380 cot·

206 3441 234 3487 as
251 3420 378 3485 tidiano
402 3443 441 3484 ac
464 3421 649 3485 necessario
679 3419 768 3483 nulla
797 3418 1032 3484 interturbante
1060 3440 1202 3504 persona
1232 3418 1402 3483 deserviat.
1447 3418 1491 3482 Et
1513 3428 1549 3483 ut
1570 3418 1633 3484 hoc
1656 3429 1803 3484 nostrum
1827 3441 1897 3504 prq-

252 3534 383 3609 ceptum
405 3523 529 3588 firmius
552 3523 712 3608 perpetim
734 3524 861 3586 cunctis
880 3520 1040 3603 credatur,
1063 3521 1149 3586 hanc
1165 3531 1289 3587 cartam
1306 3521 1437 3586 inscribi
1454 3545 1617 3608 manuque
1633 3525 1766 3608 propria
1783 3523 1896 3589 subtus

251 3626 441 3692 roboratam
463 3624 561 3689 anulo
585 3634 696 3689 nostro
719 3624 875 3688 iussimus
898 3623 1042 3707 sigillari.

355 3761 369 3843 Ξ
391 3763 527 3847 Signum
550 3762 660 3827 domni
684 3760 815 3826 Ottonis
840 3762 904 3841 (M.)
929 3762 1038 3844 magni
1060 3762 1265 3845 imperatoris
1288 3764 1429 3845 augusti.
1452 3761 1467 3843 ᾗ

355 3863 584 3949 {Unilligisus
607 3863 822 3929 cancellarius
845 3865 917 3928 vice
939 3862 1095 3928 Rodberti
1118 3862 1397 3949 archicappellani
1419 3865 1543 3928 notavi.
1565 3862 1579 3944 ἓ
1776 3867 1835 3945 (Sl.
1853 3867 1895 3945 6.)

206 4022 235 4068 so
355 4004 445 4068 Data
461 4021 493 4068 v.
508 4001 576 4067 kal.
592 4004 693 4067 mai.⁰
715 4023 801 4065 anno
824 4001 1060 4066 incarnationis
1084 4000 1267 4065 dominicae
1291 4016 1538 4083 nccccnxxnu,
1561 4000 1738 4066 indictione
1763 4020 1785 4084 1,
1809 4025 1895 4066 anno

251 4110 342 4193 regni
366 4107 478 4173 domni
501 4107 632 4173 Ottonis
655 4124 753 4170 xxxv
768 4103 791 4187 l,
814 4106 939 4191 imperii
961 4115 1070 4170 autem
1093 4123 1175 4187 x1113
1200 4115 1309 4170 actum
1331 4103 1524 4189 Mersiburg.

1031 4343 1118 4418 433.

261 4502 342 4580 Otto
369 4502 510 4577 schenkl
535 4502 614 4575 dem
640 4501 787 4575 Kloster
814 4500 1112 4573 Nicdernzs'tnstcr·
1137 4524 1183 4571 zo
1209 4498 1439 4595 Bepcnsburp
1472 4497 1530 4570 die
1562 4497 1660 4596 Hofa
1686 4495 1895 4596 Sclaicrlinp,

254 4622 424 4720 Rocltinp,
453 4621 639 4694 Lindbcrt
665 4621 744 4694 und
769 4619 983 4693 Baieroaco.
1407 4638 1580 4710 Merseourq
1604 4642 1667 4698 973
1689 4637 1780 4710 April
1801 4642 1854 4697 27.

206 4851 235 4898 so
359 4831 606 4905 Oricinoldiplom
628 4833 670 4888 im
692 4831 719 4889 k.
736 4829 943 4888 Iteiclusorclu'o
962 4847 1003 4886 aa
1024 4827 1175 4885 Mainalion
1199 4825 1261 4904 (A).

357 4972 498 5030 Parisios
518 4971 719 5029 Alloneaeste
733 4970 844 5029 Nectar.
860 4984 916 5026 oon
931 4965 987 5023 dea
1001 4964 1237 5036 Reichsstifftem
1254 4965 1288 5022 in
1301 4964 1493 5037 Reyonburo
1515 4965 1577 5022 160
1600 4980 1658 5021 aas
1680 4963 1717 5020 A.
1741 4995 1783 5004 -
1809 4962 1897 5021 Zim-

353 5074 415 5147 aiot
437 5075 471 5132 ia
492 5075 571 5134 Hist.
588 5075 662 5134 Aoo.
687 5075 738 5132 der
753 5075 834 5147 boys.
851 5070 1013 5130 Alcodemic
1026 5072 1057 5140 2,
1079 5070 1143 5127 296
1166 5085 1223 5127 aas
1238 5065 1268 5125 A
1289 5068 1372 5126 nebat
1386 5066 1474 5126 Fors.
1497 5099 1540 5109 —
1563 5065 1643 5124 Ried
1661 5063 1724 5124 01).
1740 5066 1896 5124 Ratiaboa.

356 5181 386 5247 1,
410 5180 692 5237 102a⁰108ous
715 5174 745 5234 A
766 5193 807 5233 aa
829 5178 901 5234 974.
931 5207 973 5216 -
1002 5172 1085 5231 Mon.
1110 5171 1293 5241 Boica28⁶,
1317 5174 1379 5231 199
1401 5175 1436 5228 n⁰
1458 5173 1523 5230 137
1548 5185 1605 5227 aas
1633 5169 1672 5228 A.
1701 5202 1743 5211 —
1771 5169 1900 5227 Bolrmer

356 5281 430 5354 Ray.
455 5284 527 5340 403.
551 5313 593 5323 -
616 5277 744 5351 &sonus
761 5279 834 5350 Rea.
859 5278 931 5337 530.

206 5467 238 5515 to
342 5464 400 5519 ⁴³2.
429 5463 536 5533 [Siclrel]
640 5466 667 5525 a)
685 5480 751 5513 cor-r.
763 5478 811 5512 aaa
828 5463 1006 5513 futurororum
1110 5461 1137 5526 b)
1154 5459 1204 5511 dar
1220 5462 1306 5512 meta
1324 5477 1340 5511 a
1357 5477 1423 5511 corr.
1435 5477 1483 5510 aar
1500 5477 1518 5510 u
1623 5458 1649 5525 c)
1664 5472 1692 5509 v.
1704 5457 1731 5508 lr.
1744 5459 1805 5508 mai.
1821 5456 1901 5507 naed-

424 5541 545 5600 9dra90a
561 5531 616 5583 raud
632 5549 702 5582 arear
718 5535 764 5582 ms't
782 5531 913 5582 dureltm
933 5531 1008 5582 Time
1024 5528 1119 5608 welflrs
1128 5529 1180 5593 fiir
1196 5531 1240 5582 die
1258 5529 1442 5595 Nacttmyonp
1459 5531 1488 5579 ἐπ
1504 5526 1595 5580 DDO.
1612 5529 1671 5590 491,
1689 5528 1744 5577 483
1759 5526 1902 5577 maenaa

425 5619 530 5671 worden
547 5621 581 5668 s'st
613 5633 618 5641 ·
685 5618 711 5679 d)
730 5617 857 5668 nachdcru
876 5616 939 5667 WB.
956 5621 1039 5665 auara
1057 5628 1103 5666 aut
1118 5615 1280 5682 praenotatos
1298 5615 1374 5678 latta,
1391 5615 1492 5665 mdirts
1509 5631 1537 5665 er
1554 5614 1611 5665 diss
1624 5612 1703 5675 Νυνὶ,
1722 5617 1797 5662 estate
1814 5611 1902 5674 lrs'efllr

426 5684 1051 5752 rumorumvuosroamsmel.

305 5799 491 5843 nummus„
504 5799 523 5842 1.
1653 5788 1694 5849 74
