4500 6420
242 439 306 515 346
844 448 1295 514 rrrsaauasunnna.

249 656 416 717 observetur,
449 659 565 702 manus
587 637 718 722 proprie
742 635 927 720 scriptionis
951 635 1044 719 signo
1072 649 1225 699 roboratum
1247 646 1320 696 anuli
1343 648 1425 697 nostri
1448 647 1612 711 inpressione
1634 629 1746 697 subter
1767 646 1895 697 iussimus

247 742 401 827 sigillare.

343 880 358 963 ᾔ
379 878 515 962 Signum
539 875 670 942 Ottonis
693 876 890 941 serenissimi
913 873 977 955 (Μ.)
998 867 1251 958 imperatoris&

345 981 556 1065 {Liutgerus
585 978 802 1043 cancellarius
830 975 981 1041 advicem
1002 975 1165 1041 Uuidonis
1191 975 1469 1040 archicancellarii
1491 984 1524 1039 et
1545 975 1692 1060 episcopi
1714 974 1892 1058 recognovi

250 1093 282 1149 et
305 1082 493 1168 subscripsi.
515 1081 530 1163 Ε
553 1083 610 1163 (sl.
629 1082 670 1161 2.)
1563 1113 1565 1117 >
1910 1096 1928 1144 s

348 1219 439 1283 Data
460 1234 522 1281 ΧΠ.
546 1216 613 1282 kal.
636 1218 712 1282 mai.
736 1238 822 1281 anno
846 1215 1028 1281 dominicae
1050 1218 1284 1282 incarnationis
1307 1231 1509 1299 nccccuxn,
1543 1215 1721 1280 indictione
1740 1232 1772 1298 V,
1804 1236 1890 1279 anno

240 1323 370 1407 imperii
391 1322 597 1386 invictissimi
620 1322 825 1406 imperatoris
850 1318 980 1386 Ottonis
1003 1321 1125 1406 primo;
1150 1329 1264 1385 actum
1286 1320 1391 1404 Papia
1412 1321 1560 1401 civitate3
1582 1318 1722 1383 feliciter
1744 1340 1849 1383 amen.

1017 1506 1104 1581 243.

250 1658 330 1735 Otto
352 1658 492 1733 scheelct
513 1660 584 1733 dea
609 1658 840 1735 Ouisontion
865 1686 937 1733 cea
963 1658 1001 1735 S.
1029 1659 1152 1736 Giotio
1179 1661 1214 1734 cf
1234 1658 1326 1737 Orto
1352 1662 1411 1734 die
1436 1661 1535 1759 Httfe
1562 1661 1788 1734 Bareazaolo
1814 1661 1895 1734 aad

245 1778 406 1877 Aqrade.
1521 1800 1595 1860 Orta
1617 1803 1682 1861 962
1704 1801 1774 1860 Jats'
1794 1804 1848 1862 29.
1911 1813 1944 1861 10

347 1951 597 2026 Oriqimidrpbm
619 1956 662 2012 im
685 1952 899 2026 Capitctarchio
925 1972 966 2012 su
988 1952 1018 2014 S.
1039 1953 1142 2014 Giulio
1165 1954 1192 2013 d’
1207 1954 1281 2014 Orta
1302 1953 1365 2034 (A).
1388 1988 1432 1998 -
1458 1955 1600 2014 Medeae
1621 1953 1775 2024 Abschrifi
1797 1956 1841 2012 im
1862 1954 1890 2012 t.

351 2054 553 2115 Staatsarcbio
573 2075 614 2115 aa
635 2057 775 2115 Metlaad
797 2054 860 2134 (B).

344 2192 460 2266 Species
474 2193 549 2265 fecti
563 2196 597 2252 ia
611 2210 703 2253 erasa
716 2193 909 2254 Novariersis
925 2192 1059 2251 ecclesiae
1074 2197 1147 2254 320.
1171 2228 1214 2237 -
1231 2192 1356 2254 Garoias
1371 2193 1583 2253 Nooaaa176
1605 2178 1662 2252 aas
1677 2192 1706 2249 A
1723 2217 1760 2244 =
1779 2191 1892 2264 thaells'

344 2296 438 2354 Italia
465 2313 552 2356 seca
579 2297 623 2355 ed.
643 2305 667 2369 1,
690 2300 720 2368 4,
737 2299 816 2367 952,
841 2320 880 2350 =
911 2295 1086 2376 (Faterdas)
1110 2298 1269 2357 Testamea
1296 2313 1387 2370 saper
1408 2296 1538 2354 domicio
1561 2297 1688 2365 Hortor,
1713 2318 1753 2346 =
1781 2293 1893 2368 Uylrclli

342 2399 434 2459 Italae
460 2416 547 2459 secra
569 2400 612 2459 ed.
637 2407 677 2471 ΙΙ,
700 2404 729 2471 4,
754 2404 818 2461 697
840 2425 880 2454 ε·-
902 2402 1041 2460 Leihnitr
1062 2399 1142 2460 Aac.
1166 2405 1196 2471 3,
1221 2403 1293 2460 102.
1316 2432 1361 2444 -
1382 2398 1466 2457 Mon.
1486 2399 1620 2470 patriae,
1651 2397 1742 2456 ciart.
1765 2401 1796 2467 1,
1820 2400 1935 2461 19415

344 2509 379 2562 πθ
401 2506 466 2564 117
487 2520 543 2563 aas
566 2502 604 2563 A.
627 2537 669 2546 —
691 2504 820 2563 Bdtmer
841 2506 914 2579 Res.
936 2509 1011 2566 260.
1035 2538 1078 2546 -
1100 2503 1228 2578 &ineps
1246 2504 1317 2577 aa.
1342 2506 1414 2563 309.

348 2639 484 2711 Vcrfasst
504 2640 569 2699 arad
588 2641 771 2714 aeschriebcn
792 2659 849 2700 oca
871 2643 909 2701 n.
933 2643 971 2702 B.

346 2795 404 2875 (C.)
425 2796 440 2877 l
460 2791 500 2857 In
522 2793 653 2857 nomine
676 2778 809 2856 sanctae
831 2793 1084 2879 individuaeque
1105 2793 1269 2857 trinitatis.
1304 2791 1406 2855 Hottc
1431 2790 1561 2855 divinae
1584 2788 1798 2874 dispositione
1816 2809 1890 2873 prc-

243 2894 406 2961 videntiae
428 2899 607 2981 imperator
625 2904 794 2980 augustus.
893 2895 927 2961 Si
951 2897 1073 2960 sanctis
1097 2906 1128 2960 et
1151 2895 1261 2959 divino
1285 2893 1387 2959 cultui
1409 2892 1491 2957 locis
1514 2890 1528 2972 ξ
1550 2893 1745 2977 mancipatis
1763 2893 1890 2955 viscera

242 3008 375 3064 nostrae
396 2999 556 3083 largitatis
580 3020 638 3062 seu
660 2996 846 3063 donationis
869 2999 1133 3084 patefecerimus,
1168 2997 1344 3082 plurimum
1365 2995 1461 3059 nobis
1484 2993 1528 3057 ad
1550 2995 1675 3079 imperii
1698 2995 1800 3058 nostri
1825 3004 1889 3056 sta·
1906 3017 1940 3066 20

241 3099 402 3166 bilitatem
424 3103 616 3186 animaeque
638 3109 770 3166 nostrae
791 3101 969 3165 remedium
992 3110 1089 3187 atque
1105 3101 1148 3165 ad
1166 3110 1319 3165 aeternae
1343 3099 1612 3163 remunerationis
1636 3096 1889 3161 emolumentum

241 3204 400 3289 proficere
423 3206 552 3269 minime
575 3202 764 3268 titubamus.
799 3203 1007 3289 Quapropter
1029 3212 1142 3268 notum
1165 3203 1208 3265 sit
1231 3202 1374 3265 omnium
1398 3209 1510 3282 sanctq
1534 3198 1585 3262 dei
1610 3198 1788 3264 aecclesiae
1810 3196 1888 3261 fide·

241 3306 321 3372 lium
343 3317 592 3393 nostrorumque
615 3308 834 3391 praesentium
857 3306 983 3372 scilicet
1005 3329 1045 3370 ac
1068 3307 1249 3370 futurorum
1271 3304 1489 3385 universitati,
1513 3324 1574 3366 nos
1597 3324 1663 3366 non
1685 3304 1890 3366 immemores

240 3408 473 3476 beneficiorum
501 3412 606 3474 trinae
633 3408 885 3494 insecabilisque
916 3411 1096 3474 maiestatis
1125 3430 1208 3493 quae
1238 3428 1365 3491 semper
1394 3408 1481 3469 circa
1503 3414 1634 3469 nostrae
1656 3402 1888 3468 imbecillitatis

241 3512 452 3597 fragilitatem
480 3520 647 3596 operatur,
678 3511 863 3597 specialiter
891 3521 1000 3577 tamen
1029 3512 1103 3575 ideo
1132 3510 1221 3596 quod
1249 3507 1499 3573 misericorditer
1520 3506 1616 3571 nobis
1639 3509 1809 3571 victoriam
1832 3508 1887 3569 tri·
1904 3530 1937 3577 25

242 3614 345 3680 buens
374 3613 539 3700 quoddam
568 3624 726 3696 castrum,
760 3614 912 3679 videlicet
939 3615 1079 3679 insulam
1109 3614 1212 3677 sancti
1239 3611 1312 3676 iulii
1344 3613 1410 3675 iam
1432 3610 1555 3675 dudum
1577 3632 1635 3695 per
1656 3610 1890 3692 Berengarium

242 3739 353 3802 regem
380 3717 423 3782 ab
452 3718 646 3803 episcopatu
667 3717 862 3782 Nouariensi
892 3717 1054 3783 sublatam
1082 3726 1115 3780 et
1144 3714 1205 3779 sibi
1234 3725 1424 3801 usurpatam
1454 3737 1513 3779 nec
1543 3736 1610 3778 non
1637 3723 1751 3779 contra
1773 3735 1833 3777 nos
1855 3713 1889 3775 in

241 3820 452 3885 rebellionem
485 3821 643 3905 positam,
676 3830 808 3885 nostrae
839 3820 1018 3885 subdiderit
1048 3819 1182 3900 ditioni,
1217 3840 1275 3902 per
1308 3827 1439 3882 nostrae
1472 3816 1650 3902 imperialis
1685 3816 1888 3881 auctoritatis

240 3923 396 4006 paginam
414 3920 565 3986 tribuisse
581 3931 613 3985 et
631 3923 761 3987 omnino
784 3906 974 3987 concedisse
987 3932 1000 3959 ³
1023 3919 1202 3984 aecclesiae
1224 3922 1258 3984 in
1281 3919 1447 4005 praedicto
1473 3928 1579 3983 castro
1605 3920 1687 3983 sitae
1710 3919 1743 3982 in
1765 3917 1889 3980 honore

242 4045 319 4088 vero
342 4026 446 4088 sancti
470 4022 544 4087 Iulii
567 4022 765 4087 confessoris
789 4021 907 4086 Christi
931 4024 1022 4086 cuius
1046 4044 1164 4107 corpus
1188 4023 1357 4088 humatum
1379 4021 1500 4087 ibidem
1520 4023 1703 4107 requiescit,
1728 4018 1888 4106 quasdam
1906 4033 1957 4094 30'

239 4148 292 4191 res
316 4137 426 4192 nestro
450 4126 511 4190 iuri
534 4134 568 4189 et
590 4125 803 4190 dominationi
826 4125 984 4189 hactenus
1009 4122 1198 4190 subiectasb
1221 4125 1306 4189 infra
1328 4122 1541 4207 [co]mitatum
1557 4122 1797 4187 Plumbiensem
1813 4142 1889 4185 con·

238 4230 398 4311 iacentes,
434 4228 498 4293 hoc
528 4239 577 4292 est
607 4240 714 4294 cortes
746 4228 827 4293 duas
857 4227 1074 4292 Barazzolam
1104 4238 1136 4291 et
1167 4226 1358 4310 Agredade,
1394 4249 1532 4312 quarum
1565 4249 1631 4291 una
1661 4249 1745 4310 quae
1771 4225 1890 4289 dicitur

238 4331 423 4396 Barazzola
450 4330 549 4395 habet
577 4353 710 4395 mansos
740 4332 855 4415 viginti
885 4328 930 4412 c[t
958 4329 1033 4413 tres]
1048 4340 1069 4412 ⁰,
1104 4339 1137 4393 et
1165 4328 1268 4393 altera
1295 4351 1378 4414 quae
1407 4329 1526 4393 dicitur
1555 4328 1730 4413 Agredade
1763 4327 1889 4391 habens

238 4455 370 4497 mansos
400 4430 514 4496 decem
541 4442 574 4495 et
602 4441 742 4517 septem,
779 4434 812 4495 in
843 4441 1008 4516 sumptum
1036 4441 1068 4495 ct
1096 4454 1192 4496 usum
1221 4433 1453 4496 canonicorum
1481 4431 1604 4496 ibidem
1635 4430 1695 4494 deo
1720 4440 1752 4495 et
1775 4441 1888 4495 sancto

240 4535 323 4600 Iulio
347 4535 527 4599 confessori
552 4531 672 4599 Christi
701 4534 943 4617 famulantium,
979 4556 1044 4599 una
1067 4556 1141 4598 cum
1163 4536 1257 4599 terris
1280 4536 1405 4618 campis
1428 4536 1531 4598 vineis
1554 4537 1657 4619 pratis
1681 4533 1771 4597 silvis
1794 4535 1888 4617 aquis
1907 4558 1940 4605 35

241 4659 462 4722 aquarumque
491 4635 682 4701 decursibus
713 4636 952 4720 piscationibus
980 4635 1176 4701 molendinis
1204 4637 1300 4701 cultis
1330 4645 1363 4701 et
1390 4636 1520 4700 incultis
1551 4638 1652 4701 servis
1682 4646 1713 4700 ct
1736 4633 1889 4700 ancillisd

241 4738 426 4804 aldionibus
450 4747 482 4802 et
505 4736 656 4802 aldiabus
682 4737 896 4823 omnibusque
918 4740 953 4802 in
975 4740 1137 4823 integrum
1159 4741 1203 4805 ad
1225 4740 1408 4825 praedictas
1431 4763 1483 4804 res
1502 4742 1630 4826 penitus
1653 4737 1888 4823 pertinentibus

241 4863 316 4905 cum
345 4840 533 4905 accessibus
563 4851 595 4904 et
622 4840 824 4924 ingressibus
853 4862 966 4905 eorum
989 4842 1210 4926 superioribus
1233 4852 1265 4906 ct
1287 4843 1504 4908 inferioribus.
1549 4844 1624 4907 Hoc
1647 4851 1756 4906 autem
1780 4853 1888 4906 tamen

242 4946 405 5009 sancimus
428 4953 460 5008 et
483 4945 614 5008 omnino
639 4965 697 5028 per
718 4953 864 5008 nostmm
886 4945 1055 5029 imperiale
1077 4955 1287 5031 praeceptum
1310 4947 1498 5030 statuimus,
1525 4956 1562 5012 ut
1583 4946 1691 5011 nullus
1715 4947 1888 5030 episcopus

241 5047 408 5131 praefatae
431 5046 644 5110 Nouariensis
668 5045 848 5111 aecclesiae
872 5048 926 5132 qui
950 5069 1009 5132 pro
1034 5056 1178 5133 tempore
1201 5048 1313 5131 fuerit,
1345 5059 1533 5134 praesumat
1555 5051 1620 5112 iam
1645 5047 1823 5111 dictasses
1847 5046 1887 5110 de
1905 5067 1939 5115 40

241 5150 329 5214 victu
351 5158 383 5213 et
406 5148 568 5234 stipendio
591 5149 824 5213 canonicorum
848 5148 1037 5215 subtrahere
1066 5160 1098 5214 et
1127 5151 1189 5215 sibi
1215 5151 1398 5233 vindicare,
1433 5150 1491 5215 sed
1522 5151 1584 5233 [de]
1615 5161 1726 5213 nostro
1756 5151 1824 5212 iure
1854 5159 1887 5213 et

241 5248 387 5314 dominio
410 5251 444 5313 in
466 5272 562 5315 usum
585 5258 617 5313 et
639 5259 804 5334 sumptum
825 5252 1060 5316 canonicorum
1083 5261 1181 5336 atque
1204 5251 1441 5337 previdentiam
1461 5253 1516 5336 qui
1532 5272 1591 5336 pro
1608 5259 1753 5335 tempore
1769 5250 1889 5314 fuerint

239 5353 495 5419 transfundimus
518 5364 615 5439 atque
638 5352 842 5438 delegamus,
869 5364 905 5417 ut
927 5354 1070 5419 habeant
1092 5363 1223 5419 teneant
1245 5364 1277 5418 et
1301 5356 1450 5419 fruantur
1471 5356 1505 5417 in
1527 5362 1719 5438 perpetuum
1743 5355 1886 5417 omnium

238 5454 405 5520 hominum
426 5454 650 5541 inquietudine
671 5455 724 5520 vel
746 5458 971 5521 controversia
993 5467 1119 5522 remota
1140 5468 1173 5522 et
1195 5479 1254 5543 pre
1278 5459 1449 5521 criminum
1471 5455 1677 5520 absolutione
1699 5465 1884 5520 nostrorum

324 5622 383 5677 2⁴³.
409 5624 517 5692 [Sickel]
618 5630 644 5689 a)
664 5627 688 5677 A
790 5627 819 5689 b)
838 5642 853 5678 s
875 5627 937 5677 ater
953 5628 1001 5678 der
1018 5627 1088 5677 Zeila
1103 5627 1290 5692 aocqurcqen
1391 5628 1416 5685 c)
1434 5629 1536 5689 syenes
1553 5641 1601 5675 aas
1620 5626 1646 5674 B
1748 5626 1776 5687 d)
1795 5630 1877 5678 servis
1894 5645 1929 5694 45

410 5700 436 5745 et
453 5696 556 5746 ancillis
573 5696 626 5758 aas
636 5694 733 5747 Bucar.
