4298 6414
924 430 1117 488 KONRAD
1140 434 1164 489 1.
1186 431 1258 489 912.

1073 612 1110 689 8.

282 757 427 833 Koarad
441 760 584 835 scltaulct
599 761 679 836 clem
696 761 838 838 Istosar
855 766 977 841 Fatela
994 780 1099 842 auter
1113 771 1282 869 pressea
1300 772 1565 874 Badiapaupea
1583 775 1654 850 dae
1668 777 1753 876 Hos
1769 778 1915 852 Trebro.

1469 898 1643 974 Froatfart
1665 903 1729 961 912
1751 902 1821 962 Jali
1844 904 1873 962 1.

373 1073 635 1149 Ortpiaaldiplom
658 1054 700 1135 tm
722 1078 750 1138 lc.
773 1079 983 1139 Staatsareliio
1004 1099 1045 1140 aa
1066 1081 1219 1157 Mardara
1244 1081 1307 1162 (A).

255 1240 267 1288 t
369 1229 528 1291 Salsomt
540 1229 634 1292 Trod.
646 1230 739 1292 Fata.
754 1235 821 1293 227
835 1244 870 1292 a⁰
883 1237 947 1296 552
962 1252 1021 1296 aas
1032 1236 1087 1317 A(
1108 1236 1131 1316 ).
1147 1272 1189 1281 -
1204 1237 1288 1313 Orip.
1305 1241 1406 1315 Gaels.
1423 1246 1453 1313 4,
1469 1247 1533 1304 280
1548 1260 1606 1304 aas
1620 1244 1673 1323 A(
1691 1244 1714 1322 ).
1731 1279 1772 1288 -
1788 1247 1917 1306 Krcaur

370 1331 455 1408 Orio.
470 1333 565 1398 Noas.
581 1337 611 1405 2,
629 1337 672 1396 46
687 1342 722 1396 a⁰
735 1339 780 1397 28
802 1355 861 1398 aas
876 1339 924 1397 ab.
948 1373 990 1382 —
1013 1339 1157 1400 Leibaita
1171 1340 1255 1402 Aac.
1274 1346 1303 1413 2,
1320 1346 1383 1405 304
1400 1364 1458 1407 aas
1473 1347 1509 1408 Α.
1534 1382 1576 1390 -
1599 1349 1724 1408 Droalce
1741 1349 1806 1410 01).
1824 1350 1914 1408 l'uld.

368 1439 432 1499 305
454 1445 490 1497 a⁰
511 1439 574 1501 658
596 1456 655 1499 aas
677 1440 708 1501 A
731 1438 781 1519 ().
806 1475 848 1486 -
870 1443 1001 1503 Btluaer
1024 1444 1060 1504 A.
1088 1443 1180 1509 Coar.
1205 1448 1246 1507 13
1269 1454 1303 1506 πθ
1326 1452 1346 1506 7
1368 1467 1426 1510 aras
1447 1469 1492 1511 ac.
1517 1486 1558 1494 -
1582 1451 1713 1511 Baltasar·
1737 1454 1811 1527 Περ.
1836 1453 1914 1526 Imp.

367 1544 399 1614 a,
421 1541 497 1616 my.
522 1542 601 1605 nar.
625 1544 721 1604 rasa.
1665 1539 1680 1589 ²

376 1698 516 1772 Versaast
538 1698 604 1760 aad
624 1699 817 1775 perstrictae
839 1719 897 1761 stou
919 1703 980 1764 SA.

238 1916 261 1966 ¹⁰
369 1910 430 1992 (C.)
453 1913 468 1995 Β
487 1911 528 1976 In
549 1913 680 1977 nomine
704 1921 838 1977 sanctae
860 1922 893 1976 et
915 1914 1103 1980 individuae
1125 1918 1289 1982 trinitatis,
1326 1917 1543 1985 Ohuonradus
1567 1920 1677 1985 diviua
1700 1923 1831 1988 timente
1854 1924 1917 1989 ele·

271 2015 385 2081 mentia
407 2036 479 2079 rex.
566 2013 601 2080 Si
625 2014 699 2079 loca
726 2024 912 2081 sanctorum
940 2017 1050 2082 divino
1074 2018 1174 2083 cultui
1204 2024 1456 2087 consecratam
1483 2023 1601 2108 quibus
1627 2024 1822 2109 redemptori
1852 2050 1917 2091 om-

271 2118 353 2182 nium
380 2117 500 2202 iugiter
528 2117 642 2182 laudes
671 2117 824 2183 assiduae
852 2142 892 2183 ae
922 2122 1035 2187 crebre
1066 2122 1273 2188 celebrantur
1305 2125 1480 2208 excubiae,
1515 2128 1668 2210 congruis
1697 2127 1712 2210 ’ξ’
1738 2128 1917 2196 honoribus

271 2220 464 2286 adornamus
486 2231 519 2286 et
541 2220 663 2285 ibidem
686 2221 872 2306 degentium
895 2247 935 2288 ac
958 2224 1019 2290 deo
1043 2226 1271 2292 famulantium
1293 2229 1411 2312 vitam,
1435 2251 1498 2314 quo
1515 2229 1648 2295 liberius
1666 2254 1826 2316 supernae
1842 2256 1916 2299 cou-

271 2326 468 2412 templationi
489 2348 530 2391 ac
549 2326 600 2391 dei
616 2327 782 2391 vacationi
797 2329 925 2412 possint
947 2331 1111 2412 assistere,
1134 2330 1369 2415 temporalibus
1393 2331 1546 2396 subsidiis
1571 2337 1751 2419 satagimus
1774 2335 1879 2400 fulciri
1892 2348 1915 2420 ²,

233 2447 329 2495 ltnon
358 2430 464 2495 solmn
494 2431 585 2515 ipsos
614 2438 746 2494 sanctos
779 2430 897 2514 quibus
927 2431 1058 2497 devotio
1093 2432 1270 2498 famulatus
1299 2435 1498 2521 impenditur
1526 2436 1719 2502 habebimus
1748 2449 1915 2524 patronos,

269 2557 377 2599 verum
405 2536 504 2599 etiam
538 2536 681 2600 omnium
709 2534 849 2599 iudicem
873 2535 917 2600 ad
939 2538 1032 2600 cuius
1053 2536 1185 2601 laudem
1208 2548 1326 2602 cuncta
1350 2539 1437 2603 bona
1461 2539 1648 2606 dese-mter
1671 2541 1784 2627 procul
1816 2541 1915 2607 dubio

269 2637 520 2726 promerebimur
542 2649 828 2705 remuneratorem.
859 2638 1068 2725 Quapropter
1084 2643 1213 2705 noverit
1229 2644 1371 2708 omnium
1389 2643 1534 2708 fidelimn
1556 2654 1741 2709 nostrorum
1764 2666 1915 2729 praesen-

268 2747 343 2811 tium
366 2746 493 2812 scilicet
516 2754 548 2809 et
570 2745 752 2809 futurorum
774 2743 952 2825 industria,
983 2743 1122 2828 qualiter
1143 2767 1203 2809 nos
1228 2744 1269 2809 ob
1293 2754 1445 2812 aeternae
1468 2748 1627 2812 mercedis
1650 2757 1859 2834 augmentum
1883 2758 1915 2813 et

268 2873 321 2936 per
341 2852 609 2916 intercessionem
631 2847 838 2912 venerandae
860 2869 901 2911 ac
924 2847 1063 2913 dilectae
1085 2847 1252 2933 genitricis
1268 2859 1400 2914 nostrae
1416 2848 1631 2915 Glismuodae
1648 2861 1761 2941 sancto
1777 2853 1915 2936 martyri

229 2954 443 3031 aBonefasio
468 2953 627 3041 quasdam
650 2975 702 3016 res
725 2952 805 3015 iuris
827 2953 929 3016 nostri
958 2962 990 3017 et
1017 2962 1174 3038 paternae
1203 2952 1393 3018 hereditatis
1420 2955 1452 3018 in
1476 2977 1562 3040 pago
1586 2955 1719 3020 Husitiu
1743 2955 1857 3021 dictob
1884 2967 1916 3022 et

267 3059 297 3125 in
318 3059 478 3124 comitatu
498 3054 688 3122 Bardonisb
713 3057 809 3139 sitas,
832 3055 867 3122 id
890 3065 939 3120 cst
962 3065 1085 3120 curtem
1108 3057 1253 3122 Dribura
1275 3067 1513 3143 nuncupatam,
1538 3081 1612 3124 euru
1635 3059 1805 3126 curtilibus
1828 3061 1914 3126 aedi-

267 3164 345 3228 ficiis
368 3161 501 3227 familiis
525 3171 557 3226 et
579 3160 752 3246 mancipiis
776 3161 943 3245 utriusque
966 3183 1065 3225 sexus
1088 3162 1182 3226 terris
1205 3161 1301 3225 cultis
1322 3171 1357 3224 et
1378 3160 1510 3226 incultis
1540 3164 1628 3248 agris
1657 3165 1760 3248 pratis
1789 3166 1915 3250 eampis

268 3268 395 3351 pascuis
420 3265 511 3330 silvis
534 3262 710 3329 forestibus
732 3264 826 3348 aquis
849 3286 1072 3350 aquarumque
1096 3263 1287 3330 decursibus
1310 3265 1467 3350 quaesitis
1490 3275 1523 3329 et
1545 3265 1744 3357 inquirendis
1767 3276 1799 3331 et
1815 3268 1915 3332 omni-

265 3370 322 3434 bus
345 3393 430 3457 quae
453 3369 518 3435 dici
541 3377 599 3434 aut
620 3368 780 3432 nominari
809 3376 948 3453 possunt
979 3367 1192 3454 appenditiis,
1227 3392 1247 3432 a
1271 3370 1434 3452 praesenti
1458 3368 1510 3433 die
1532 3370 1565 3433 in
1587 3369 1754 3457 proprium
1782 3371 1915 3436 donavi·

227 3493 253 3541 a
267 3498 344 3559 mus,
368 3498 409 3541 ea
423 3474 577 3540 videlicet
591 3473 718 3538 ratione
734 3479 832 3556 atque
850 3470 1080 3536 conciliatione
1096 3481 1132 3536 ut
1147 3472 1296 3556 praefata
1312 3493 1390 3536 cara
1412 3473 1554 3556 genitrix
1576 3481 1689 3537 nostra
1711 3496 1731 3538 a
1754 3474 1913 3559 praedicti

267 3581 416 3666 martyris
439 3576 598 3643 coenobio
621 3578 762 3661 inpage
786 3575 1053 3660 Loganacgouue
1076 3574 1242 3661 appellato
1265 3576 1299 3640 in
1322 3577 1479 3640 comitatu
1502 3575 1633 3641 Ottonis
1656 3576 1766 3642 fratris
1788 3579 1915 3642 nostri⁰

266 3683 335 3749 loca
351 3705 436 3769 quae
450 3682 638 3748 vocitantur
657 3679 777 3761 Mittin,
800 3678 1050 3763 Altinchirihha,
1074 3679 1324 3763 lllertineshusa,
1347 3677 1475 3744 Lisrna‘¹
1502 3689 1534 3743 et
1549 3679 1816 3764 Niuunchirihha,
1841 3704 1914 3747 oum

266 3787 433 3852 curtilibus
455 3785 638 3851 aedificiis⁹
665 3782 834 3849 aecclesiis
856 3785 1028 3868 mancipiis
1051 3786 1219 3870 utriusque
1242 3807 1341 3849 sexus
1372 3794 1458 3849 terra
1485 3784 1587 3849 salica
1609 3784 1705 3849 cultis
1729 3796 1761 3850 et
1783 3785 1914 3852 inetdtis

266 3892 351 3977 agris
373 3892 476 3977 pratis
499 3891 625 3974 eampis
647 3889 780 3973 pascuis
804 3886 894 3950 silvis
923 3889 1018 3972 aquis
1047 3910 1270 3974 aquarumque
1299 3887 1490 3953 decursibus
1512 3889 1574 3952 viis
1598 3898 1630 3952 et
1652 3889 1748 3952 inviis
1772 3889 1914 3954 exitibus

225 4007 253 4057 to
267 4005 297 4059 et
315 3994 476 4061 reditibus
498 3992 655 4079 quaesitis
683 3999 716 4054 et
743 3990 944 4075 inquirendis
974 3991 1189 4078 omnibusque
1217 3991 1315 4057 rebus
1338 3991 1381 4056 ad
1404 3991 1518 4056 eadem
1542 3991 1616 4056 loca
1643 3993 1704 4056 rito
1727 3993 1913 4077 pertinenti·

266 4098 339 4181 bus,
362 4098 407 4163 ad
429 4096 499 4162 dies
521 4098 609 4161 vitae
633 4118 711 4160 suae
734 4103 868 4159 econtra
891 4095 924 4158 in
947 4096 1179 4180 proprietatem
1203 4097 1345 4182 accipiat
1367 4105 1399 4160 et
1422 4107 1497 4181 post
1520 4097 1607 4161 vitae
1631 4118 1708 4161 suae
1733 4097 1913 4162 discessum

267 4204 296 4270 in
318 4206 368 4268 ius
390 4213 423 4268 et
446 4202 624 4267 dominium
647 4199 792 4264 eiusdem
814 4197 964 4263 coenobii
987 4198 1131 4264 redeant.
1169 4199 1329 4264 lussimus
1357 4221 1486 4284 quoque
1514 4200 1577 4265 hoc
1603 4209 1815 4287 praeceptum
1838 4202 1913 4267 inde

267 4308 424 4375 conscribi
446 4330 506 4394 per
528 4304 616 4392 quod
639 4302 822 4368 huiusmodi
845 4302 969 4366 l'actum
992 4304 1025 4367 in
1049 4302 1199 4367 omnibus
1226 4314 1258 4369 ot
1286 4326 1344 4390 per
1374 4303 1482 4367 onmia
1511 4303 1775 4369 confirmavimus
1804 4304 1913 4370 decer-

265 4423 375 4478 nentes
398 4422 431 4476 et
453 4418 647 4491 statuentes,
677 4418 843 4493 quatenus,
860 4405 947 4470 abba
976 4429 1052 4490 sepe
1077 4406 1155 4470 dieti
1179 4408 1366 4472 monasterii
1391 4406 1490 4471 talem
1512 4406 1588 4472 inde
1614 4407 1748 4473 ulterius
1777 4411 1811 4473 in
1840 4431 1912 4494 pra-

223 4523 251 4573 36
267 4514 374 4582 dicta‘
394 4515 635 4582 coadunatione
657 4522 767 4576 teneat
786 4519 985 4597 potestatem
1010 4512 1094 4574 sieut
1117 4520 1148 4575 et
1171 4510 1211 4575 de
1234 4511 1307 4575 aliis
1330 4510 1428 4576 rebus
1451 4533 1535 4596 quae
1551 4513 1693 4596 antiquis
1712 4513 1912 4598 temporibus

266 4619 465 4686 adeundam
488 4618 596 4683 locum
619 4618 780 4702 pertinere
802 4614 1008 4679 videbantur.
1033 4613 1077 4677 Et
1099 4625 1134 4678 ut
1157 4613 1218 4679 hoe
1242 4614 1498 4705 confirmationis
1521 4624 1554 4679 et
1576 4614 1757 4700 largitionis
1780 4625 1912 4681 nostrae

266 4734 471 4810 praeceptum
492 4723 621 4788 firmum
644 4720 825 4805 stabileque
848 4727 1054 4804 permaneat,
1088 4739 1187 4782 manu
1209 4726 1322 4783 nostra
1346 4717 1460 4783 subtus
1483 4717 1564 4782 illud
1586 4718 1787 4784 firmavimus
1810 4719 1912 4786 anuli-

266 4849 324 4913 que
346 4829 449 4894 nostri
472 4826 686 4912 impressione
708 4823 854 4909 insigniri
878 4823 1115 4908 praecepimus.

361 4983 534 5071 {Signum
558 4981 669 5049 domni
693 4976 882 5045 Chuonradi
907 4978 997 5059 (MP.)
1022 4980 1218 5043 serenissimi
1241 4981 1376 5064 regia}

221 5091 251 5140 40
362 5085 378 5167 R
398 5086 554 5153 Salomon
576 5083 792 5183 cancellarius
815 5081 965 5148 advicem
986 5081 1145 5167 Piligrimi
1168 5081 1446 5169 archicappellani
1459 5087 1637 5170 recognovi
1654 5096 1686 5150 et
1708 5076 1721 5172 {i
1745 5091 1815 5167 (SR.
1832 5087 1919 5191 ΝΗ.)
1972 5086 1975 5092 ’

1783 5190 1840 5269 (Sl
1863 5188 1908 5268 3.)

363 5329 454 5392 Data
476 5327 543 5392 kal.
567 5327 622 5392 iul.
645 5322 737 5391 anno*
754 5326 989 5391 incarnationis
1012 5324 1135 5390 domini
1158 5337 1330 5408 Dccccxu,
1354 5326 1567 5390 indictionum
1583 5343 1639 5408 XV,
1663 5337 1819 5411 regnante
1842 5327 1909 5410 glo·

265 5432 439 5497 riesissimo
462 5452 539 5516 rege
561 5427 758 5496 Chuonrado
782 5451 868 5496 anno
892 5447 920 5512 13
943 5438 1052 5494 actum
1074 5429 1332 5511 Franconofurt3
1361 5431 1395 5493 in
1418 5428 1470 5494 dei
1492 5430 1622 5495 nomine
1644 5429 1782 5496 feliciter
1804 5453 1908 5496 amen.

381 5619 406 5672 a
433 5617 526 5686 [l'olta]
600 5621 627 5681 a)
645 5635 710 5673 corr.
729 5634 776 5669 aas
794 5618 886 5671 fulcire
956 5598 986 5682 b)
1005 5617 1057 5670 SA.
1075 5625 1133 5684 tmq
1150 5619 1257 5671 Husitin
1277 5619 1347 5670 dicto
1366 5618 1420 5669 aud
1437 5619 1566 5670 Bardonis
1583 5618 1651 5670 acela
1721 5620 1746 5686 c)
1762 5619 1911 5685 platobsolls

222 5693 252 5742 tt
431 5687 619 5754 narbasanes
636 5705 706 5756 pago
722 5717 755 5725 -
773 5690 855 5740 nostri
934 5689 961 5752 d)
980 5703 1045 5739 corr.
1064 5705 1112 5738 aaa
1128 5689 1208 5739 Inani
1290 5690 1315 5752 a)
1333 5704 1394 5740 cum
1414 5717 1444 5726 -
1464 5688 1592 5740 aedificiis
1609 5688 1663 5741 oaf
1673 5688 1762 5740 uasa
1838 5688 1909 5751 un.

320 5806 504 5850 mmmmm
517 5805 534 5848 1.
1684 5806 1703 5862 2
