4500 6420
922 495 1045 552 ΟΤΤΟ
1069 496 1092 550 Ι.
1116 492 1189 549 962.

1016 673 1100 747 249.

243 826 323 904 Otto
350 829 490 903 edienbt
515 829 594 902 deae
620 829 809 926 Presbyter
834 829 952 928 Erols'
979 829 1048 902 dea
1075 827 1284 926 Kbaipsbos
1308 826 1520 898 Antoniano
1547 838 1675 898 serviret
1701 826 1876 897 Zubebbr.

1419 969 1515 1027 Paria
1537 972 1601 1028 062
1622 968 1783 1028 November
1804 971 1834 1026 3.

341 1156 587 1230 Originaldiplom
609 1157 651 1213 irre
676 1152 891 1228 Copitclorcbio
911 1174 952 1213 aa
974 1155 1087 1214 Arcaea
1112 1153 1173 1233 (A)

200 1317 216 1364 5
334 1297 420 1355 Itrrva
444 1293 471 1372 (e
490 1292 612 1371 Cer-sirici)
638 1294 719 1354 Seria
742 1293 784 1352 dc'
809 1295 896 1352 deebi
919 1312 933 1352 c
955 1295 1099 1353 marchesi
1122 1293 1153 1351 di
1179 1293 1310 1352 Tuscana
1333 1299 1377 1363 1‘1,
1402 1298 1452 1352 10.
1477 1327 1518 1335 -
1541 1292 1668 1365 Sturups
1686 1294 1759 1365 Rea.
1783 1296 1856 1351 318.

338 1432 473 1504 Verfasst
495 1433 558 1490 aad
577 1433 762 1506 pescliricbea
783 1449 839 1490 oon
861 1432 928 1490 LF.

338 1618 397 1698 (C.)
425 1615 439 1698 Ξ
466 1618 503 1681 In
526 1619 657 1682 nomine
681 1627 815 1681 sanctae
838 1626 870 1680 et
892 1616 1080 1681 individuae
1103 1618 1266 1681 trinitatis.
1314 1615 1391 1682 Otto
1417 1616 1467 1681 dei
1492 1619 1598 1703 gratia
1625 1618 1801 1702 imperator
1824 1637 1878 1678 au·

234 1730 357 1805 gustus.
460 1720 494 1785 Si
517 1721 596 1784 ratis
618 1728 803 1784 nostrorum
826 1718 970 1784 fidelium
993 1718 1203 1804 petitionibus
1226 1742 1395 1787 assensum
1419 1722 1607 1806 prebemus,
1637 1720 1799 1786 fideliores
1823 1741 1879 1783 eos

232 1823 327 1887 nobis
349 1824 420 1887 fore
442 1825 573 1887 minime
595 1820 801 1907 ambigimus.
824 1821 838 1904 ξ
862 1821 1025 1902 Quocirca
1041 1824 1186 1886 ornnium
1199 1822 1345 1888 fidelium
1362 1835 1495 1889 sanctae
1512 1824 1562 1889 dei
1582 1825 1741 1890 ccclesiae
1756 1833 1880 1888 nostro-

185 1950 368 2014 lorumque
391 1928 588 2012 presentium
613 1926 738 1991 scilieet
761 1947 800 1989 ac
822 1925 1004 1989 futurorum
1028 1924 1157 1990 devotio
1175 1929 1310 2008 noverit,
1335 1927 1473 2012 qualiter
1488 1951 1548 1992 nos
1565 1927 1714 1992 consultu
1730 1949 1769 1991 ac
1784 1930 1880 1990 inter·

233 2041 331 2094 ventu
348 2029 464 2113 dilecte
484 2030 632 2113 coniugis
651 2038 760 2113 nostre,
777 2027 956 2113 Adelheide
979 2030 1195 2113 imperatricis
1211 2052 1271 2094 nec
1287 2053 1353 2094 non
1370 2041 1402 2095 et
1416 2030 1545 2096 Rodulfi
1571 2030 1663 2095 ducis
1685 2030 1878 2094 nobilissimi

235 2134 399 2219 quandam
420 2144 544 2200 curtem
560 2135 638 2199 iuris
654 2136 756 2198 nostri
779 2135 870 2218 regni
887 2133 1107 2218 Antongnano
1132 2144 1356 2219 nuncupatum
1368 2146 1388 2217 ²⁵,
1413 2138 1511 2200 situm
1526 2138 1559 2200 in
1575 2135 1648 2200 loco
1667 2135 1875 2221 Saltospano‚

234 2240 456 2302 coniaecntcm
478 2238 512 2300 in
535 2238 691 2301 comitatu
715 2236 917 2301 lllodonense
945 2237 978 2300 in
1005 2236 1100 2321 plebe
1129 2239 1233 2300 sancti
1256 2237 1419 2302 Uincentii
1450 2240 1609 2303 territorio
1638 2237 1879 2322 [B]ononiensis

234 2353 266 2408 et
287 2343 503 2407 Ferraricnsis
516 2352 529 2379 ²
551 2340 681 2405 cuidam
704 2341 791 2405 fideli
815 2340 1077 2405 nostri³E1·olfo
1101 2340 1291 2425 presbitero,
1319 2353 1415 2426 prout
1437 2344 1519 2426 iuste,
1543 2352 1575 2406 et
1597 2341 1743 2425 legaliter
1767 2361 1877 2425 possu-

183 2464 215 2510 15
233 2468 321 2527 mus,
356 2445 565 2510 concedimus
596 2443 753 2508 donamus
783 2446 1012 2508 confirmamus
1041 2466 1080 2507 ae
1110 2443 1360 2509 corroboramus
1390 2456 1487 2531 atque
1514 2468 1556 2509 ex
1585 2455 1695 2508 nostro
1719 2442 1879 2528 imperiali

234 2550 303 2612 iure
326 2559 357 2612 et
380 2548 523 2612 dominio
547 2550 579 2612 in
605 2569 698 2612 suum
720 2549 770 2612 ius
794 2558 826 2612 ct
850 2547 1028 2612 dominium
1051 2548 1207 2632 largimur
1229 2558 1326 2633 atque
1353 2548 1610 2613 transfundimus
1633 2570 1706 2612 cum
1731 2548 1880 2612 omnibus

233 2651 329 2716 rebus
353 2661 384 2715 ct
406 2650 660 2736 proprietatibus
683 2650 789 2715 cidem
812 2654 893 2716 curti
917 2654 985 2722 iure
1015 2651 1219 2736 legitimeque
1248 2653 1499 2736 pertinentibus,
1534 2651 1631 2717 cumb
1660 2675 1725 2716 uua
1756 2653 1881 2717 scilicet

234 2752 363 2839 capella
385 2754 471 2818 infra
493 2756 565 2838 ipso
590 2764 680 2819 curte
703 2756 737 2817 in
760 2755 883 2820 honoro
907 2757 1011 2820 saneti
1031 2754 1211 2820 Salvatoris
1235 2765 1434 2838 constructa,
1458 2778 1533 2820 cum
1556 2757 1642 2819 casis
1665 2755 1800 2819 eclificiis
1825 2778 1881 2820 seu

234 2857 420 2921 solamentis
444 2859 569 2922 curtisa
599 2859 676 2922 ortis
703 2861 797 2922 terris
821 2861 908 2943 agris
933 2862 1057 2945 campis
1080 2861 1182 2944 pratis
1204 2861 1337 2943 pascuis
1360 2859 1450 2923 silvis
1473 2861 1577 2923 vincis
1602 2859 1731 2923 salectis
1755 2859 1880 2944 paludi-

182 2986 215 3032 ao
233 2962 294 3027 bus
318 2962 553 3047 piscationibus
578 2963 758 3028 sationibus
782 2963 968 3029 cucullariis
995 2962 1112 3050 [alquis
1135 2965 1212 3029 rivis
1227 2965 1365 3049 ripatico
1382 2961 1422 3026 de
1439 2961 1584 3026 Gallcria
1600 2974 1633 3026 et
1648 2963 1687 3026 dc
1705 2963 1879 3027 Conconne

233 3077 360 3129 etcum
385 3065 535 3130 omnibus
558 3068 662 3130 iuris³
690 3076 722 3131 et
745 3068 946 3152 pertinentiis
972 3068 1117 3132 eiusdem
1140 3068 1240 3133 curtis
1263 3066 1482 3150 Antonguano
1498 3116 1506 3130 .
1520 3116 1527 3132 .
1541 3076 1574 3130 ,⁰
1596 3067 1724 3131 Lauino
1748 3076 1780 3129 et
1804 3064 1881 3129 Grai-

233 3168 319 3233 bana
349 3179 380 3232 et
408 3191 483 3233 cum
513 3168 709 3253 duo[dccim]
741 3169 960 3254 piscatoribus
990 3170 1029 3235 do
1052 3169 1130 3234 villa
1160 3193 1222 3258 quq
1249 3179 1456 3254 nuncupatur
1479 3169 1642 3233 Ueterana
1667 3168 1881 3253 omnibusque

232 3273 328 3338 rebus
352 3272 527 3337 mobilibus
551 3283 583 3337 et
606 3271 831 3355 inmobiliblus
849 3272 905 3356 ald
927 3275 1033 3356 ipsam
1056 3272 1237 3358 predictam
1255 3283 1379 3337 curtem
1395 3272 1616 3357 Antongnano
1636 3271 1880 3355 pcrtinentibus,

234 3379 317 3441 sicut
332 3376 529 3440 Bonefacius
556 3374 645 3459 [dux]
672 3386 704 3438 et
725 3375 870 3440 marchio
894 3375 938 3439 ad
963 3374 1178 3460 [beneficium]
1205 3379 1317 3456 tenuit,
1342 3377 1450 3440 onmia
1474 3385 1570 3439 etex
1595 3374 1745 3439 omnibus
1770 3375 1881 3438 exin·

180 3500 213 3546 2³5
232 3490 322 3563 tegro
347 3488 519 3564 pretaxato
542 3479 656 3544 Erolfo
681 3479 861 3564 presbitero
885 3487 920 3543 ut
945 3476 1055 3564 [supra
1084 3478 1256 3562 dixim]us,
1290 3489 1387 3563 prout
1415 3481 1499 3543 iuste
1521 3487 1553 3542 et
1579 3477 1740 3562 leg[alitcr
1768 3498 1881 3561 possu-

232 3582 333 3666 mus],
367 3582 577 3647 concedimus
608 3581 766 3647 donamus
795 3581 1026 3646 confirmamus
1056 3604 1095 3645 ae
1126 3582 1376 3646 corroboramus
1399 3591 1497 3666 atque
1520 3603 1562 3644 ex
1583 3590 1696 3644 nostro
1720 3577 1880 3662 imperiali

235 3685 314 3768 [iure
338 3687 380 3769 ct]
407 3685 550 3750 dominio
573 3687 607 3748 in
630 3708 723 3750 suum
745 3688 795 3749 ius
818 3696 850 3749 ct
876 3684 1079 3769 [dominium]
1105 3685 1260 3770 largimur
1282 3696 1379 3772 atque
1402 3685 1665 3749 tranfuudimus²¹
1691 3707 1729 3747 ac
1753 3683 1881 3767 delega-

232 3812 320 3871 mus,
354 3799 389 3853 ut
417 3788 538 3853 habeat
565 3798 675 3852 teneat
702 3787 924 3872 tirmit[erque]
958 3788 1126 3874 possideat
1156 3789 1339 3874 habeatque
1368 3798 1563 3874 potestatem
1590 3797 1623 3851 ct
1650 3787 1814 3851 licentiam
1842 3785 1882 3849 dc

233 3894 454 3977 suprascripta
482 3902 572 3956 curte
595 3890 814 3974 Antongnano
845 3893 976 3975 suisque
1007 3893 1207 3977 pertinentiis
1237 3891 1428 3976 possidendi
1458 3890 1600 3974 teno[ndi
1630 3888 1786 3974 dlonandi
1809 3911 1883 3952 ven.

186 4014 219 4060 30
243 3994 341 4059 dendi
366 3993 588 4058 comunitandi
612 3994 664 4057 vel
695 4016 753 4078 pro
784 3995 894 4058 anima
924 3993 1090 4058 iudicandi
1119 3993 1171 4058 vel
1201 3996 1355 4080 quicquid
1385 3998 1454 4060 cius
1484 3996 1610 4065 animus
1639 3993 1757 4057 exinde
1787 3993 1881 4056 dcere

232 4099 313 4161 verit
339 4097 495 4177 faciendi,
530 4098 673 4161 omnium
701 4096 867 4162 hominum
897 4098 1154 4162 contradictione
1182 4109 1316 4163 remota.
1361 4098 1395 4163 Si
1426 4100 1497 4184 quis
1526 4100 1623 4182 igitur
1649 4097 1743 4160 huius
1766 4098 1881 4160 nostri·
1921 4104 1926 4113 '

231 4202 374 4285 precepti
397 4224 437 4264 ac
462 4200 718 4264 confirmationis
735 4200 785 4264 vel
810 4200 1113 4285 corrobor·atio[n]is
1128 4201 1271 4265 violator
1285 4203 1437 4281 extiterit,
1463 4203 1546 4264 sciat
1569 4224 1603 4264 se
1626 4202 1881 4284 compositurum

233 4304 302 4366 auri
331 4304 444 4387 optimi
474 4302 575 4366 libras
605 4313 749 4384 centum,
783 4303 989 4368 medictatem
1017 4305 1151 4389 kamere
1180 4312 1291 4388 nostre
1320 4315 1353 4369 et
1381 4304 1589 4368 medietatem
1617 4303 1743 4388 prefato
1767 4302 1880 4366 Erollo

232 4405 411 4490 presbitero
435 4406 485 4470 vel
510 4408 561 4470 cui
583 4409 654 4492 ipse
679 4405 804 4470 dederit
827 4418 884 4472 aut
906 4409 1026 4473 habere
1050 4411 1207 4474 statuerit.
1244 4406 1342 4489 Quod
1364 4415 1400 4471 ut
1422 4429 1442 4469 a
1464 4405 1615 4470 fidelibus
1637 4407 1757 4468 nostris
1773 4406 1880 4468 verius

181 4527 214 4573 eo
234 4509 385 4573 credatur
407 4519 439 4573 ct
469 4509 654 4593 diligentius
688 4508 741 4591 [ab
767 4509 930 4593 omlnibus
961 4510 1165 4593 observetur,
1198 4532 1297 4574 manu
1326 4511 1459 4593 propria
1487 4505 1758 4590 robora[vi]mus,
1793 4504 1880 4568 anuli

232 4615 333 4677 nostri
358 4615 560 4698 inpressione
583 4612 717 4697 sigillari
741 4614 903 4678 iussimus.

336 4749 350 4831 i}
373 4750 509 4834 Signum
532 4749 643 4815 domni
667 4749 799 4815 Ottonis
822 4751 1026 4814 invictissimi
1051 4752 1141 4831 (Mn.)
1166 4751 1370 4835 imperatoris
1394 4752 1532 4834 augusti.
1556 4753 1569 4834 li

338 4854 562 4937 {Liutgcrius
585 4852 800 4917 cancellarius
824 4853 975 4918 advicem
992 4853 1155 4919 Uuidonis
1178 4855 1325 4938 episcopi
1349 4863 1381 4918 et
1403 4851 1681 4917 archicancellarii
1705 4851 1880 4933 recognovi

234 4966 266 5019 ct
290 4957 514 5041 subscripsit}
537 4957 594 5036 (sl.
613 4957 664 5036 D.)

183 5124 216 5172 40
336 5094 424 5158 Data
447 5112 497 5157 111.
521 5116 597 5158 non.
620 5116 695 5158 nov.
718 5115 804 5157 anno
829 5093 1013 5158 dominicae
1037 5095 1270 5158 incarnationis
1294 5108 1494 5175 Dccccaxu,
1523 5090 1701 5156 indictione
1719 5108 1770 5171 VI,
1795 5111 1881 5153 anno

233 5198 357 5281 imperii
382 5198 578 5262 serenissimi
603 5196 734 5261 Ottonis
757 5198 961 5281 imperatoris
984 5198 1108 5282 primo;
1132 5206 1240 5261 actum
1263 5197 1376 5280 Papia.

317 5384 374 5437 249.
406 5384 514 5452 [Sis-kd]
620 5384 687 5446 ald
792 5386 818 5449 b)
835 5384 896 5434 tiber
913 5384 960 5434 der
977 5384 1047 5435 Zeila
1064 5384 1253 5450 aacbqetrapea
1357 5385 1381 5446 c)
1399 5390 1463 5433 etri-a
1480 5383 1543 5433 celia
1561 5382 1723 5433 Burbstabca
1741 5381 1802 5433 sind
1819 5382 1881 5432 coll-

402 5454 517 5504 lromraea
535 5454 681 5516 comiocbt,
699 5471 750 5504 aar
768 5456 810 5504 eia
827 5452 1095 5518 Ablrtirseayezcicbea
1113 5453 1166 5517 aas
1178 5454 1228 5503 dea
1246 5453 1335 5502 lctrtea
1353 5454 1387 5502 ist
1405 5451 1470 5502 rrocb
1488 5451 1609 5503 ricbtber.
