4298 6414
984 447 1107 505 ΟΤΤΟ
1131 449 1154 504 Ι.
1180 446 1252 504 945.
1880 443 1937 506 151

291 647 418 715 quoque
440 625 534 709 regia
557 626 750 691 auctoritate
771 637 884 692 nostra
906 626 950 692 ad
972 628 1134 713 prefatum
1156 631 1388 694 monasterium
1417 629 1706 696 concederemus.¹¹
1749 632 1852 716 Igitur
1878 635 1940 718 piis

290 733 362 795 eius
383 728 602 813 peticionibus
625 739 804 794 annuentes
833 730 996 816 predictas
1026 754 1077 794 res
1107 742 1139 795 ct
1167 733 1299 817 insuper
1327 735 1522 819 omniaque
1549 734 1592 797 ad
1620 757 1753 819 presens
1778 746 1887 800 tenent
1909 747 1941 801 et

285 834 445 918 deinceps
468 855 528 918 per
550 843 715 898 cartarum
743 834 957 899 instrumenta
984 832 1155 920 adquirere
1183 836 1361 919 potuerint,
1396 834 1541 900 eiusdem
1571 839 1759 901 monasterii
1788 839 1938 902 monaehi

288 942 363 1003 iure
383 946 540 1022 perpetuo
564 946 695 1001 teneant
716 946 815 1022 atque
837 937 1037 1022 possideant,
1060 961 1119 1024 per
1139 938 1201 1004 hoc
1224 948 1334 1003 nostre
1356 941 1561 1005 auctoritatis
1583 952 1773 1026 preceptum
1795 944 1841 1006 eis
1864 965 1939 1007 con-

233 1077 252 1123 g
286 1039 448 1105 cedimus.
492 1040 539 1105 Et
565 1048 602 1105 ut
627 1040 691 1105 hoc
718 1049 829 1105 nostre
858 1043 1078 1107 concessionis
1107 1051 1297 1127 preceptum
1325 1043 1462 1107 firmiter
1489 1043 1712 1130 stabiliterque
1740 1056 1938 1129 permaneat,

292 1165 392 1210 manu
413 1145 547 1230 propria
571 1142 685 1210 subtus
706 1142 788 1210 illud
809 1145 1009 1210 firmavimus
1032 1144 1196 1230 anuloque
1218 1155 1330 1210 nostro
1353 1147 1499 1229 insigniri
1522 1149 1685 1211 iussimus.

395 1280 531 1366 Signum
554 1280 666 1346 domni
690 1280 822 1347 Ottonis
844 1282 908 1363 (Μ.)
930 1284 1015 1365 regis
1038 1284 1245 1347 serenissimi.

393 1384 482 1449 Brun
505 1383 721 1450 cancellarius
744 1383 894 1449 advicem
915 1384 1067 1449 Fridirici
1090 1385 1345 1471 archicapellani
1367 1387 1543 1470 recognovi
1566 1395 1598 1450 et
1620 1387 1746 1470 scripsi.
1772 1389 1841 1467 (SR.
1861 1390 1936 1468 NN.)

394 1520 482 1586 Data
505 1539 556 1587 111.
579 1521 652 1587 idus
675 1521 744 1587 iulii
766 1544 853 1587 anno
876 1523 917 1588 ab
940 1524 1166 1589 incarnatione
1189 1524 1312 1589 domini
1340 1540 1555 1606 Dccccxum,
1590 1523 1767 1588 indictione
1790 1542 1817 1606 1,
1852 1546 1937 1589 anno

221 1648 272 1697 ro
310 1625 405 1691 domui
426 1624 559 1729 Ottonis
583 1627 781 1692 serenissimi
802 1627 888 1712 regis
911 1644 967 1708 1x3
993 1637 1103 1692 actum
1124 1626 1168 1691 ad
1190 1624 1325 1713 Aquis.i

1086 1817 1146 1887 71.

319 1967 383 2045 Ouo
402 1968 542 2043 suante
562 1970 695 2043 selueru
718 1967 895 2046 Getreuen
917 1969 1062 2043 Franco
1085 1969 1177 2043 seclus
1200 1968 1454 2067 Kbuipslrufeu
1475 1970 1525 2041 e'ru
1547 1969 1739 2068 Nobepou.

1163 2115 1168 2127 '
1383 2109 1556 2183 Deeuurq
1579 2114 1640 2170 945
1664 2110 1820 2168 December
1842 2115 1893 2170 17.

398 2279 646 2354 Oriqiuoldiplom
668 2282 710 2338 im
733 2279 802 2340 coc.
826 2281 877 2340 let.
902 2284 985 2342 9264
1009 2281 1061 2339 der
1081 2280 1380 2340 Nationelbibliotbele
1401 2300 1441 2344 aa
1463 2283 1553 2340 Poris
1577 2280 1637 2359 (A).

239 2436 295 2484 ιε,
394 2419 531 2476 Mortem
554 2416 624 2478 eru.
648 2423 678 2489 1,
701 2420 764 2479 285
788 2436 824 2477 ea·
845 2419 912 2480 MS.
938 2419 1165 2487 Sullocimiai.
1189 2453 1231 2462 -
1259 2420 1417 2478 Hoatheiru
1440 2422 1518 2479 Hist.
1547 2422 1655 2479 Trcoir.
1680 2425 1709 2490 1,
1732 2424 1796 2480 280
1818 2428 1852 2478 πθ
1874 2423 1936 2480 159

393 2539 449 2580 ons
477 2522 515 2580 A.
546 2555 588 2564 -
616 2521 712 2596 cher
733 2523 925 2581 Mittetrlaeia.
955 2523 1018 2583 UB.
1043 2528 1072 2593 1,
1094 2527 1158 2583 245
1181 2529 1216 2581 πθ
1238 2528 1302 2584 182
1324 2542 1380 2583 oue
1404 2523 1434 2583 C.
1463 2557 1506 2568 -
1534 2525 1662 2583 Btlrmer
1688 2525 1760 2596 Rep.
1791 2527 1862 2584 129.
1891 2557 1933 2567 -

394 2626 522 2698 &urapf
540 2628 612 2699 aeq.
636 2628 708 2686 125.
732 2660 775 2670 -
801 2626 881 2686 Gora
902 2628 1094 2686 Mittelrleiu.
1118 2628 1190 2700 Rea.
1216 2630 1288 2687 921.

395 2764 528 2834 Versusst
552 2765 616 2822 read
634 2766 819 2837 pacturum
840 2784 896 2823 voc
919 2766 985 2824 ΒΒ.

394 2951 453 3030 (O.)
477 2953 491 3035 ᾖ
511 2949 552 3014 In
574 2952 703 3015 nomine
727 2960 860 3015 sauctae
882 2962 914 3015 et
936 2949 1122 3016 individuae
1145 2952 1308 3015 trinitatis.
1354 2950 1431 3017 Otto
1456 2949 1508 3014 dei
1530 2951 1636 3034 gratia
1657 2973 1726 3014 rex.
1814 2950 1936 3013 Notum

245 3066 290 3119 2⁰
304 3055 336 3117 sit
356 3053 506 3119 omnibus
529 3054 732 3140 presentibus
755 3076 814 3118 nec
837 3076 904 3118 non
926 3063 982 3117 et⁸
1004 3054 1205 3138 postfuturis,
1230 3053 1368 3139 qualiter
1389 3075 1450 3117 nos
1473 3075 1530 3137 per
1553 3055 1769 3118 interventum
1790 3050 1805 3131 l
1827 3052 1936 3116 dilecti

301 3155 382 3222 ducis
412 3159 516 3222 nostri
540 3156 705 3223 Ouonradi
732 3156 862 3222 cuidam
885 3156 973 3220 fideli
995 3166 1107 3221 nostro
1130 3156 1259 3221 Franco
1283 3158 1450 3220 nominato
1473 3158 1507 3220 in
1529 3157 1652 3221 foresto
1676 3167 1788 3222 nostro
1812 3156 1937 3219 Lutara

299 3258 377 3324 dioto
402 3278 438 3324 vl
467 3260 593 3345 regales
624 3283 756 3326 mansos
785 3263 869 3324 inter
893 3258 1079 3324 Basinbahc
1103 3271 1135 3324 et
1155 3257 1383 3324 llichinbahcb
1412 3282 1486 3324 eum
1514 3259 1617 3324 tribus
1650 3259 1778 3323 feminis
1808 3237 1935 3344 (llinza,

297 3362 410 3428 Ymma
424 3374 458 3427 et
472 3363 624 3447 Meginza
645 3364 842 3448 nuncupatis
865 3373 897 3426 et
918 3362 1048 3426 illarum
1066 3362 1145 3440 filiis
1168 3385 1298 3449 unoque
1321 3385 1415 3427 servo
1439 3362 1561 3427 Manno
1586 3361 1672 3426 dicto
1696 3365 1729 3427 in
1748 3384 1833 3447 pago
1849 3363 1936 3427 Nah-

294 3487 394 3550 govue
423 3468 590 3531 nominato
620 3469 652 3531 in
681 3469 861 3532 comitatu⁶
889 3464 1055 3530 (luonradi
1083 3468 1117 3530 in
1145 3469 1313 3552 proprium
1346 3465 1540 3530 donavimus
1574 3488 1649 3530 cum
1679 3466 1830 3531 omnibus
1858 3466 1934 3530 illue

253 3569 542 3654 apertinentibus,
573 3571 661 3654 agris
684 3570 785 3654 pratis
808 3571 938 3653 pascuis
963 3569 1053 3634 silvis
1076 3571 1169 3656 aquis
1192 3591 1414 3655 aquarumque
1438 3567 1628 3633 decursibus
1651 3568 1844 3634 molendinis
1871 3572 1935 3656 pis·

293 3671 474 3737 sationibus
498 3673 639 3737 exitibus
662 3681 694 3736 et
715 3672 871 3737 reditibus
896 3675 1029 3759 quesitis
1052 3683 1084 3738 et
1112 3672 1321 3758 inquirendis.
1366 3672 1524 3737 Iussimus
1554 3695 1682 3758 quoque
1710 3672 1773 3738 hoc
1802 3695 1935 3760 precep-

292 3787 357 3840 tum
380 3775 457 3840 inde
479 3775 642 3841 conscribi
664 3798 723 3861 per
745 3773 833 3861 quod
855 3774 1021 3858 volumus,
1049 3787 1208 3862 quatenus
1231 3775 1397 3862 predictus
1420 3776 1549 3840 Franco
1574 3774 1614 3840 de
1643 3776 1715 3860 ipsa
1737 3778 1935 3861 proprietate

292 3901 438 3944 securam
459 3878 580 3944 habeat
601 3888 797 3964 potestatem
818 3877 961 3942 habendi
984 3875 1153 3944 donandid
1181 3877 1343 3944 vendendi
1373 3878 1594 3944 commutandi
1618 3878 1671 3942 vel
1694 3879 1849 3965 quicquid
1873 3879 1935 3943 sibi

291 3981 418 4048 libuerit
439 3982 517 4049 inde
537 3982 688 4048 faciendi.
732 3983 776 4048 Et
798 3993 833 4046 ut
853 3982 916 4046 boc
940 3992 1070 4046 nostrae
1100 3983 1323 4046 concessionis
1352 3992 1542 4067 preceptum
1571 3982 1705 4046 firmiter
1735 3993 1934 4066 permaneat,

252 4103 277 4149 so
292 4107 388 4150 manu
409 4096 523 4151 nostra
545 4086 659 4151 subtus
680 4086 881 4150 firmavimus
904 4083 1066 4170 anuloque
1088 4095 1200 4149 nostro
1223 4086 1369 4169 insigniri
1392 4086 1554 4149 iussimus.

390 4222 405 4304 l
427 4224 564 4308 Signum
587 4221 699 4289 domni
722 4222 852 4288 Ottonis
877 4222 966 4302 (Mu.)
991 4223 1185 4287 serenissimi
1208 4224 1303 4307 regis.
1326 4219 1341 4300 l

390 4326 406 4408 l
427 4327 518 4392 Brun
539 4326 753 4392 cancellarius
775 4325 924 4391 advicem
939 4324 1100 4389 Fridurici
1115 4325 1354 4411 archiepiscopi
1372 4327 1558 4411 recognovi.
1581 4321 1595 4404 l
1618 4326 1688 4405 (SR.
1704 4324 1781 4405 NN.)
1808 4327 1865 4405 (SI.
1880 4324 1932 4404 D.)

390 4463 480 4528 Data
503 4473 599 4528 xv1.⁶
620 4463 687 4528 kal.
715 4466 780 4530 ian.
809 4487 894 4529 anno
924 4465 1158 4530 incarnationis
1188 4464 1312 4530 domini
1341 4480 1536 4546 occccxuv,
1570 4464 1747 4528 indictione
1770 4482 1812 4546 11,
1845 4485 1931 4528 anno

291 4562 400 4631 domni
424 4564 554 4631 Ottonis
577 4585 618 4650 κς
648 4577 757 4631 actum
780 4569 814 4631 in
836 4566 1036 4651 Tameburg.

249 4791 275 4841 as
1083 4758 1143 4831 72.

298 4907 378 4985 Otto
400 4908 489 4984 stelit
509 4907 574 4984 der
599 4909 744 4985 Trierer
765 4910 897 4986 Kircbe
920 4911 978 4985 elie
999 4912 1105 4985 Abtei
1126 4912 1186 4986 des
1212 4913 1245 4985 lc.
1275 4909 1460 4987 Servatias
1486 4911 1527 4984 io
1554 4909 1766 4985 Moustricbt
1790 4907 1931 4985 caeru.

1413 5051 1548 5110 Datilum
1570 5054 1632 5112 945
1658 5051 1815 5109 December
1835 5053 1887 5110 29.

391 5221 637 5297 &blandulum
662 5225 706 5282 im
733 5222 760 5281 t.
786 5221 987 5283 Stoutsorete'o
1015 5241 1055 5281 ru
1083 5222 1188 5282 Berlin
1215 5221 1276 5300 (A).
1308 5255 1345 5265 -
1374 5223 1440 5282 MS.
1465 5222 1517 5280 der
1542 5222 1633 5282 Gesta
1661 5223 1852 5280 Treverorum
1882 5221 1931 5281 des

391 5330 442 5388 13.
459 5324 512 5387 ch.
535 5330 570 5386 ire
591 5327 643 5386 der
665 5326 907 5388 Stedtbe'bliotbek
927 5345 968 5386 aa
993 5328 1076 5386 Trier
1097 5325 1162 5407 (F).

390 5493 433 5549 70.
459 5496 487 5558 b)
507 5501 586 5560 atquo
603 5495 765 5547 firmaremus
782 5494 813 5546 A'
899 5497 920 5558 i)
938 5497 1070 5546 iussimus.
1099 5495 1194 5546 Actum
1212 5513 1281 5547 anuo
1299 5495 1334 5546 ab
1355 5496 1535 5547 incarnatione
1557 5495 1656 5547 domini
1680 5506 1869 5560 oceccxxm,
1892 5497 1931 5546 in·

458 5564 574 5616 dictione
591 5575 637 5629 11,
665 5572 760 5631 epacta
776 5577 845 5629 xxv,
873 5571 1045 5616 concurrente
1063 5577 1090 5629 v,
1109 5581 1177 5616 anno
1196 5577 1216 5615 1.
1234 5567 1309 5632 regni
1327 5564 1431 5617 Ottonis
1449 5566 1518 5631 regis
1536 5563 1576 5615 A.

389 5648 433 5708 71.
459 5646 569 5720 [Sickel]
657 5653 682 5714 a)
702 5667 769 5703 corr.
786 5666 868 5717 arcp
954 5651 982 5713 b)
1001 5648 1051 5702 der
1067 5656 1132 5702 erate
1149 5667 1163 5702 c
1179 5650 1242 5702 ttber
1258 5649 1415 5718 acumem,
1442 5649 1492 5704 aaa
1508 5652 1593 5703 mue
1615 5667 1681 5703 corr.
1700 5666 1748 5701 orer
1767 5669 1783 5702 o
1871 5654 1931 5718 c)a

459 5735 628 5773 maura
715 5720 742 5786 d)
761 5719 1018 5774 corumdonann
1104 5721 1128 5788 a)
1146 5731 1180 5777 V1
1260 5719 1357 5775 aum.
