4298 6414
947 123 1071 180 orro
1093 124 1118 179 1.
1142 120 1214 178 oon.
1840 96 1903 179 469

255 302 336 368 Cum
366 303 441 389 ipse
471 302 588 367 Petrus
618 301 699 366 abas
727 312 760 367 et
790 304 860 388 ipse
883 302 1066 386 Atripertus
1095 301 1195 366 index
1225 305 1293 367 eius
1323 313 1355 367 ct
1382 305 1485 388 ipsius
1512 306 1697 368 monosterii
1722 303 1903 369 advocatus

252 406 364 472 taliter
394 403 581 486 retulisent,
615 406 663 468 sio
691 405 754 489 ipsi
785 403 1001 470 Unalcherius
1029 414 1062 469 et
1091 407 1169 470 item
1190 404 1407 472 Uualcherius
1436 416 1530 491 pater
1552 416 1585 471 et
1605 406 1673 494 iilio
1698 407 1851 472 dixerunt
1873 417 1905 473 et

247 511 397 598 professi
432 519 523 575 sunt:
558 507 653 575 ‘Vere
682 510 768 573 casis
797 516 830 572 et
857 508 955 574 rebus
978 508 1042 573 illis
1066 508 1183 594 quibus
1207 519 1282 574 sunt
1304 512 1426 596 poxitis
1448 513 1482 575 in
1504 510 1595 576 locas
1618 520 1650 574 ct
1672 511 1791 576 fundas
1813 534 1904 576 num-

247 622 400 699 cupante
421 611 593 676 Montione
615 620 648 675 et
668 619 755 675 terra
770 610 988 676 Barbaritana
1012 634 1069 676 sou
1091 622 1123 675 et
1145 612 1360 693 Martincnse,
1394 612 1490 677 vobis
1513 635 1534 676 a
1560 621 1653 698 parte
1682 616 1904 699 suprascripto

206 741 222 788 ⁵
244 717 456 784 monasterio
478 738 545 781 nun
569 715 824 780 cnntradicimus
846 737 907 780 nec
930 699 1154 780 contr'adicere
1178 718 1358 801 querimus,
1389 717 1466 802 quia
1488 738 1548 780 nec
1570 715 1697 800 legibus
1720 738 1904 802 possumne,

243 842 291 887 eo
322 819 415 906 quod
445 821 529 904 parti
558 820 661 905 ipsius
689 820 878 883 monosterii
906 818 1033 902 legibus
1062 841 1135 884 esse
1159 819 1279 883 debent
1301 828 1333 883 et
1354 818 1451 883 nobis
1473 818 1554 883 nibil
1578 821 1717 904 pertinet
1740 819 1783 883 ad
1805 819 1904 884 aben·

244 921 334 988 dum
357 945 419 987 nec
441 922 670 1008 requirendum
692 943 753 986 nec
775 924 936 1007 pertinere
959 921 1056 987 debet
1079 945 1154 987 curn
1176 922 1267 1007 lege!
1311 922 1343 985 Is
1367 923 1449 986 actis
1465 923 1736 986 etmanifestacio
1753 932 1905 1007 utsupra

244 1026 356 1108 facta,
380 1032 506 1090 rectum
529 1046 641 1089 corum
665 1023 816 1089 omnibns
839 1046 952 1090 eornm
975 1047 1075 1109 snpra
1096 1025 1240 1090 iudicum
1264 1035 1295 1090 et
1318 1025 1523 1091 auditoribus
1545 1029 1654 1112 paruit
1676 1050 1747 1091 esse
1770 1037 1803 1092 et
1825 1026 1905 1092 iudi-

246 1137 432 1211 caverunt,
461 1137 497 1192 ut
524 1130 611 1193 iusta
639 1150 753 1193 eorum
784 1127 1024 1213 altercapciono
1049 1136 1214 1193 eteorum
1237 1128 1425 1194 Unalcherii
1449 1139 1481 1194 et
1503 1131 1579 1194 item
1602 1129 1789 1195 Unalcberii
1815 1139 1907 1214 pater

206 1255 219 1302 >
249 1241 289 1296 et
316 1230 376 1296 filii
408 1231 611 1316 professione
641 1239 674 1295 et
700 1231 971 1296 manifestacione
1004 1232 1074 1314 ipse
1107 1231 1221 1296 Petrus
1251 1231 1333 1296 abas
1366 1242 1398 1296 et
1426 1232 1609 1317 Atripertns
1640 1235 1710 1298 eins
1738 1242 1771 1297 ct
1803 1233 1905 1318 ipsine

251 1335 446 1400 monasterii
474 1334 654 1399 advocatus
683 1334 836 1419 predictis
867 1337 952 1398 casis
983 1343 1016 1398 et
1044 1333 1141 1399 rebus
1171 1336 1205 1397 in
1233 1334 1324 1399 locas
1354 1344 1386 1398 et
1415 1335 1533 1399 fundas
1562 1335 1731 1400 Montione
1761 1346 1794 1399 et
1820 1346 1906 1400 terra

253 1438 478 1503 Barbaritana
504 1448 536 1502 et
557 1437 757 1503 Martinense
785 1440 869 1523 parti
899 1439 1000 1523 ipsius
1029 1438 1214 1502 monosterii
1243 1436 1286 1501 ad
1314 1440 1547 1522 proprietatem
1576 1437 1674 1502 abere
1702 1448 1733 1502 et
1764 1438 1906 1503 detinere

258 1538 409 1623 deberet,
441 1549 474 1605 et
501 1541 572 1625 ipse
594 1538 811 1605 Uualcbcrius
834 1549 866 1603 et
889 1542 965 1605 item
987 1539 1204 1605 Unalcherius
1227 1550 1320 1626 pater
1342 1550 1375 1604 et
1395 1540 1462 1605 filio
1486 1551 1654 1605 manerent
1676 1542 1795 1607 exinde
1819 1542 1906 1606 omni

260 1653 406 1730 ternpore
428 1645 521 1711 taciti
544 1653 576 1708 et
597 1646 759 1728 cuntenti3
794 1646 881 1709 etin
904 1668 942 1710 eo
966 1645 1064 1710 modo
1087 1645 1179 1709 finita
1201 1654 1250 1709 est
1273 1666 1374 1709 cansa
1397 1654 1430 1709 et
1450 1645 1536 1710 hanc
1558 1646 1683 1709 noticia
1705 1667 1764 1730 pro
1789 1647 1906 1710 securi·

206 1767 233 1818 5
266 1754 327 1811 tate
356 1748 580 1832 suprascripto
609 1747 805 1812 monasterio
833 1746 903 1811 fieri
932 1750 1095 1813 iussimus.
1142 1747 1281 1829 Quidem
1311 1757 1343 1813 et
1371 1769 1432 1831 ego
1454 1748 1591 1812 Rufinus
1618 1749 1765 1813 notarius
1796 1747 1906 1812 domni

267 1849 466 1935 imperatoris
489 1872 533 1914 ex
553 1850 680 1915 iusione
704 1852 926 1935 suprascripto
950 1853 1061 1917 comiti
1084 1851 1204 1936 palacii
1233 1874 1290 1916 eeu
1320 1850 1463 1916 iudicum
1492 1850 1752 1916 admonicionem
1781 1852 1907 1935 scripsi,

271 1974 345 2019 anno
373 1955 503 2039 imperii
535 1952 645 2017 domni
675 1953 814 2018 Hottoni
842 1956 955 2038 gracia
983 1954 1034 2019 dei
1064 1956 1240 2040 imperator
1268 1965 1425 2038 augustus
1454 1964 1487 2018 et
1514 1957 1591 2018 item
1615 1954 1717 2019 Hotto
1745 1952 1813 2017 filio
1837 1955 1906 2017 cius
1987 1948 1995 1972 ”

269 2057 372 2138 gracie
396 2055 449 2121 dci
470 2077 530 2119 rex
553 2054 614 2120 deo
639 2057 786 2141 propicio
811 2066 913 2139 sesto,
938 2056 1130 2122 duodecimo
1154 2058 1205 2122 die
1228 2059 1349 2123 mensis
1372 2059 1466 2140 iunii,
1490 2057 1668 2123 indictione
1691 2058 1828 2123 decima.

363 2193 407 2274 (†)
431 2191 588 2258 Otbcrtns
615 2214 725 2259 comes
754 2193 874 2279 palacii
904 2193 1090 2280 subscripsi.
1182 2194 1227 2275 (†)
1251 2194 1419 2259 Hnbcrtus
1442 2196 1616 2280 episcopus
1639 2203 1671 2258 ct
1693 2196 1810 2258 missus
1835 2193 1908 2257 sub·

207 2317 235 2363 o
262 2297 402 2381 scripsit.
492 2296 537 2378 (†)
555 2293 736 2361 Sicbclmns
752 2299 926 2382 episcopus
943 2307 1054 2361 sancte
1067 2293 1078 2335 ¹
1093 2297 1280 2361 Florentino
1303 2297 1484 2362 aecclesiae
1507 2292 1672 2382 interfnffl.
1763 2295 1807 2375 (†)
1824 2295 1907 2359 Euc-

255 2399 376 2464 rardus
399 2401 574 2484 episcopus
595 2400 727 2464 interfui
749 2409 782 2463 ct
805 2399 994 2485 subscripsi.
1088 2399 1130 2481 (†)
1152 2400 1318 2465 Zenobius
1341 2402 1515 2486 opiscopus
1544 2399 1688 2479 interfui,
1719 2399 1907 2482 subscripsi.

255 2502 311 2585 (†)
339 2502 452 2567 Hliuto
486 2505 660 2589 episcopus
693 2504 833 2569 interfui.
933 2502 977 2584 (†)
1008 2502 1211 2587 Teutpaldus
1247 2502 1347 2567 index
1384 2501 1495 2567 domni
1529 2503 1733 2587 imperatoris
1766 2501 1907 2564 interfui.

252 2606 310 2687 (ἢ
329 2605 523 2690 Helmingns
546 2607 647 2672 iudex
665 2606 776 2672 domni
798 2608 1029 2692 imperatoris⁸
1051 2608 1190 2671 interfui.
1282 2605 1326 2687 (†)
1350 2606 1545 2671 Lambertns
1563 2606 1709 2668 notarius
1726 2613 1757 2668 ct
1772 2604 1907 2668 scabino

250 2710 402 2777 interfui.
493 2709 538 2791 (†)
559 2709 784 2796 Giseprandns
803 2708 902 2774 iudex
921 2708 1030 2773 domni
1049 2711 1281 2794 imperatoris⁸
1298 2710 1439 2775 interfui.
1527 2709 1662 2795 Signum
1678 2709 1743 2789 (††)
1758 2708 1907 2773 manibus

206 2835 225 2882 5
253 2814 558 2898 suprascriptorum
579 2812 710 2879 Rodnlfi
732 2824 764 2877 et
785 2813 873 2877 Petri
897 2812 1069 2877 comitibus
1099 2815 1152 2898 qui
1182 2813 1405 2877 interfuerunt.

1043 3104 1129 3179 343.

261 3268 354 3348 Ota
371 3276 511 3350 ecbenbt
528 3276 607 3349 dem
624 3276 852 3371 Erepriester
875 3273 939 3348 der·
961 3275 1101 3350 099996
1118 3277 1249 3350 Kircbe
1272 3277 1390 3352 Victor
1416 3278 1563 3351 erbloscs
1590 3275 1664 3352 Gru
1688 3278 1739 3349 im
1765 3276 1909 3350 679696-

236 3413 341 3482 ,qau
364 3396 443 3469 oud
467 3396 654 3494 Enqadin.
1521 3419 1637 3481 Martia
1659 3421 1723 3478 967
1745 3417 1815 3477 Jati
1837 3421 1865 3476 8.

368 3619 594 3681 &danubrium
622 3639 764 3695 96996996
788 3640 844 3680 aas
875 3622 926 3679 der
956 3622 1045 3680 Mitte
1074 3622 1124 3681 des
1156 3624 1205 3681 15.
1230 3622 1283 3681 Ji.
1314 3622 1337 3693 f.
1364 3627 1406 3682 72
1435 3625 1477 3680 im
1507 3623 1708 3692 biscbdfiichcn
1738 3622 1846 3680 Archiv
1871 3640 1911 3680 eu

371 3723 454 3784 Uber
475 3723 538 3802 (0).

370 3888 558 3948 Guitlimame
579 3888 917 3962 Habeburyiacocd.1,
943 3890 1004 3948 435
1028 3890 1075 3947 cit.
1105 3922 1146 3930 -
1179 3888 1265 3961 Zupf
1283 3889 1366 3947 Moe.
1392 3889 1490 3948 anecd.
1515 3894 1544 3959 1,
1570 3892 1607 3948 61
1632 3897 1666 3946 rt⁰
1687 3893 1729 3949 29
1762 3888 1913 3961 conciliata

367 4008 422 4050 uus
450 3991 516 4049 dem
542 3990 656 4049 damula
678 3993 721 4048 96
743 3991 852 4049 Archiv
872 4009 913 4048 69
929 3988 1013 4049 0996
1030 3992 1221 4062 9969669996
1240 3992 1376 4065 09699696
1401 3991 1470 4070 (Ζ).
1494 4026 1536 4035 --
1559 3994 1710 4066 Hororayr
1725 3992 1912 4052 Sdrnmtlicbe

372 4096 474 4156 Warte
497 4089 539 4166 2b,
562 4098 605 4155 26
627 4101 660 4152 60
683 4100 703 4153 7
724 4112 781 4153 oue
805 4093 836 4154 C.
860 4128 901 4138 —
924 4095 1015 4152 Molo
1038 4093 1100 4154 01).
1124 4095 1210 4153 Ruet.
1234 4101 1264 4166 1,
1288 4098 1329 4156 89
1352 4101 1385 4154 60
1409 4099 1449 4154 63
1477 4113 1533 4154 aus
1557 4094 1587 4154 0.
1617 4129 1659 4138 -
1688 4095 1909 4167 6979699199.

371 4201 441 4259 334.
465 4231 507 4241 -
530 4197 658 4271 8699699
676 4199 749 4271 1699.
773 4201 845 4258 427.
868 4232 910 4240 -
934 4198 1143 4271 1696991699.
1170 4201 1261 4258 1089.

372 4360 505 4435 Versasst
527 4379 583 4421 996
604 4364 644 4420 It.
663 4359 705 4432 0„
729 4363 800 4420 aber
822 4362 1060 4420 wubrscbeinlich
1081 4379 1136 4420 996
1158 4363 1298 4421 auderem
1321 4363 1522 4422 italieuisciaeu
1536 4362 1634 4421 Notar
1650 4363 1705 4420 mit
1720 4361 1912 4418 1796966996-

369 4466 463 4526 seben.
486 4499 529 4508 -
554 4465 601 4524 Ζ9
624 4468 702 4525 terra
726 4468 900 4524 mortuorum
925 4464 977 4537 996.
995 4464 1093 4524 DDO.
1112 4468 1184 4534 341,
1209 4468 1272 4524 413
1295 4467 1358 4524 969
1380 4467 1480 4526 Waite
1499 4465 1579 4536 Vcrf.
1601 4465 1701 4524 Gescb.
1726 4468 1756 4535 8,
1778 4467 1851 4523 247.
1871 4495 1913 4506 —-

375 4569 500 4630 necnee
522 4569 686 4641 Aercujabr
707 4570 749 4626 im
775 4567 911 4640 09696699
930 4566 1091 4639 9996969696
1114 4568 1207 4626 leuben
1229 4585 1306 4641 6999,
1343 4568 1415 4628 lrtsst
1438 4570 1499 4628 sich
1520 4570 1600 4626 nicht
1623 4570 1704 4626 rucbr
1725 4568 1820 4626 sicher
1843 4564 1914 4637 feet·

370 4673 477 4732 stelles.
517 4672 578 4731 Von
601 4672 709 4730 diesem
731 4673 889 4744 9699397999
911 4672 1017 4729 99996
1039 4670 1087 4728 die
1105 4670 1329 4728 Zeitmertomle
1344 4671 1406 4742 aas
1417 4671 1474 4729 deu
1490 4672 1559 4730 Jab'
1574 4675 1645 4741 967,
1671 4671 1699 4731 d.
1717 4673 1743 4729 9.
1769 4687 1797 4729 es
1813 4669 1915 4728 99969

370 4774 433 4833 bier
460 4773 514 4833 das
541 4773 657 4833 Datum
685 4775 737 4833 der
764 4775 929 4846 Herodiano
959 4776 1159 4846 9699999996,
1195 4773 1321 4846 96969696
1342 4776 1403 4832 sich
1425 4775 1473 4833 die
1494 4774 1714 4847 49669669969
1736 4776 1780 4832 bis
1803 4775 1836 4831 to
1859 4773 1913 4831 dos

371 4878 525 4953 Frtthjubr
546 4880 609 4938 968
631 4882 807 4950 9966699969,
842 4880 876 4935 ire
901 4877 1032 4935 99199996
1056 4879 1087 4934 ia
1109 4876 1199 4950 Folpe
1221 4895 1276 4936 996
1299 4878 1415 4936 Vaccus
1437 4877 1487 4934 rios
1511 4877 1666 4935 deutschen
1689 4875 1913 4934 Keneleromtcs

370 4999 424 5041 696
446 4960 499 5040 der
520 4982 722 5041 italieuieeirea
744 4982 872 5040 Karatai
894 5001 934 5040 99
956 4984 1172 5054 9999969εοὶ996
1193 5000 1264 5040 rear.
1288 5015 1330 5024 -
1353 4982 1416 5039 Der
1432 4981 1536 5040 16996·
1554 4981 1583 5038 Ζ
1602 4974 1653 5038 bat
1675 4981 1729 5037 orit
1746 4977 1770 5038 0
1789 4996 1821 5036 so
1843 4977 1914 5035 vicie

371 5084 517 5157 efferbere
539 5084 647 5143 Febler
665 5087 782 5159 996969
804 5085 873 5144 class
897 5086 1068 5158 9699996696
1091 5084 1140 5143 des
1170 5084 1336 5143 Hiuweises
1364 5082 1426 5155 auf
1450 5083 1498 5142 die
1526 5080 1674 5154 Urschrift
1705 5096 1915 5154 9699699696

371 5187 486 5248 werden
507 5204 599 5258 muas,
624 5187 693 5248 dass
718 5186 805 5261 Zupf
824 5189 894 5247 oder
915 5191 996 5247 scine
1017 5189 1199 5247 7999666699
1225 5185 1377 5244 decliner
1399 5202 1455 5243 aas
1479 5182 1674 5257 Goeschdpft
1696 5183 1760 5242 966
1782 5181 1915 5255 16699699

354 5371 411 5427 342.
437 5374 459 5439 f)
477 5389 554 5425 moer
571 5375 614 5426 ein
630 5372 743 5440 eoqlea'eb
759 5373 919 5426 9696966699
937 5377 1005 5424 inter
1108 5376 1136 5440 g)
1156 5374 1231 5438 imps,
1250 5375 1341 5438 impris
1359 5371 1424 5422 obus
1441 5370 1718 5437 Abbibeuuqszeicben.
