4298 6414
975 125 1099 182 ΟΤΤΟ
1122 126 1146 180 Ι.
1171 122 1244 181 946.
1856 117 1934 184 ’163

273 316 388 396 pertus
409 318 491 394 post
514 308 702 393 edificatam
724 307 898 393 ecclesiam
926 316 959 371 et
987 307 1136 371 officinas
1167 306 1300 373 claustri
1332 330 1413 394 quas
1444 308 1538 373 simul
1569 318 1837 392 construxerant,
1872 310 1934 374 sibi

273 410 377 495 elegit
397 409 559 476 abbatem
580 423 613 477 et
635 434 670 476 se
692 433 768 476 cum
791 409 941 475 omnibus
965 433 1045 496 quos
1070 412 1265 475 accersierat
1287 412 1456 476 monachis
1479 414 1642 478 commisit
1665 411 1856 496 regendum,
1888 412 1933 477 illi

270 515 389 600 potius
411 534 449 578 se
473 535 574 600 quam
597 512 727 579 sibimet
749 515 812 600 ipsi
841 512 989 578 credens.
1033 513 1137 596 Igitur
1164 516 1241 599 quia
1269 513 1365 578 bonis
1393 514 1548 580 debemus
1577 515 1816 579 amminiculari
1846 517 1933 599 viris,

273 626 322 681 ut
345 627 460 683 nostra
488 617 624 684 valeant
652 619 788 683 mitione
819 615 965 698 defendi,
999 617 1090 701 regia
1120 616 1363 700 magnificentia
1390 639 1430 681 ac
1453 620 1570 683 virtute
1600 628 1712 683 nostra
1742 618 1934 684 roboramus

209 741 234 789 ὁ
277 721 478 786 auctoritato
495 721 651 807 quicquid
671 722 742 806 ipse
761 718 898 784 contulit
920 719 967 783 illi
990 718 1128 804 ecclesie
1144 719 1297 783 videlicet
1311 722 1345 784 in
1362 719 1567 786 (lemblausb
1589 744 1628 786 ao
1646 721 1801 808 quioquid
1816 722 1935 787 exinde

280 822 521 890 venerabilium
542 825 688 889 virorum
710 823 882 908 largitione
905 822 967 887 deo
992 824 1089 888 fuerit
1118 835 1280 889 annuente
1310 847 1520 908 concessum,
1554 835 1589 890 ut
1619 826 1726 891 nullus
1757 826 1934 891 infidelium

285 926 335 992 rel
356 927 479 1016 aliquis
502 929 572 993 eius
593 928 750 994 heredum
771 927 883 1014 aliqua
906 928 1086 992 temeritate
1109 928 1283 1011 infringere
1310 927 1445 1011 audeat,
1481 928 1539 992 sed
1569 931 1678 1015 potius
1708 930 1935 995 inconvulsum

292 1051 411 1118 semper
434 1042 638 1119 permaneat.
683 1030 840 1097 Habeant
863 1052 941 1095 sane
964 1039 1175 1116 potestatem,
1200 1032 1284 1094 sicut
1306 1033 1368 1117 ipsi
1391 1055 1411 1095 a
1434 1032 1529 1097 nobis
1553 1035 1772 1118 expetierunt,
1796 1034 1935 1119 eligendi

289 1135 483 1220 regularem,
517 1135 572 1200 vel
599 1136 632 1199 in
654 1134 711 1200 illo
733 1135 807 1200 loco
829 1134 881 1198 vel
905 1133 1102 1220 ubicumque
1125 1136 1171 1198 eis
1194 1134 1309 1199 melius
1332 1137 1438 1201 visum
1459 1137 1571 1219 fuerit,
1607 1136 1759 1202 abbatem
1782 1148 1814 1200 et
1836 1137 1936 1202 advo·

207 1245 247 1292 0
285 1247 390 1303 ortum
420 1239 478 1326 qui
508 1237 588 1303 inibi
617 1237 712 1302 datas
739 1260 791 1302 res
824 1237 895 1322 lege
930 1236 1072 1302 detineam
1105 1246 1218 1301 nostra
1246 1237 1297 1302 vel
1329 1242 1485 1304 comitum
1518 1251 1704 1305 nostrorum
1738 1240 1935 1304 defensione.

281 1336 409 1420 Quibus
434 1341 551 1406 eodem
573 1343 725 1406 iussionis
747 1363 819 1425 mee
840 1342 977 1426 imperio
1001 1339 1143 1405 faciendi
1170 1339 1339 1405 castellum
1369 1342 1569 1407 concedatur
1599 1351 1761 1428 potestas,
1796 1366 1816 1406 a
1844 1343 1935 1408 falsis

271 1445 438 1528 quatinus
461 1442 656 1510 Christianis
677 1442 730 1509 vel
753 1445 891 1530 paganis
914 1445 1052 1529 pignora
1082 1453 1269 1508 sanctorum
1299 1468 1360 1530 quq
1388 1444 1468 1509 inibi
1498 1445 1596 1529 digno
1626 1444 1759 1511 condita
1783 1456 1857 1511 sunt
1879 1445 1936 1510 ho·

262 1565 353 1612 nore
389 1547 576 1632 salventur,
610 1547 736 1632 deoque
758 1545 954 1612 famulantes
978 1547 1020 1611 ab
1045 1549 1131 1612 omni
1158 1555 1370 1632 protegantur
1393 1548 1606 1630 adversitate3
1639 1548 1810 1634 nullusque
1840 1548 1935 1613 nobis

257 1652 466 1718 succedens
488 1675 547 1717 rex
575 1654 609 1716 in
638 1661 783 1736 eternum
813 1650 948 1738 aliquod
977 1653 1097 1716 audeat
1127 1674 1170 1715 ex
1199 1651 1316 1716 eodem
1345 1651 1418 1716 loco
1449 1661 1602 1738 expetere
1632 1654 1799 1716 servitium
1829 1661 1936 1737 preter

206 1771 222 1818 5
252 1757 393 1822 munia
426 1757 613 1821 orationum
641 1753 684 1820 ab
716 1755 868 1840 omnique
898 1755 1109 1819 subiectionis
1139 1777 1298 1819 excussus
1331 1777 1427 1820 onere
1454 1778 1565 1839 regum
1590 1766 1747 1841 perpetua
1769 1755 1937 1819 firmetur⁸

250 1860 433 1924 mitione.
476 1857 547 1923 Nec
570 1860 686 1944 quovis
709 1856 808 1921 modo
831 1857 949 1943 aliquis
972 1859 1147 1943 episcopus
1170 1860 1204 1922 in
1226 1859 1319 1923 cuius
1343 1857 1466 1924 diocesi
1492 1859 1578 1923 idem
1601 1860 1713 1923 existit
1740 1859 1848 1941 locus,
1880 1858 1936 1922 ali-

247 1984 380 2050 quam
402 1964 473 2028 vim
495 1970 611 2027 eontra
632 1959 833 2025 voluntatem
856 1958 986 2024 abbatis
1009 1960 1130 2026 habeat
1152 1983 1212 2025 nec
1236 1961 1399 2045 synodum
1422 1984 1576 2047 peragere
1599 1984 1659 2026 nec
1683 1961 1783 2026 ullam
1805 1964 1935 2025 omnino

245 2089 346 2132 rem
370 2088 553 2148 exornare,
581 2066 644 2129 nisi
666 2062 893 2129 tantummodo
924 2064 1102 2129 monachos
1125 2065 1270 2130 eiusdem
1293 2063 1424 2128 abbatis
1448 2064 1613 2145 ordina-re,
1637 2074 1713 2149 post
1735 2073 1935 2150 mortemque

248 2171 346 2235 eius
380 2171 562 2234 accersitus
594 2170 687 2232 iuxta
712 2166 859 2251 regulam
892 2168 1018 2232 sanctit
1048 2168 1216 2233 Benedicti
1252 2168 1389 2233 consilio
1424 2169 1658 2233 monachorum
1691 2178 1936 2254 ceterorumque

206 2296 218 2338 r
250 2272 600 2358 conprovincialium
623 2293 742 2336 nomen
765 2271 817 2335 dei
844 2273 1026 2336 timentium
1055 2273 1254 2357 imperioque
1285 2273 1370 2355 regis
1401 2271 1539 2335 electum
1568 2269 1742 2334 benedicat
1773 2268 1935 2352 abbatem,

253 2379 394 2464 sicque
419 2375 540 2441 nullius
563 2377 705 2440 muneris
728 2385 865 2461 accepto
890 2376 1022 2439 servitio
1046 2385 1154 2460 preter
1176 2375 1387 2439 constitutam
1409 2372 1610 2458 prebendam
1632 2375 1727 2458 panis
1751 2374 1855 2437 sancti
1875 2372 1936 2436 sal·

255 2482 408 2545 vatoris
433 2477 477 2543 ad
504 2488 623 2542 statum
650 2477 762 2542 redeat
789 2479 920 2563 proprie
951 2477 1048 2541 sedis.
1092 2477 1137 2542 Et
1159 2479 1236 2563 quia
1260 2477 1319 2541 sub
1343 2486 1455 2541 nostra
1477 2477 1628 2540 consistit
1654 2476 1791 2558 ditione,
1823 2477 1936 2540 annui·

259 2606 353 2647 mus
377 2581 493 2646 abbati
518 2579 750 2645 cancellarium
773 2580 834 2644 sibi
859 2582 1055 2648 constituere
1079 2602 1316 2666 quemcumque
1339 2579 1478 2645 voluerit
1500 2603 1542 2643 ex
1566 2581 1650 2663 suis,
1682 2579 1827 2644 similiter
1855 2602 1936 2644 mer·

264 2696 395 2751 catum
418 2705 647 2770 percussuram
668 2693 797 2767 monete
819 2683 1021 2749 matheriam.
1059 2683 1128 2746 Nec
1151 2705 1209 2768 per
1231 2705 1348 2767 gyrum
1370 2685 1472 2768 ipsius
1488 2683 1642 2766 abbathiq
1659 2681 1811 2769 quislibet
1826 2704 1936 2747 comes

206 2801 233 2848 5
272 2791 353 2853 sive
387 2788 516 2872 legatus
550 2785 734 2851 dominicus
766 2785 834 2851 ulla
866 2797 976 2851 utatur
1009 2794 1169 2870 potestate
1205 2789 1274 2850 sine
1308 2787 1520 2871 permissione
1551 2785 1681 2850 abbatis
1712 2795 1743 2848 et
1771 2783 1936 2868 advocati,

274 2892 456 2978 isdemque
478 2891 571 2956 loeus
594 2889 765 2954 absolutus
789 2892 829 2953 sit
852 2889 894 2954 ab
919 2891 1006 2954 omni
1029 2889 1195 2972 theloneo,
1227 2912 1286 2953 nec
1310 2892 1343 2954 in
1367 2892 1499 2955 civitate
1522 2891 1638 2955 nec‘in
1661 2888 1795 2954 castello
1818 2911 1879 2953 nec
1902 2890 1936 2953 in

276 2996 363 3062 villa
384 3017 447 3060 nec
471 3016 569 3079 super
591 3016 696 3079 aquas
718 3015 778 3057 nec
802 2995 835 3057 in
857 2993 1011 3078 pontibus
1034 3015 1094 3057 nec
1117 2996 1151 3058 in
1173 2994 1270 3058 ullius
1299 2996 1426 3079 imperii
1455 2996 1556 3059 nostri
1588 2993 1661 3058 loco
1690 2993 1846 3058 tributum
1874 2993 1936 3058 sol-

279 3108 374 3164 vant
419 3098 465 3162 Et
492 3096 677 3163 huiusmodi
706 3119 765 3183 per
793 3097 1002 3162 succedentia
1031 3106 1179 3183 tempora
1208 3097 1299 3162 locus
1327 3096 1382 3162 illo
1410 3119 1524 3182 regum
1552 3105 1682 3162 tueatur
1708 3097 1864 3181 regimine
1896 3117 1936 3160 ac

287 3201 491 3284 defensione,
515 3211 550 3266 ut
572 3209 604 3265 et
625 3222 686 3265 nos
710 3211 742 3265 et
765 3198 976 3265 succedentes
998 3222 1091 3286 reges
1115 3223 1226 3265 eorum
1249 3210 1459 3286 protegamur
1481 3202 1635 3266 oratione.
1678 3200 1780 3265 Porro
1803 3200 1866 3264 hoc
1889 3200 1936 3262 uti

206 3305 259 3356 ³⁰
289 3314 418 3370 maneat
440 3312 547 3369 ratum
569 3314 601 3369 et
623 3326 682 3390 per
704 3302 913 3369 succedentia
935 3313 1084 3390 tempora
1107 3303 1348 3387 inconvulsum,
1377 3304 1467 3368 anuli
1489 3305 1590 3370 nostri
1613 3305 1826 3389 impressione
1849 3301 1936 3386 sigil-

291 3407 346 3472 lari
368 3408 523 3473 iussimus
545 3429 585 3471 ac
608 3430 708 3472 manu
729 3416 844 3472 nostra
868 3407 982 3472 subtus
1005 3405 1235 3490 firmavimus>

391 3544 529 3632 Signum
551 3544 661 3611 domni
685 3544 816 3610 Ottonis
840 3547 903 3628 (M.)
927 3547 1124 3610 serenissimi
1148 3547 1243 3631 regis.

391 3651 482 3715 Brun
506 3647 719 3714 cancellarius
743 3647 891 3714 advicem
913 3649 1075 3715 Fridurici
1099 3648 1352 3735 archicapellani
1375 3649 1563 3734 recognovi.
1588 3649 1657 3730 (SR.
1681 3649 1756 3728 NN.)

391 3786 481 3851 Data
495 3803 557 3850 xn.
572 3785 639 3850 kal.
657 3784 801 3852 octobris
816 3795 926 3851 actum
941 3810 1027 3852 anno
1046 3787 1282 3865 iucarnationis
1306 3784 1428 3851 domini
1452 3801 1663 3868 nccccxnvl,
1687 3783 1864 3849 indictione
1887 3791 1935 3865 1¹¹,

220 3882 275 3938 ³⁶
293 3911 374 3956 anno
399 3889 521 3955 domini
545 3887 676 3955 Ottonis
699 3906 755 3972 113
778 3897 888 3954 actum
909 3890 943 3953 in
965 3888 1103 3955 Leodio.

1083 4127 1143 4200 83.

301 4285 379 4363 Otto
402 4285 561 4384 bestdtipt
587 4283 666 4357 dem
691 4283 833 4358 Kloster
859 4282 1064 4358 Rundanas
1096 4282 1253 4355 mebrere
1281 4277 1539 4380 Sobeulnmqen
1568 4282 1679 4354 scices
1712 4280 1937 4379 Vorqdnqcrs

293 4406 386 4481 Karl
410 4420 473 4479 ΙΠ.
501 4404 581 4478 aad
593 4403 686 4503 fitqt
711 4403 789 4476 eiua
815 4398 1028 4500 Sclieulrrmq
1054 4403 1094 4474 iu
1120 4401 1354 4476 Litzelstetten
1380 4402 1499 4474 binzu.

1376 4541 1550 4613 Fraolcfurt
1573 4544 1636 4603 946
1657 4541 1819 4600 November
1840 4543 1892 4600 28.

240 4735 278 4787 40
394 4731 643 4806 &iomaldiplom
664 4728 716 4808 (A)
741 4730 804 4790 arad
824 4731 939 4790 acates
962 4729 1127 4804 Exemplar
1147 4748 1203 4790 non
1221 4731 1348 4805 oleieber
1369 4729 1479 4800 Hand,
1514 4731 1585 4789 aber
1606 4730 1679 4787 ohne
1701 4726 1795 4801 Sieyel
1819 4724 1871 4803 (B)
1895 4727 1938 4784 im

389 4837 501 4912 orosslr.
521 4833 885 4896 Goserclhoudesarobio
905 4851 946 4892 aa
965 4834 1142 4893 Karlsrube.

390 4971 509 5049 Damni
530 4974 602 5047 Ray.
626 4971 705 5032 aaa.
729 4974 769 5032 85
792 4976 826 5030 u⁰
847 4974 889 5032 24
912 4989 969 5031 aas
990 4971 1029 5031 A.
1053 5005 1095 5015 -
1118 4970 1247 5045 Stamps
1265 4973 1336 5045 Ray.
1362 4975 1426 5032 152
1446 4989 1487 5030 aa
1510 4975 1582 5032 947.

393 5111 515 5174 emor
530 5111 739 5185 Verqleicltwoq
753 5127 809 5169 oon
825 5109 856 5168 A
877 5110 941 5169 sord
956 5111 986 5170 B
1007 5111 1104 5170 morht
1125 5108 1351 5181 unewaselbuft
1372 5108 1441 5167 dass
1464 5106 1532 5168 BA.
1556 5111 1656 5167 suerat
1670 5108 1755 5180 jesses
1777 5107 1842 5165 wad
1863 5106 1939 5164 noda

391 5216 461 5288 iba,
483 5215 625 5276 abacta
646 5213 713 5274 weil
734 5231 763 5275 es
786 5213 915 5275 camelae
929 5216 1037 5276 Feltler
1058 5215 1186 5285 enituit,
1210 5214 1240 5273 B
1261 5214 1324 5273 aad
1344 5230 1427 5273 rwar
1440 5214 1495 5271 mit
1510 5212 1593 5271 metr
1607 5209 1740 5283 Sorofalt
1755 5211 1939 5286 qmrtrtetrn

250 5410 281 5460 lb
393 5398 730 5464 &eldafirmitorB
809 5397 1040 5468 effluentiae
1116 5392 1938 5467 u)ros‘aAm4sRasurmtdoonoudarerHond‚anl

590 5520 593 5524 '
1673 5501 1733 5563 21*
