4298 6414
220 363 241 427 6
816 365 1269 424 KAISERURKUNDEN.

221 550 356 632 dustria,
380 551 456 635 quia
470 550 521 613 vir
535 548 732 613 venerabilis
749 547 905 612 Salomon
921 545 1182 612 Constantiensis
1198 547 1356 611 ecclesiae
1372 547 1481 632 presul
1500 557 1533 611 et
1554 547 1659 612 abbas
1679 551 1868 614 monasterii

222 654 326 717 sancti
343 651 431 716 Galli
455 674 514 737 per
535 653 753 716 interventum
775 651 940 715 Hathonis
962 650 1140 714 venerandi
1162 651 1265 734 patris
1288 658 1321 713 et
1342 649 1485 734 religiosi
1509 650 1747 736 archiepiscopi
1766 651 1869 716 Ebur-

220 758 404 844 hardiqne²
423 757 568 841 germani
585 756 695 820 fratris
710 755 813 819 nostri
829 764 861 818 et
877 753 1015 818 aliorum
1031 753 1176 817 fidelium
1198 762 1382 817 nostrorum
1404 775 1465 817 nos
1488 753 1684 839 imploravit,
1708 763 1870 840 quatenus

221 885 259 927 ea
282 885 344 948 que
366 861 408 925 ab
430 858 692 925 antecessoribus
715 860 845 940 nostris,
868 857 1000 942 regibus
1015 855 1169 922 videlicet
1184 866 1217 921 et
1237 856 1498 942 imperatoribus,
1521 858 1647 943 prefato
1670 861 1870 923 monasterio

220 965 342 1031 collata
364 974 397 1031 et
415 987 474 1050 per
487 973 643 1049 precepta
657 964 864 1027 auctoritatis
887 985 999 1026 corum
1021 961 1233 1026 corroborata
1258 958 1357 1024 suntb
1382 982 1443 1024 nec
1465 982 1532 1024 non
1554 970 1587 1025 et
1607 961 1670 1026 hoe
1693 961 1903 1047 quodcum-o

220 1093 283 1156 que
304 1069 461 1134 moderno
485 1077 631 1153 tempore
653 1067 730 1131 illuc
753 1068 901 1152 aspicere
920 1065 1049 1130 videtur
1063 1064 1116 1129 vel
1133 1065 1221 1150 quod
1240 1064 1394 1149 deinceps
1416 1065 1450 1128 in
1472 1065 1523 1129 ius
1546 1064 1609 1130 loci
1631 1067 1735 1152 ipsius
1758 1067 1870 1132 divina

219 1175 325 1259 pietas
348 1194 468 1257 augere
491 1171 640 1253 voluerit,
665 1171 764 1234 etiam
785 1177 898 1234 nostra
920 1171 1115 1233 auctoritate
1138 1168 1434 1233 corroboraremus.
1465 1165 1567 1232 Cuius
1582 1170 1773 1254 petitionem
1789 1171 1870 1234 satis

220 1275 353 1361 dignam
369 1298 441 1340 csse
457 1283 692 1360 cognoscentes
713 1274 748 1337 id
768 1275 876 1358 ipsum
897 1282 995 1358 prout
1017 1273 1112 1337 nobis
1136 1274 1300 1358 suggessit
1320 1272 1449 1337 firmum
1472 1281 1505 1336 ct
1528 1271 1645 1336 stabile
1668 1273 1737 1337 fore
1761 1272 1870 1337 decre-

218 1381 341 1462 vimus,
364 1378 591 1444 constitucndo
615 1401 673 1464 per
696 1380 805 1443 onmia
828 1388 988 1464 quatenus
1011 1378 1173 1463 prefatum
1194 1378 1429 1441 monasterium
1451 1399 1525 1441 cum
1550 1375 1699 1440 omnibns
1722 1375 1805 1441 locis
1827 1377 1870 1442 ad

220 1507 294 1548 cum
317 1482 552 1569 pcrtinentibus
576 1482 635 1546 sub
659 1484 862 1547 immunitate
879 1490 991 1546 nostra
1010 1481 1179 1547 defensum
1194 1482 1354 1544 consistat
1376 1489 1409 1543 et
1430 1489 1575 1545 rectores
1598 1480 1686 1545 loci⁰
1706 1480 1794 1545 illius
1815 1503 1869 1545 ve·
1889 1493 1914 1540 lu

219 1587 279 1653 luti
294 1589 328 1652 in
344 1585 538 1651 Constantia
553 1588 687 1651 civitate
703 1596 735 1652 et
749 1584 808 1651 in‘1
828 1585 973 1671 Augensi
996 1586 1194 1651 monasterio
1211 1586 1261 1648 ius
1278 1583 1340 1647 sibi
1361 1607 1381 1646 a
1404 1583 1499 1648 nobis
1521 1592 1654 1649 teneant
1677 1607 1869 1650 concessum

220 1693 253 1756 in
283 1691 454 1776 exigendis
483 1692 549 1754 iam
579 1690 657 1754 dicti
685 1691 873 1755 monasterii
901 1689 999 1754 rebus
1027 1713 1085 1775 per
1113 1688 1318 1753 advocatos⁰
1346 1710 1458 1752 eorum
1487 1689 1521 1751 in
1549 1687 1679 1773 placitis
1708 1687 1870 1773 legalibus

220 1803 372 1859 coactum
400 1815 553 1857 exercere
581 1795 814 1875 iuramentum,
845 1801 877 1855 ot
899 1802 935 1855 ut
957 1794 1055 1857 etiam
1078 1793 1195 1857 fratres
1217 1792 1250 1855 in
1273 1790 1389 1855 eodem
1411 1790 1484 1855 loco
1508 1790 1570 1855 deo
1593 1791 1791 1855 famulantes
1813 1814 1870 1878 po-

220 1906 371 1962 testatem
394 1896 539 1960 habeant
561 1919 735 1981 perennem
758 1896 899 1979 eligendi
923 1896 984 1961 sibi
1008 1898 1092 1962 inter
1114 1899 1204 1981 ipsos
1227 1895 1382 1960 abbatem
1405 1905 1438 1960 et
1459 1904 1618 1961 rectorem
1642 1896 1772 1960 sibimet
1794 1919 1870 1961 con-

220 2009 387 2086 gruentem
411 1999 509 2063 etad
531 1998 660 2065 illorum
684 2002 945 2084 procurationem
969 2000 1131 2064 idoneum.
1168 1998 1365 2065 Addidimns
1392 2001 1490 2063 etiem
1513 2008 1546 2063 et
1567 2000 1630 2064 hoc
1656 2009 1692 2063 ut
1715 2001 1871 2086 quiequid
1888 2010 1914 2058 lt

220 2105 366 2190 prefatus
389 2105 563 2188 episcopus
587 2102 743 2167 Salomon
766 2128 808 2167 ex
831 2104 1006 2168 donatione
1029 2112 1273 2169 antecessorum
1295 2112 1496 2186 nostrorum,
1523 2104 1638 2169 Karoli
1661 2103 1817 2168 videlicet
1839 2116 1873 2169 et

220 2207 346 2272 Arnolfi
365 2210 599 2293 imperatorum
614 2208 712 2273 etiam
731 2217 763 2272 et
778 2208 978 2273 Illndouuici
993 2208 1090 2294 rogis,
1114 2230 1172 2293 pro
1189 2209 1259 2271 eius
1282 2208 1441 2293 frequenti
1465 2208 1625 2272 famulatu
1648 2207 1702 2272 etr
1723 2209 1871 2294 palatina

221 2315 376 2377 servitute
399 2313 578 2398 promeruit
600 2334 660 2376 nec
683 2335 748 2376 non
772 2313 871 2377 etiam
893 2312 935 2376 ab
959 2313 1033 2377 aliis
1055 2311 1241 2376 hominibus
1263 2334 1337 2375 cum
1362 2334 1419 2375 sno
1443 2310 1556 2376 labore
1580 2314 1754 2398 acquisivit
1777 2314 1871 2379 etad

221 2440 298 2503 sepe
320 2425 469 2481 notatum
491 2417 724 2480 monasterium
747 2418 807 2480 rito
831 2416 1030 2481 contradidit
1052 2424 1084 2479 et
1106 2415 1214 2481 adhuc
1237 2415 1429 2480 contradere
1458 2414 1616 2497 destinat,
1646 2415 1708 2479 boc
1737 2426 1788 2480 est
1813 2417 1871 2481 sd·

221 2522 324 2605 prime
345 2521 377 2584 in
392 2520 488 2584 Retia
504 2518 651 2583 Cnriensi
674 2518 843 2583 abbatiola
858 2520 1068 2583 Faueriensis
1091 2520 1279 2585 monasterii
1302 2521 1395 2582 iuxta
1417 2518 1662 2603 placitationem
1685 2520 1871 2586 traditionis
1887 2528 1914 2575 2(

220 2623 366 2688 eiusdem
388 2631 486 2709 prout
508 2623 597 2686 facta
619 2632 684 2705 est,
714 2630 812 2706 atque
839 2624 937 2686 etiam
961 2623 993 2686 in
1016 2623 1189 2708 Turgeuue
1212 2633 1335 2687 curtem
1358 2645 1457 2686 unam
1479 2623 1624 2688 Vuilrare
1647 2635 1871 2711 nuncupatam

219 2736 253 2791 et
274 2728 308 2790 in
330 2725 546 2811 Alpegeuuess
572 2726 680 2790 locum
702 2749 802 2791 unum
823 2723 1026 2811 Sueiningah
1053 2729 1256 2792 nominatum
1278 2749 1338 2790 nec
1360 2749 1425 2790 non
1449 2736 1482 2790 et
1503 2725 1556 2791 ini
1579 2750 1666 2813 pago
1689 2729 1776 2792 Para
1799 2752 1870 2794 cur-

221 2841 286 2895 tem
312 2853 411 2895 unam
434 2829 644 2894 Obcrendorf
668 2839 822 2895 vocatam
852 2852 927 2895 cum
955 2830 1095 2895 ecclesia
1122 2829 1310 2916 baptismali
1341 2839 1373 2892 et
1401 2829 1499 2893 rebus
1528 2829 1759 2896 ecclesiasticis
1790 2832 1871 2897 inibi

221 2936 382 3021 possessis
405 2944 437 2998 et
459 2933 580 2998 habitis
602 2936 783 3019 ceterisque
807 2933 957 2999 omnibus
980 2935 1024 3000 ad
1046 2936 1261 3019 prescriptam
1288 2933 1490 2999 abbatiolam
1514 2944 1546 2998 et
1568 2934 1612 2998 ad
1634 2934 1699 2999 alia
1722 2935 1796 3000 loca
1820 2961 1872 3001 su—

220 3062 281 3125 pra
304 3038 406 3127 libata
429 3038 624 3101 intrinsecus
647 3046 679 3100 et
708 3039 911 3102 extrinsecus
939 3039 1026 3103 iusta
1055 3040 1282 3103 terminatione
1310 3039 1517 3121 cedentibus,
1552 3040 1780 3105 universaliter
1808 3042 1871 3107 hoc
1889 3059 1914 3107 st

221 3165 316 3207 omne
345 3140 405 3205 sub
436 3150 546 3226 nostre
576 3141 789 3205 immunitatis
819 3140 1006 3205 defensione
1037 3143 1192 3226 persistat
1219 3141 1296 3206 illuc
1325 3143 1460 3207 limriter
1489 3142 1745 3226 consolidatum,
1780 3145 1870 3211 nullo

220 3246 355 3311 ulterius
376 3254 487 3329 nostre
510 3244 562 3308 vel
586 3246 703 3330 quovis
725 3246 898 3330 potestatis
920 3254 1001 3309 nutu
1024 3244 1057 3308 id
1080 3246 1186 3330 ipsum
1209 3246 1401 3311 immutante
1415 3244 1491 3311 velk
1511 3246 1741 3334 disrumpente.
1771 3248 1816 3312 Et
1836 3258 1872 3313 ut

219 3349 302 3415 hoc¹
323 3360 434 3434 nostre
456 3348 663 3413 firmitudinis
686 3358 874 3433 preceptum
897 3370 956 3433 per
978 3356 1096 3411 cuncta
1111 3349 1210 3412 futuri
1233 3350 1389 3434 temporis
1413 3352 1521 3435 spatia
1543 3351 1764 3416 inviolabilem
1788 3352 1871 3417 obti-

220 3465 297 3519 neat
326 3454 554 3535 stabilitatem,
584 3474 682 3517 manu
711 3452 844 3537 propria
872 3460 984 3515 nostra
1014 3450 1128 3515 subtus
1150 3451 1231 3516 illud
1252 3452 1453 3517 firmavimus
1477 3463 1510 3518 et
1532 3454 1629 3519 anulo
1654 3456 1766 3520 nostro
1790 3457 1871 3521 assi·

221 3582 322 3644 gnare
345 3559 560 3645 precepimus.
1887 3575 1914 3623 3<

325 3688 461 3773 Signum
488 3686 599 3752 domni
622 3683 843 3751 Chuonradi¹1¹
867 3687 959 3767 (M.)¹¹
986 3686 1158 3752 clarissimi
1180 3687 1277 3773 regis,

325 3791 482 3857 Salomon
504 3789 718 3854 cancellarius
741 3790 891 3854 adviccm
913 3790 1070 3875 Pilign'mi
1094 3791 1373 3877 archicapellani⁰
1398 3793 1585 3877 recognovi.

324 3921 415 3986 Data
438 3939 474 3985 11.
497 3920 571 3985 idus
593 3930 687 3986 mart.
710 3944 796 3986 anno
819 3922 1054 3986 incarnationis
1082 3922 1244 4006 dominice
1272 3939 1449 4005 nccccxn,
1479 3920 1656 3987 indictione
1678 3932 1788 3989 autem
1811 3941 1870 4009 xv,

221 4129 359 4194 feliciter
381 4150 486 4194 amen.
1887 4145 1914 4192 ss

1026 4289 1062 4365 6.

220 4429 380 4507 Koarad
404 4429 565 4532 bestr'ttipt
589 4429 669 4505 desa
694 4429 836 4505 Kloster
861 4430 984 4507 Fatela
1010 4432 1068 4505 die
1095 4432 1322 4524 Imm-onitin,
1355 4430 1425 4506 dea
1453 4430 1676 4532 Zehntbezup
1702 4459 1774 4507 con
1800 4420 1871 4509 dei

221 4555 369 4654 cipenen
395 4553 532 4629 Gittern
558 4552 639 4626 aad
664 4553 730 4625 das
756 4553 964 4628 Waolrectt.
1445 4594 1551 4654 Falsa
1574 4599 1638 4656 912
1659 4596 1753 4669 Apro
1776 4600 1825 4657 12·

326 4728 587 4805 Originuldiplom
608 4729 649 4787 im
674 4729 701 4790 k.
727 4727 937 4789 Staatsarchiv
958 4749 999 4790 ra
1021 4730 1174 4805 Morbury
1199 4730 1262 4809 (A).

323 4856 481 4921 Sclraaaat
495 4860 577 4919 Hist.
593 4858 688 4920 Fara
705 4862 735 4932 2,
753 4863 816 4920 140
831 4878 890 4920 uras
905 4856 938 4922 A
954 4860 1009 4941 (a).
1026 4895 1068 4904 —-
1083 4862 1210 4920 Droalcc
1229 4862 1294 4924 OD.
1311 4862 1405 4923 Fata
1420 4865 1485 4923 303
1500 4868 1535 4920 n⁰
1551 4864 1615 4921 656
1630 4880 1689 4921 aas
1704 4864 1733 4924 A
1751 4860 1803 4943 (b).
1829 4895 1867 4906 —-
1887 4885 1914 4933 4(

323 4964 454 5023 Bolnaer
468 4965 507 5026 A.
524 4964 615 5026 Goar.
633 4966 674 5025 10
689 4970 725 5022 πθ
739 4963 758 5024 5
774 4983 833 5023 aas
847 4965 893 5027 ab.
910 4998 952 5008 -
971 4966 1062 5026 Fors.
1078 4967 1113 5024 in
1129 4966 1271 5024 Berliner
1285 4965 1408 5027 Attila.
1432 5000 1475 5010 -
1497 4965 1632 5025 Bolrmer
1646 4969 1722 5040 Rep.
1739 4970 1819 5040 Imp.
1836 4967 1867 5039 4,

323 5063 400 5143 Rep.
424 5070 503 5130 Kar.
528 5072 621 5130 1236.

323 5198 428 5257 Sirion
449 5197 601 5257 reiclrnete
623 5197 680 5263 das
697 5194 855 5258 Oltm'smoa
878 5199 946 5258 aad
966 5199 1082 5259 scorteo
1098 5199 1154 5258 das
1169 5199 1372 5261 Eschatolcoll.
1406 5198 1492 5259 Alles
1507 5200 1615 5274 itbre'ye
1629 5218 1686 5260 coa
1703 5200 1757 5258 der
1772 5200 1868 5259 Hand

212 5352 216 5361 .
321 5303 403 5360 eines
426 5301 542 5361 Faldcr
563 5302 707 5375 Monalos,
741 5302 808 5361 dem
830 5302 878 5362 die
900 5303 972 5364 DD.
996 5303 1077 5364 Karl
1099 5313 1155 5365 ΙΙΙ.
1183 5320 1251 5363 vom
1275 5306 1325 5365 14.
1349 5306 1417 5364 Mai
1438 5307 1502 5363 884
1527 5304 1665 5383 (Droake
1688 5306 1750 5364 01).
1774 5304 1866 5366 Far-ld.

341 5452 365 5505 ὅ.
393 5452 499 5522 [Siclrel]
587 5459 615 5516 a)
631 5455 668 5521 A,
691 5456 910 5523 Heberhsrdique
928 5458 954 5508 B
1034 5456 1062 5524 b)
1080 5459 1262 5510 corroboratas
1280 5458 1307 5510 B
1388 5458 1413 5523 e)
1425 5456 1495 5521 fehlt
1512 5459 1541 5507 ia
1558 5457 1585 5507 B
1671 5457 1699 5523 d)
1718 5462 1744 5508 ot
1760 5458 1827 5524 Aug.
1846 5456 1870 5508 A
1888 5455 1914 5503 a

392 5525 417 5589 e)
435 5525 619 5577 advocatesB
695 5526 807 5589 f)acB
884 5529 913 5592 g)
931 5527 1119 5594 AlpigeuneB
1196 5527 1224 5589 b)
1243 5529 1426 5594 Suueinninga
1437 5527 1464 5576 B
1539 5530 1559 5588 i)
1577 5544 1626 5578 nec
1644 5544 1697 5577 non
1715 5534 1741 5576 et
1758 5527 1869 5593 pagoA

391 5594 421 5659 k)
439 5596 532 5659 corrip.
550 5612 598 5645 aru
615 5612 666 5646 nen
689 5596 758 5647 ins
846 5596 953 5658 l)·selrlt
971 5599 1000 5647 ia
1023 5597 1048 5647 B
1136 5600 1172 5657 m)
1191 5600 1217 5648 S.
1236 5598 1260 5647 d.
1279 5596 1327 5651 Cli.
1351 5596 1466 5647 areaatad
1491 5596 1565 5646 iad
1659 5597 1687 5660 n)
1703 5595 1774 5659 solli
1797 5598 1826 5645 la
1844 5596 1870 5645 B

393 5666 420 5724 o)
439 5664 575 5731 Pilegrimi
593 5666 816 5732 archicappellani
835 5666 868 5716 B.
