4298 6414
947 459 1072 515 ΟΤΤΟ
1094 461 1118 514 Ι.
1142 455 1214 514 952.
1843 453 1906 518 237

371 652 396 706 8.
415 643 535 718 August
557 644 603 704 uls
625 644 679 703 der
703 645 764 719 Tay
791 645 853 715 aas
879 644 1002 703 meloten
1029 643 1076 703 die
1098 643 1226 703 Kanzlci
1251 644 1308 703 dom
1328 645 1621 721 Repicrunqsootrttt
1644 646 1694 706 des
1716 647 1830 723 Ko'm'ps
1852 666 1906 706 ανε·

369 751 468 823 pectet
489 748 550 809 aas.

371 934 422 1015 (C.)
445 930 460 1014 l
487 933 526 999 In
555 935 686 999 nomine
714 943 847 998 sanctae
874 941 907 997 et
935 932 1123 997 individuae
1157 932 1319 998 trinitatis.
1372 933 1450 999 Otto
1485 934 1536 999 dei
1569 935 1700 1001 favente
1734 936 1907 1001 clementia

271 1056 335 1105 rex.
427 1037 586 1103 Noverint
608 1059 722 1103 omnes
744 1036 857 1102 fideles
879 1037 983 1101 nostri
1005 1048 1172 1122 presentes
1197 1036 1320 1101 scilicet
1346 1036 1360 1119 ξ
1388 1048 1420 1102 et
1447 1039 1562 1120 futuri,
1598 1040 1736 1125 qualiter
1760 1062 1820 1104 nos
1849 1063 1907 1125 per

236 1137 476 1208 enervorum
505 1138 615 1207 dilecti
642 1139 700 1205 filii
727 1141 830 1206 nostri
860 1140 993 1206 Liutolfi
1024 1142 1216 1226 animaeque
1245 1149 1376 1206 nostrae
1404 1141 1547 1207 remedio
1576 1143 1784 1208 concedimus
1807 1154 1905 1230 atquc

260 1242 426 1310 offerimus
448 1242 607 1308 ecclesiae
630 1253 743 1329 sancte
767 1243 819 1308 dei
842 1246 1007 1329 genitricis
1030 1245 1155 1309 Mariae
1178 1267 1240 1332 que
1263 1254 1451 1311 constructa
1473 1246 1578 1309 estin
1600 1246 1673 1311 loco
1703 1248 1757 1331 qui
1788 1245 1907 1312 dicitur

252 1339 558 1430 Meg-imatoscella,
587 1356 620 1411 et
646 1345 693 1412 ibi
719 1345 781 1412 deo
805 1347 1019 1413 servientibus
1041 1348 1207 1412 heremitis
1231 1347 1393 1434 quendam
1416 1347 1524 1412 locum
1547 1348 1681 1412 Lielahe
1703 1351 1905 1415 nominatum

251 1448 296 1530 qui
336 1449 434 1515 mobis
455 1447 496 1514 de
513 1450 658 1515 rachus·
680 1448 897 1516 Gundrammi
916 1450 1065 1536 populari
1089 1450 1208 1517 iudicio
1232 1452 1265 1514 in
1288 1451 1378 1534 regia
1400 1449 1579 1536 rectequeb
1602 1454 1690 1516 venit
1704 1455 1907 1536 vestituram,

248 1567 333 1616 cum
374 1551 515 1618 omuibus
544 1553 704 1619 utensiliis
732 1553 776 1618 ad
804 1553 942 1619 eundem
971 1554 1154 1640 predictum
1183 1553 1293 1619 locum
1323 1554 1574 1638 pertinentibus,
1608 1555 1784 1621 mobilibus
1807 1567 1840 1620 et
1861 1558 1907 1620 in-

206 1668 234 1715 1⁰
247 1649 435 1722 nobilibus
458 1657 594 1743 quesitis
617 1664 650 1721 et
671 1656 871 1743 inquirendis
894 1658 982 1742 agris
1005 1659 1108 1742 pratis
1131 1657 1273 1722 vinetis⁰
1294 1667 1327 1722 et
1348 1659 1531 1743 mancipiis,
1555 1681 1594 1722 oa
1610 1658 1760 1723 videlicet
1781 1663 1908 1726 ratione

246 1766 420 1835 quatenus
442 1761 526 1825 servi
549 1759 601 1824 dei
624 1762 658 1824 in
680 1760 753 1825 loco
777 1759 937 1846 prelibato
966 1770 1197 1825 conversantes
1225 1762 1291 1824 iam
1324 1760 1506 1846 predictum
1535 1763 1682 1846 predium
1712 1763 1800 1847 quod
1830 1786 1908 1829 con·

248 1862 321 1921 stat
342 1861 360 1902 '¹
381 1886 448 1929 esse
469 1864 503 1928 in
526 1885 614 1949 pago
635 1862 864 1949 Brisehguueb
892 1866 925 1928 in
948 1867 1105 1929 comitatu
1128 1863 1185 1928 filii
1207 1865 1310 1928 nostri
1333 1865 1484 1948 Liutolti,
1515 1887 1573 1950 per
1595 1864 1803 1930 succedentia
1827 1875 1905 1932 tem-

247 1978 379 2040 P⁰Pum
398 1966 557 2034 curricula
580 1989 692 2052 secure
720 1977 753 2031 et
782 1965 914 2053 quietel
940 1968 1104 2050 fruantur,
1134 1970 1277 2033 omnium
1300 1968 1467 2032 hominum
1490 1968 1747 2034 contradictione
1770 1979 1904 2034 remota.

248 2058 286 2122 Et
327 2080 367 2136 ut
384 2070 445 2136 hoc
474 2079 607 2137 nostrae
636 2071 842 2136 auctoritatis
871 2080 1061 2157 preceptum
1087 2072 1216 2136 firmum
1244 2071 1538 2157 inconvulsumque
1566 2082 1771 2157 permaneat,
1806 2095 1905 2137 manu

210 2176 237 2222 ¹⁵
250 2176 393 2260 propria
413 2173 607 2240 roborantes
630 2174 719 2239 anuli
741 2176 845 2239 nostri
868 2176 1069 2260 inpressione
1093 2174 1204 2240 subter
1225 2176 1380 2240 iussimus
1403 2175 1549 2259 sigillari.

365 2317 377 2399 l
397 2313 533 2398 Signum
556 2312 666 2378 domni
690 2311 820 2378 Ottonis
846 2314 935 2395 (Mu.)
960 2315 1156 2379 serenissimi
1179 2314 1274 2398 regis.
1298 2319 1312 2398 t

364 2415 498 2498 {Haolt
520 2415 760 2481 cancellarius⁰
782 2416 931 2483 advicem
953 2418 1116 2482 Brunonis
1141 2417 1417 2504 archicappellani
1440 2419 1627 2503 recognovi.
1650 2423 1663 2504 ξ
1684 2419 1742 2498 (sl.
1761 2419 1801 2497 1.)
1823 2420 1905 2499 (SR.)
1948 2503 1950 2508 ³

362 2553 449 2619 Data
463 2571 496 2619 v.
513 2553 581 2619 id.r
601 2576 676 2640 aug.
693 2577 779 2620 anno
796 2577 873 2621 vero
891 2552 1100 2639 dominicaqb
1123 2556 1358 2622 incarnationis
1373 2571 1544 2640 Dccccmt,
1568 2556 1745 2621 indictione
1760 2574 1794 2640 x,
1818 2580 1904 2623 anno

239 2657 341 2722 Vero
360 2660 448 2743 regni
472 2658 604 2724 Ottonis
625 2661 711 2743 regis
734 2676 825 2742 xvn3
852 2668 961 2725 actum
983 2659 1017 2723 in
1039 2656 1260 2742 Augustburc.

1044 2898 1127 2972 156.

247 3042 349 3125 Ouo
371 3053 532 3152 hestdtipt
552 3053 632 3127 dem
649 3054 795 3128 Kloster
816 3052 854 3130 S.
872 3054 976 3128 namt
997 3080 1042 3128 zu
1058 3054 1179 3131 Reios
1202 3055 1272 3130 deu
1289 3056 1408 3130 Besitz
1429 3056 1495 3129 der
1516 3055 1712 3130 derectum
1733 3083 1805 3130 ooo
1827 3057 1906 3130 dem

229 3157 477 3273 Erzbtsctwf
491 3174 624 3248 Artold
642 3176 903 3274 ttbertrupeaeo
925 3177 1030 3250 Abtei
1051 3176 1171 3249 Kusel.
1392 3213 1533 3285 Botkfdd
1556 3216 1620 3275 952
1642 3214 1810 3287 gemm„
1831 3220 1861 3275 9.

364 3399 612 3473 Originoldiplom
635 3401 668 3459 irs
689 3400 743 3459 der
764 3402 791 3459 lc.
816 3401 982 3460 Bibliottele
1003 3420 1044 3460 eu
1067 3401 1216 3476 Stattoart
1240 3400 1303 3480 (A).

360 3537 471 3598 Morlot
494 3537 574 3597 Ht'st.
597 3537 752 3598 Remmia
774 3543 804 3608 1,
828 3541 888 3598 581
914 3556 971 3598 aas
993 3537 1147 3610 Abselsre‘st
1170 3561 1210 3592 =
1230 3538 1331 3598 Gallio
1347 3536 1456 3600 Christ.
1481 3535 1544 3610 10⁶,
1568 3543 1609 3600 15
1632 3548 1667 3599 o⁰
1681 3545 1733 3610 10,
1759 3563 1798 3592 =
1822 3541 1904 3599 Bou·

361 3645 426 3715 quet
442 3647 471 3712 9,
488 3644 552 3702 384
569 3647 604 3700 a⁰
620 3645 649 3702 6.
672 3674 714 3685 —
735 3642 849 3716 Lumcp
872 3644 905 3700 iu
927 3643 1003 3702 Actu
1024 3642 1122 3702 Pelet.
1139 3645 1168 3714 5,
1185 3648 1250 3703 177
1267 3647 1336 3702 22⁰4
1359 3661 1415 3703 oue
1438 3642 1593 3715 Abscbrist
1615 3662 1680 3704 eom
1695 3643 1727 3704 J.
1745 3648 1839 3704 1306.
1864 3678 1905 3688 -

361 3744 489 3803 Bo'tmcr
510 3745 582 3818 Req.
606 3748 679 3806 194.
702 3777 746 3786 —
769 3744 897 3818 Rumpf
914 3746 987 3819 my.
1010 3750 1084 3806 217.

365 3882 497 3954 Versasst
520 3882 584 3941 und
602 3882 787 3956 yescbriebco
808 3900 864 3942 voa
889 3882 1001 3955 otpert.

361 4070 419 4150 (C.)
439 4071 454 4155 ᾖ
475 4070 514 4134 ln
536 4071 668 4134 nomine
691 4079 824 4134 sanctae
847 4080 879 4135 et
901 4068 1090 4135 individuae
1112 4070 1277 4135 trinitatis.
1322 4069 1401 4135 Otto
1430 4068 1541 4134 divina
1569 4071 1816 4137 concedentael
1844 4072 1905 4135 cle·

240 4173 380 4236 luentia
406 4195 476 4237 rex.
574 4172 712 4238 Noverit
739 4174 884 4238 omnium
911 4173 1056 4239 fidelium
1083 4183 1269 4240 nostrorum
1299 4175 1498 4260 presentium
1524 4175 1648 4240 scilicet
1671 4185 1703 4239 et
1724 4175 1906 4239 futurorum

206 4277 212 4308 '
250 4272 436 4360 industria,
459 4274 473 4360 ξ
496 4277 585 4364 qued
599 4275 757 4342 Artoldus
771 4279 946 4343 Remorum
968 4276 1234 4362 archiepiscopus
1257 4275 1396 4342 reddens
1419 4276 1463 4340 ad
1485 4276 1639 4342 eclesiam
1661 4278 1748 4342 beati
1767 4278 1906 4362 Remigii

257 4380 427 4466 quandam
455 4380 623 4447 abbatiam
645 4383 775 4446 nomine
799 4380 932 4447 Coslam
961 4382 1046 4445 intra
1075 4379 1156 4445 fines
1186 4383 1277 4466 regni
1305 4383 1408 4445 nostri
1438 4381 1549 4464 sitam,
1584 4382 1672 4446 misit
1702 4380 1744 4445 ad
1773 4391 1906 4445 nostrae

253 4486 440 4569 presentiae
472 4483 679 4550 clementiam
711 4484 928 4550 Hincmarum
963 4483 1092 4548 cenobii
1126 4483 1271 4549 eiusdem
1305 4483 1392 4550 beati
1420 4484 1557 4569 Remigii
1588 4483 1757 4566 abbatem,
1793 4494 1906 4570 petens

255 4585 493 4675 nostramqueb
511 4585 741 4672 celsitudinem
763 4587 943 4673 deprecans
966 4597 1002 4650 ut
1025 4589 1180 4673 quoniam
1202 4597 1288 4653 terra
1306 4589 1380 4674 ipsa
1395 4588 1535 4671 inperii·
1557 4587 1659 4651 nostri
1679 4586 1801 4651 ditione
1819 4586 1906 4650 clau·

262 4690 355 4774 ditur,
377 4700 510 4756 nostrae
532 4691 735 4756 auctoritatis
758 4699 913 4776 precepto
938 4691 1184 4756 concessionem
1207 4692 1310 4776 ipsius
1329 4691 1475 4776 episcopi
1494 4688 1686 4756 confirmare
1705 4690 1906 4755 deberemus.

206 4793 234 4843 5
266 4791 360 4860 Cuius
388 4793 544 4879 legationi
573 4791 748 4858 clementer
776 4802 956 4858 annuentes
979 4802 1012 4858 et
1033 4793 1208 4877 benignam
1237 4817 1335 4880 super
1354 4795 1417 4859 hac
1440 4817 1474 4858 re
1497 4792 1663 4859 Chonradi
1691 4794 1782 4859 ducis
1805 4797 1907 4860 nostri

266 4899 447 4982 petitionem
470 4898 686 4982 suscipientes
708 4919 768 4982 pro
791 4897 920 4961 animae
943 4906 1074 4961 nostrae
1101 4895 1244 4962 remedio
1273 4900 1575 4984 supranominatam
1598 4895 1717 4962 Coslae
1740 4898 1907 4962 abbatiam

268 5000 427 5066 monachis
457 5022 552 5065 sacre
582 5000 656 5066 loeo
686 5000 746 5066 sub
769 4999 882 5085 regula
904 5002 1008 5065 sancti
1030 4999 1199 5065 Benedicti
1224 5000 1481 5065 deservientibus
1504 5022 1577 5063 cum
1602 5002 1690 5063 omni
1714 4998 1838 5065 scilicet
1860 5001 1907 5063 in-

269 5106 418 5189 tegritate,
440 5103 528 5169 villis
550 5106 645 5168 terris
667 5103 750 5168 locis
774 5104 864 5169 silvis
887 5114 919 5168 et
942 5103 1092 5168 omnibus
1116 5103 1342 5169 adiacentibus
1364 5102 1580 5186 reddidimus,
1605 5102 1760 5188 quicquid
1783 5103 1907 5169 scilicet

271 5207 345 5271 intra
358 5208 528 5293 Vosagum
550 5217 614 5272 ac⁰
635 5208 669 5272 in
691 5228 777 5293 pago
793 5207 944 5272 Roslinse
966 5209 999 5271 in
1022 5208 1180 5272 comitatu
1195 5207 1337 5272 Blisinse
1359 5207 1404 5272 ad
1426 5209 1532 5292 ipsam
1554 5205 1722 5271 abbatiam
1745 5209 1907 5292 pertinere

220 5316 257 5367 ⁴0
272 5309 403 5395 videtur,
437 5312 522 5376 sicut
554 5312 618 5396 ipsi
644 5309 796 5376 videlicet
824 5311 1012 5376 beatissimo
1041 5309 1148 5375 adhuc
1179 5311 1344 5397 superstiti
1372 5310 1520 5394 Remigio
1550 5330 1570 5372 a
1599 5306 1786 5375 Clodomiro
1819 5334 1906 5396 rege,

348 5499 401 5553 155.
429 5499 538 5568 [Sickel]
640 5504 666 5564 a)
686 5500 723 5564 A,
746 5502 833 5553 tuden
851 5517 886 5551 aa
908 5517 924 5553 a
946 5501 994 5552 der
1010 5501 1106 5552 Haben
1116 5501 1167 5566 fiir
1188 5519 1203 5553 e
1223 5506 1347 5567 aoqesdst
1366 5502 1398 5550 tot
1416 5499 1482 5550 ohne
1501 5498 1611 5566 Tilpnnp
1628 5499 1674 5550 des
1691 5505 1802 5550 creterra
1820 5499 1906 5551 Buch-

428 5569 531 5621 steten
633 5568 703 5631 b)A
806 5572 831 5632 c)
850 5587 916 5622 coir.
933 5587 982 5621 aru
1004 5574 1105 5622 venetis
1209 5570 1236 5634 d)
1255 5588 1272 5621 n
1294 5569 1356 5620 ι’ἱὸεν
1372 5568 1420 5620 der
1437 5567 1507 5620 bite
1523 5568 1710 5634 meyerum
1815 5573 1840 5633 e)
1857 5569 1907 5621 aaa

428 5640 515 5690 mose
532 5654 550 5690 a
566 5637 627 5690 ster
644 5638 692 5691 der
708 5638 778 5691 &sta
795 5637 983 5705 mebpctraqea
1085 5640 1107 5703 f)
1125 5641 1152 5690 id
1171 5638 1237 5690 obas
1253 5636 1529 5703 Atmnmqezucuea

294 5780 297 5785 -
350 5738 404 5796 let.
431 5740 540 5811 [Sickel]
648 5741 718 5805 a)A
825 5745 853 5807 b)
871 5742 1021 5810 nostrffiq3
1046 5745 1093 5794 mit
1116 5742 1303 5809 itterstr‘tutpsm
1319 5740 1589 5808 summovemus·
1697 5743 1723 5807 c)
1740 5741 1793 5806 aas
1810 5741 1905 5795 Bucar.
