4298 6414
892 467 1016 525 ΟΤΤΟ
1039 471 1062 524 1.
1086 466 1158 524 967.
1779 457 1840 521 461

206 658 344 734 praeest,
379 680 452 715 more
480 667 541 730 piae
570 664 760 716 reeordationis
788 659 1031 714 antecessorum
1060 658 1244 714 nostrorum
1273 651 1439 734 utriusque
1462 663 1553 713 Karoli
1576 668 1603 713 et
1624 663 1757 713 Laconici
1786 670 1843 711 seu

206 753 369 818 isamberti
392 770 527 835 quondam
549 771 737 835 imperatorum
759 775 898 835 sequentes
921 776 1063 835 praccepta
1085 771 1236 819 emunitatis
1259 784 1327 834 quae
1350 770 1400 833 ipsi
1423 770 1450 817 in
1474 767 1584 818 eandem
1606 767 1745 818 eeclesiam
1766 768 1842 816 mise-

206 880 268 935 ruut,
290 880 384 923 nostra
405 876 564 925 auctoritate
586 874 800 925 confirmaremus
809 858 831 936 b,
855 876 933 924 sicuti
956 869 988 923 et
1010 874 1132 935 fecimus,
1156 875 1281 938 quatinus
1304 888 1395 922 omnes
1409 888 1452 922 res
1466 886 1638 937 quascunque
1653 873 1711 935 ipsa
1727 853 1842 919 (lomus

207 975 242 1025 dei
264 976 346 1026 habet
367 981 422 1025 tam
447 976 480 1026 de
502 971 672 1027 donacione⁰
695 963 927 1047 imperatorum
950 992 1093 1042 regumque
1116 992 1247 1042 quamque
1270 977 1420 1041 reginarum
1442 976 1485 1025 vel
1509 976 1605 1025 ducum
1627 980 1706 1039 atque
1729 974 1843 1024 ducatri-

207 1095 259 1128 cum
282 1086 342 1129 seu
365 1066 548 1150 principum
568 1066 873 1130 Beneuentanorum
896 1096 943 1130 seu
965 1096 1182 1146 quorumcunque
1211 1081 1346 1130 hominum
1375 1079 1453 1129 deum
1481 1080 1631 1128 timentium
1653 1079 1709 1128 sive
1731 1079 1811 1127 etiam
1827 1094 1843 1125 s

207 1184 346 1247 emptiones
369 1185 640 1249 commutationesque
662 1183 705 1233 vel
734 1190 906 1233 causarum
934 1182 1100 1233 definitiones
1123 1199 1189 1248 quas
1211 1182 1243 1232 de
1266 1184 1345 1233 rebus
1368 1187 1475 1231 sauctae
1499 1180 1626 1231 ecclesiae
1648 1186 1762 1230 rectores
1785 1182 1842 1230 eius

206 1302 246 1350 per
267 1300 365 1335 causas
387 1288 415 1335 in
438 1269 537 1355 legali
560 1286 658 1336 iudicio
680 1287 817 1350 vicerunt,
851 1302 900 1337 nec
921 1302 975 1335 non
997 1292 1023 1336 et
1046 1302 1136 1336 omnes
1158 1286 1276 1336 redditus
1299 1285 1341 1335 111
1365 1285 1512 1334 oblationes
1533 1284 1650 1334 fidelium
1679 1284 1841 1333 diversarum

206 1389 372 1440 ecelesiamm
395 1391 446 1453 ipsi
469 1396 576 1440 sanctae
591 1391 797 1441 Beneuentanae
813 1406 843 1441 ac
859 1390 1013 1456 Sipontinae
1037 1374 1105 1438 sedi
1127 1390 1232 1455 legibus
1254 1390 1442 1454 pertinentium
1465 1390 1493 1437 in
1515 1389 1646 1453 integrum
1665 1388 1698 1437 ab
1718 1389 1842 1451 episcopo

206 1494 390 1543 Beneuentano
420 1494 466 1558 qui
496 1510 542 1558 pro
572 1498 689 1559 tempore
719 1495 799 1544 inerit
826 1497 953 1545 securiter
983 1495 1183 1558 possideantur,
1216 1495 1272 1543 sive
1298 1494 1327 1542 in
1349 1493 1502 1542 civitatibus
1524 1485 1556 1539 st
1579 1474 1723 1539 castellis
1746 1505 1792 1539 seu
1815 1491 1843 1539 in

206 1597 271 1646 villis
293 1598 337 1648 vel
360 1599 388 1647 in
411 1599 545 1648 montibus
568 1604 648 1663 atque
669 1598 756 1663 planis
779 1614 826 1649 seu
849 1605 875 1649 et
897 1600 924 1647 in
949 1599 1032 1663 aquis.
1069 1598 1105 1646 Et
1128 1598 1216 1646 omnia
1238 1597 1397 1660 patrimonia
1415 1610 1447 1645 ac
1465 1596 1644 1659 possessiones
1667 1593 1842 1658 undecunque

206 1710 227 1750 et
251 1701 406 1766 ubieunque
432 1703 490 1766 ipsa
515 1701 565 1752 dei'
582 1687 697 1752 (lomus
720 1686 867 1771 legaliter
894 1702 1028 1767 possidere
1057 1716 1088 1751 ac
1111 1700 1240 1749 dominari
1261 1699 1367 1750 videtur
1389 1698 1433 1749 vel
1454 1698 1526 1763 quod
1549 1699 1656 1746 inantea
1677 1696 1776 1746 ibidem
1798 1696 1843 1746 ad-

206 1803 284 1853 litum
313 1805 355 1855 vel
386 1804 536 1869 delegatum
565 1789 744 1855 seeundum
773 1790 880 1875 legem
908 1806 1001 1867 tuerit,
1037 1805 1086 1855 sul>
1116 1805 1267 1854 emunitatis
1296 1805 1401 1853 nomine
1431 1804 1455 1853 ei
1485 1802 1652 1853 conterimus.
1696 1801 1843 1851 Ecclesiam

206 1908 285 1956 sancti
309 1892 463 1957 Videlicet
484 1909 622 1958 Michaelis
645 1892 831 1978 archangeli
856 1926 887 1958 ex
910 1914 999 1959 moute
1022 1908 1145 1973 Gargano
1168 1913 1194 1958 et
1222 1910 1307 1971 ipsum
1337 1906 1474 1956 (rastellum
1503 1906 1550 1955 ubi
1580 1906 1632 1954 iarn
1660 1904 1731 1954 dicta
1757 1920 1843 1954 sacro-

206 2017 293 2060 sancta
315 2011 429 2062 ecclesia
450 2013 501 2061 sita
524 2016 577 2074 est,
610 2026 665 2061 una
687 2028 747 2062 cum
771 2013 893 2061 omuibus
915 2011 1089 2076 gastaldionis
1111 2012 1149 2060 ihi
1178 1995 1459 2060 commanentibus
1483 2008 1651 2059 concedimus
1674 2003 1706 2057 et
1728 1992 1843 2058 confir·

206 2120 339 2179 mamus,
363 2118 393 2162 ut
415 2113 508 2163 amodo
527 2119 554 2163 et
571 2113 695 2178 deinceps
718 2100 845 2163 cunctis
867 2116 1002 2178 perpetuis
1024 2114 1187 2178 temporibus
1202 2130 1218 2161 a
1233 2113 1308 2163 salva
1330 2128 1379 2162 sua
1401 2113 1522 2162 libertate
1544 2112 1597 2160 sint
1619 2111 1668 2160 suh
1691 2110 1843 2160 ‹leiensicue

206 2199 411 2284 supradictae
435 2200 520 2265 sedis
543 2203 676 2287 eiusque
699 2200 896 2267 rectorum.‘¹
920 2202 1086 2287 Simulque
1105 2201 1315 2266 concedimus
1331 2211 1363 2265 et
1381 2200 1611 2265 confirmamus
1627 2202 1661 2263 in
1676 2202 1742 2263 iam
1757 2199 1845 2263 dicta

206 2302 278 2368 sede
296 2303 454 2389 oppidum
468 2304 636 2368 Baranum
655 2307 688 2369 iu
711 2305 857 2369 eiusdem
881 2305 1037 2370 eeclesiae
1061 2308 1222 2370 territorio
1247 2307 1344 2368 situm
1366 2327 1440 2370 cum
1464 2306 1557 2391 aquis
1581 2313 1613 2367 et
1636 2305 1700 2367 aris
1723 2302 1844 2367 ibidem

206 2409 331 2471 sturctis
355 2408 513 2493 terrisque
537 2407 752 2493 omnibusque
776 2410 842 2472 suis
866 2410 1084 2493 pertinentiis:
1107 2409 1189 2472 haee
1214 2411 1323 2474 omnia
1347 2409 1505 2493 perpetim
1528 2410 1560 2471 11
1579 2409 1724 2492 episcopi
1741 2407 1843 2470 Bene·

206 2512 334 2574 uentani
364 2510 487 2575 ditione
516 2520 548 2576 et
576 2521 738 2596 potestate
768 2515 950 2577 consistant
977 2512 1020 2577 ad
1049 2511 1287 2598 disponendum
1310 2534 1350 2577 ea
1373 2511 1514 2597 qualiter
1536 2513 1606 2596 ipse
1629 2510 1782 2589 voluerit,
1813 2520 1844 2574 et

206 2614 344 2677 universi
368 2614 523 2700 oppidani
547 2615 881 2701 eiusdem-municipii
906 2618 1010 2680 securi
1035 2615 1076 2680 ab
1103 2619 1189 2682 omni
1213 2615 1345 2700 publica
1368 2617 1505 2698 angaria
1522 2636 1686 2700 censuque
1702 2624 1845 2678 111111-

206 2717 288 2780 tione
316 2716 427 2803 aliqua
457 2717 575 2782 amodo
599 2728 631 2782 ct
654 2718 809 2804 deinceps
832 2719 925 2783 salva
949 2742 1009 2783 sua
1036 2717 1184 2782 libertate
1207 2720 1240 2781 in
1265 2718 1413 2783 omuibus
1437 2716 1574 2781 subiecti
1599 2727 1631 2781 et
1655 2717 1843 2782 obedientes

206 2830 413 2903 permaneant
435 2822 500 2884 iam
524 2820 630 2884 dictae
655 2820 749 2885 sedi⁰
771 2823 903 2907 eiusque
926 2822 1117 2904 rectoribus,
1141 2832 1176 2886 ut
1200 2844 1294 2886 omne
1314 2845 1396 2907 opus
1412 2821 1462 2885 vel
1479 2844 1596 2886 census
1611 2820 1662 2884 vel
1679 2822 1842 2885 actionem

207 2943 298 3006 quam
321 2921 452 3007 publice
475 2923 661 3008 persolvere
691 2923 887 3007 debuerant,
921 2924 1002 2989 haec
1026 2925 1123 2990 ambo
1149 2924 1270 3010 oppida
1293 2927 1325 2988 in
1350 2924 1500 3010 praefata
1524 2923 1575 2988 dei
1599 2924 1737 2988 ecelesia
1760 2925 1842 2987 eius·

207 3045 263 3108 que
284 3024 467 3088 rectoribus
491 3026 679 3110 persolvant
701 3037 869 3113 perpetuo.
903 3026 1017 3114 Aquas
1040 3051 1117 3094 1110
1141 3027 1302 3114 Sipontini
1325 3027 1389 3092 laci
1414 3037 1446 3091 ct
1463 3027 1583 3091 flumen
1601 3028 1732 3091 nomine
1748 3025 1843 3089 Plata

207 3149 275 3193 eum
298 3130 364 3192 aris
388 3129 601 3215 omnibusque
625 3133 691 3196 suis
715 3133 916 3216 pertinentiis
940 3155 1020 3219 quas
1044 3130 1265 3217 usquemodo
1289 3133 1355 3195 iarn
1378 3132 1506 3216 prefata
1529 3129 1668 3195 ecclesia
1690 3130 1794 3193 tenuit
1812 3138 1844 3193 ct

207 3252 259 3314 per
277 3254 499 3318 quascumque
522 3235 718 3318 scriptiones
741 3238 866 3319 retinet,
892 3235 1038 3300 similiter
1054 3234 1262 3299 concedimus
1278 3244 1310 3298 11
1326 3235 1555 3299 confirmamus
1571 3234 1604 3296 in
1620 3232 1734 3296 eadem
1750 3254 1844 3295 vene·

206 3334 294 3398 rabili
327 3335 421 3417 sede,
457 3345 491 3400 ut
519 3337 606 3401 unde
634 3336 689 3400 illa
720 3338 834 3403 demus
866 3339 917 3403 dei
947 3338 1126 3425 temporale
1155 3339 1297 3422 accipiat
1325 3339 1559 3401 incrementum
1571 3333 1589 3418 ¹,
1612 3335 1689 3399 inde
1719 3357 1843 3399 merces

206 3436 424 3503 accumuletur
453 3461 511 3523 pro
543 3439 751 3505 salvationeg
777 3443 906 3506 animae
936 3452 1067 3507 nostrae
1096 3442 1302 3527 omniumque
1325 3449 1509 3505 nostrorum
1531 3448 1703 3524 parentum
1726 3448 1843 3503 status-

206 3560 263 3624 que
286 3541 390 3603 nostri
414 3539 622 3606 confirmetur
645 3544 781 3628 imperii.
826 3543 1008 3629 Denucque
1032 3567 1089 3630 per
1114 3545 1200 3608 hune
1229 3545 1331 3608 nostri
1360 3543 1526 3627 praecepti
1557 3551 1702 3606 tenorem
1732 3551 1845 3606 nostra

206 3644 364 3705 concessit
391 3652 422 3706 et
450 3643 655 3709 confirmavit
683 3646 854 3711 clementia
883 3650 915 3712 in
944 3648 1058 3712 eedem
1088 3647 1139 3711 dei
1168 3646 1345 3711 reverenda
1375 3645 1451 3709 aula
1476 3646 1727 3709 Beneuentanae
1757 3645 1844 3709 sedis

206 3744 282 3810 luas
306 3745 472 3829 abbatias,
507 3747 631 3813 scilicet
653 3759 802 3814 sanetum
824 3751 955 3815 Petrum
985 3750 1025 3815 dc
1052 3749 1164 3815 Duddi
1193 3761 1224 3814 et
1254 3761 1402 3814 sanctum
1426 3750 1605 3815 Iohannem
1628 3749 1725 3814 Porte
1747 3771 1844 3833 auree

206 3871 275 3914 1111
300 3850 448 3915 omnibus
472 3873 583 3915 earum
605 3850 725 3937 ubique
749 3854 952 3937 pertinentiis
975 3852 1026 3916 vel
1051 3852 1243 3916 adiacentiis
1266 3854 1343 3934 suis,
1367 3861 1403 3916 ut
1425 3874 1445 3915 a
1464 3852 1627 3935 praesenti
1643 3861 1675 3914 et
1690 3849 1844 3936 deinceps

206 3953 432 4038 perpetualiter
460 3956 492 4018 in
522 3964 684 4039 potestate
714 3964 746 4019 et
775 3956 996 4021 dominatione
1020 3980 1077 4021 seu
1100 3956 1314 4041 dispositione
1337 3957 1483 4041 episcopi
1506 3957 1696 4035 consistant,
1720 3954 1844 4039 absque

206 4059 423 4144 cuiuscunque
447 4058 557 4143 aliqua
581 4060 811 4123 contrarietate
833 4060 886 4123 vel
909 4062 1126 4146 requisitione.
1165 4061 1350 4123 Firmitatcs
1374 4058 1512 4144 denique
1536 4080 1619 4143 quae
1637 4066 1844 4122 constructae

206 4168 277 4223 sunt
305 4159 356 4224 vcl
385 4170 612 4225 construentur
642 4162 675 4224 in
704 4164 865 4227 territorio
894 4162 1105 4226 eeclesiarum
1134 4161 1279 4227 eiusdem
1310 4163 1395 4227 sedis
1425 4163 1546 4247 pariter
1569 4164 1789 4245 concessimus
1813 4171 1844 4225 et

206 4262 465 4328 confirmavimus
480 4265 515 4328 in
530 4264 644 4329 eodem
659 4264 837 4330 venerabili
853 4264 937 4347 loce,
960 4287 1000 4329 ne
1017 4267 1088 4350 quis
1105 4265 1237 4329 easdem
1252 4265 1420 4330 firmitates
1443 4265 1486 4330 ad
1504 4265 1671 4351 publicum
1689 4265 1844 4330 reducere

206 4374 235 4429 11
262 4365 422 4432 subiicere
453 4378 657 4451 praesumat,
693 4367 750 4432 scd
773 4370 864 4452 ipsae
887 4377 1054 4432 etearum
1075 4367 1277 4433 habitatores
1301 4368 1393 4433 salva
1417 4390 1475 4432 sua
1498 4367 1647 4432 libertate
1671 4370 1704 4431 in
1736 4367 1844 4452 dispo-

206 4470 316 4534 sitione
340 4492 468 4555 semper
491 4480 521 4533 et
544 4470 681 4536 subiecti
705 4469 957 4556 obedientesque
980 4474 1134 4556 episcopo
1157 4473 1388 4536 Beneuentano
1413 4481 1623 4556 permaneant
1641 4473 1673 4534 in
1694 4471 1843 4536 omnibus

206 4569 411 4656 [precariis]h
435 4595 497 4657 que
519 4572 649 4657 publice
673 4572 853 4638 debuerunt
875 4573 1067 4658 persolvere.
1105 4590 1248 4653 Propterea
1271 4574 1401 4660 quidem
1424 4591 1471 4639 has
1489 4596 1593 4639 nostras
1616 4577 1844 4640 concessiones

206 4685 234 4739 ct
255 4675 520 4740 confirmationes
543 4685 641 4762 atqua
665 4693 835 4743 summitatem
858 4693 1023 4742 coriscrihero
1046 4694 1184 4754 iussimus,
1208 4688 1243 4742 ut
1266 4677 1416 4742 omnibus
1439 4689 1536 4742 not-ae
1560 4680 1633 4760 sint,
1658 4687 1689 4741 11
1707 4709 1753 4757 per
1769 4700 1843 4741 ean·

206 4777 277 4843 [lem
299 4781 509 4844 emunitatem
533 4795 683 4859 specialiter
706 4795 880 4844 ordinandum
904 4796 1082 4857 decrevimus,
1113 4803 1142 4844 ut
1165 4796 1255 4845 nullus
1277 4795 1403 4862 quislibet
1424 4796 1541 4846 fidelium
1564 4803 1712 4845 nostrorum
1735 4802 1789 4845 tam
1812 4796 1844 4845 dc

206 4897 342 4948 iudiciaria
364 4903 494 4962 potestate
518 4913 597 4963 quam
621 4898 653 4948 ds
676 4899 785 4964 reliquis
807 4901 926 4963 personis
949 4900 1043 4949 amodo
1067 4907 1092 4950 et
1115 4901 1239 4965 ‹leiuccps
1261 4903 1289 4950 iu
1317 4887 1382 4949 iam
1412 4884 1516 4949 (listas
1545 4883 1695 4948 abbatias
1724 4894 1756 4948 et
1778 4885 1868 4951 iam.

206 4986 270 5050 iata
294 4987 425 5071 oppida,
450 4987 575 5051 scilicet
598 4989 702 5051 sancti
726 4987 895 5052 Michaelis
919 4988 1104 5073 archangeli
1128 4999 1159 5053 et
1179 4990 1318 5071 Barani,
1344 5010 1427 5073 quac
1450 4988 1717 5072 praedecessores
1740 4989 1843 5052 nostri

206 5090 390 5155 Ludouicus
414 5101 445 5154 et
468 5089 664 5154 Lambertus
688 5093 900 5175 imperatores
929 5091 985 5155 illa
1008 5092 1053 5155 ibi
1077 5094 1351 5157 confirmaverunt
1374 5090 1426 5156 111
1449 5102 1681 5156 concesserunt
1704 5114 1762 5176 per
1785 5113 1844 5153 sua

206 5203 377 5279 praecepta
407 5216 463 5258 seu
492 5194 678 5276 firmitates,
710 5197 776 5258 sivo
801 5197 833 5258 111
857 5214 1015 5261 monasteria
1038 5196 1143 5259 eidem
1167 5194 1255 5259 sedit
1284 5212 1404 5259 suhicctn
1426 5216 1472 5258 aut
1494 5211 1521 5258 in
1545 5209 1669 5258 ccclesias
1691 5209 1733 5259 vel
1757 5216 1844 5258 111111

206 5329 246 5363 111
276 5315 304 5362 in
332 5329 374 5362 res
403 5314 540 5362 universas
570 5315 762 5377 suprascriptas
791 5314 860 5363 unde
891 5317 949 5378 ipsa
971 5299 1048 5363 edes
1072 5322 1166 5363 sacra
1188 5297 1286 5382 legali
1311 5296 1422 5361 ordine
1445 5329 1517 5362 1111
1542 5304 1638 5362 vestita
1667 5329 1724 5362 esso
1753 5312 1843 5376 digno-

206 5417 283 5467 scitur
304 5415 347 5466 vel
370 5431 438 5481 1111
461 5416 569 5467 inantea
591 5416 713 5481 largitate
735 5417 864 5465 lmnerum
888 5417 1022 5466 lmmimun
1045 5419 1180 5482 acquirere
1202 5419 1326 5481 potuerit,
1353 5416 1387 5465 ad
1410 5431 1505 5465 sarisas
1527 5416 1688 5467 audiendum
1710 5416 1754 5465 vel
1777 5415 1844 5465 freta

286 5595 345 5650 318.
372 5599 399 5662 b)
416 5599 599 5649 confirmamus
618 5598 639 5648 A
738 5599 762 5659 c)
782 5599 893 5649 dacione
911 5598 932 5649 A
947 5619 979 5644 =
994 5598 1048 5650 VU.
1062 5608 1088 5649 11
1190 5599 1217 5662 d)
1234 5598 1381 5649 rectoribus
1399 5599 1430 5661 A,
1449 5614 1502 5647 war
1520 5596 1653 5662 alleajallr
1670 5596 1710 5647 ala
1727 5614 1775 5647 von
1793 5599 1843 5647 sub

371 5666 499 5732 1111ὶί1919
515 5667 624 5732 qedccht
641 5667 718 5718 sebon
736 5670 772 5716 tm
786 5666 906 5733 Oriqinal
920 5667 1060 5732 yestanden
1077 5667 1159 5718 habea
1176 5668 1247 5717 kann
1343 5668 1366 5731 e)
1383 5666 1496 5717 sedisA
1587 5668 1798 5733 Oinrementum
1821 5665 1844 5715 A

372 5739 400 5802 g)
419 5738 573 5788 salvationis
591 5736 615 5786 A
701 5737 729 5803 h)
748 5739 777 5786 in
802 5735 1038 5787 anochoretae
1056 5755 1072 5803 p
1085 5772 1175 5788 ......
1185 5739 1208 5787 11
1294 5738 1314 5798 1)
1333 5737 1451 5787 eiusdem
1469 5737 1539 5787 sedis
1557 5734 1589 5788 A.
