4500 6420
247 426 312 493 314
843 439 1293 499 KAISERURKUNDEN.

347 622 498 694 Nochtrap
513 619 546 699 (s.
563 621 672 681 Fictor
686 623 779 681 Beitr.
796 626 827 693 2,
844 623 897 702 49)
912 628 971 683 erst
988 627 1031 683 int
1049 624 1186 698 Ormioal
1206 625 1380 699 aapebracht
1398 624 1499 684 warde
1518 624 1588 684 oder
1609 627 1713 685 bereits
1735 626 1801 684 dem
1816 624 1892 687 Ooo-

347 729 426 798 cepte
447 724 594 799 bethesaqt
615 743 688 797 war,
712 726 784 785 ldsst
806 728 868 785 sich
888 727 968 784 nicht
991 728 1181 786 entscheiden.

350 948 408 1028 (0.)
432 947 446 1028 ᾗ
466 947 506 1012 In
527 950 658 1012 nomine
682 957 815 1013 sanctae
838 957 869 1011 et
891 947 1078 1012 individuae
1100 949 1265 1013 trinitatis.
1302 947 1380 1014 Otto
1400 950 1451 1014 dei
1470 953 1577 1035 gratia
1598 974 1667 1015 rex.
1767 950 1891 1015 Notum

245 1051 286 1114 sit
310 1050 459 1116 omnibus
481 1053 602 1117 nostris
624 1051 776 1116 fidelibus
798 1051 1004 1136 presentibus
1028 1051 1164 1114 selicet⁸
1186 1060 1218 1115 et
1240 1051 1365 1135 hrturis,
1390 1053 1479 1139 quod
1494 1053 1581 1118 Gero
1601 1052 1769 1138 [marchio]
1789 1053 1804 1135 1
1822 1052 1827 1137 Ι
1847 1053 1891 1118 ad

242 1154 356 1220 urbem
385 1178 469 1243 quae
499 1166 637 1221 vocatur
665 1154 880 1220 Geronisroth
909 1153 952 1217 ad
981 1155 1213 1218 monasterium
1249 1154 1362 1240 quodb
1396 1156 1448 1220 ille
1481 1167 1513 1220 et
1543 1179 1620 1221 suus
1649 1157 1735 1222 filius
1766 1156 1925 1241 sigifrit

242 1259 316 1324 thus
338 1259 487 1325 habentl
515 1271 751 1343 constructum,
775 1269 877 1324 totam
901 1281 994 1324 suam
1016 1259 1220 1323 tradiderunt
1242 1256 1470 1340 hereditatem,
1493 1268 1627 1345 uterque
1650 1258 1792 1342 illlorum
1813 1281 1890 1324 eum

241 1360 440 1445 cou]lsensu
464 1362 606 1443 alterius,
631 1362 672 1427 ob
695 1362 874 1427 remedium
897 1363 1024 1426 animae
1053 1371 1208 1427 nostrae⁰
1236 1361 1358 1446 filiique
1386 1360 1516 1426 nostrib
1543 1360 1721 1427 videlicetl
1749 1364 1834 1447 regis
1857 1373 1890 1426 et

241 1488 301 1551 pro
332 1489 367 1531 se
398 1476 430 1529 et
460 1465 615 1551 sigifrido
646 1464 840 1552 Geroneque
870 1476 902 1531 et
932 1465 1082 1531 omnibus
1112 1468 1179 1531 suis
1209 1464 1409 1530 debitoribus
1438 1466 1521 1529 vivis
1552 1475 1585 1529 ct
1618 1465 1790 1530 defunctis.
1835 1465 1890 1529 Ad

244 1567 326 1652 [hec]
353 1567 357 1654 l
381 1567 484 1634 verob
513 1571 749 1652 concessimus,
784 1580 820 1633 ut
848 1569 921 1633 talis
949 1569 1081 1635 traditio
1109 1570 1204 1633 firma
1232 1565 1371 1633 nostral
1400 1568 1594 1633 auctoritate
1625 1567 1770 1632 stabilita
1793 1570 1836 1632 sit
1857 1577 1889 1632 et

240 1671 348 1736 nullus
379 1694 398 1735 a
426 1672 552 1757 prefato
587 1674 784 1737 monasterio
819 1671 944 1756 aliquid
976 1671 1165 1737 abstrahere
1198 1671 1318 1735 audeat
1345 1670 1397 1735 vel
1432 1672 1551 1734 iniuste
1578 1693 1675 1756 agere
1702 1670 1755 1735 vel
1786 1670 1887 1735 ullam
1907 1682 1940 1730 10

243 1772 462 1858 [potestatem]
489 1772 493 1858 l
516 1774 592 1839 inde
620 1796 787 1856 exercere,
825 1773 898 1857 [nisi
921 1774 1113 1858 advocatus]
1137 1823 1295 1840 ........
1309 1784 1330 1838 ⁰.
1369 1773 1466 1838 Unde
1489 1775 1588 1838 etiarn
1609 1784 1747 1859 rogante
1769 1776 1889 1839 comite

240 1876 399 1961 prelibato
424 1877 570 1942 Hathuui
594 1902 655 1964 quc
678 1900 737 1963 pro
762 1878 813 1942 dei
837 1879 952 1942 timore
975 1888 1008 1941 et
1030 1901 1140 1944 amore
1163 1877 1319 1943 mundum
1344 1876 1507 1962 reliquid⁸
1534 1886 1771 1961 postmortem
1794 1876 1889 1961 [sigi-

239 1980 314 2045 fridi
327 1977 348 2067 f]
374 1980 378 2066 l
403 2004 532 2047 sacrum
554 1982 704 2046 velamen
727 1982 825 2066 capiti
849 1982 1013 2067 imposuit,
1036 1984 1102 2046 iam
1124 1983 1306 2067 praefatam
1329 1980 1632 2044 commendavimus
1655 1979 1832 2063 abbatiam,
1857 1989 1889 2044 et

239 2084 389 2149 volumus
418 2095 454 2149 ut
483 2087 581 2170 ipsass
609 2084 777 2149 abbatissa
806 2106 880 2148 curn
909 2086 1104 2149 monasterio
1135 2083 1348 2170 omnibusque
1380 2086 1446 2149 suis
1477 2085 1654 2148 attinentiis
1684 2083 1744 2148 sub
1775 2094 1889 2149 nostra

241 2186 453 2274 defens[ione]
478 2187 482 2275 l
508 2198 604 2274 atque
631 2190 767 2253 tuitione
797 2189 979 2273 perenniter
1007 2197 1147 2251 maneat.
1190 2187 1270 2251 Post
1291 2187 1393 2251 vitam
1415 2196 1523 2251 autem
1552 2186 1738 2251 abbatissae
1762 2187 1886 2251 Hathui
1907 2197 1940 2245 16

239 2289 294 2374 ille
318 2301 451 2355 sanctae
474 2290 634 2355 moniales
657 2291 794 2356 liberum
816 2289 959 2354 habeant
982 2289 1150 2355 arbitrium
1178 2286 1405 2375 abbatiss[a]m
1434 2291 1518 2353 inter
1546 2312 1580 2354 se
1603 2287 1780 2373 eligendi.¹¹
1811 2288 1815 2374 l
1843 2291 1888 2355 Et

239 2402 275 2457 ut
296 2393 356 2457 hec
379 2405 511 2458 nostrae
541 2393 789 2459 condonationis
818 2395 997 2458 auctoritas
1026 2393 1219 2458 inconvulsa
1248 2402 1280 2457 et
1310 2391 1522 2457 corroborata
1551 2394 1608 2475 sit,
1642 2395 1795 2457 iussimus
1824 2393 1887 2458 hoc

240 2496 403 2561 conscribi
419 2506 452 2561 et
467 2496 555 2561 anuli
571 2498 674 2561 nostri
696 2498 910 2582 impressione
934 2495 938 2581 l
965 2495 1099 2580 sigillari
1122 2519 1285 2582 manuque
1307 2508 1421 2562 nostra
1444 2496 1557 2562 subtus
1580 2519 1653 2562 earn
1675 2498 1886 2564 firmavimus.

341 2656 355 2737 l
376 2660 513 2745 Signum
536 2662 645 2727 domui
670 2660 800 2726 Ottonis
824 2663 912 2744 (MP.)
935 2665 1132 2728 serenissimi
1154 2664 1250 2747 regis.
1272 2662 1287 2744 ᾖ

341 2778 355 2860 l
372 2780 550 2845 Liudulfus
566 2781 780 2847 cancellarius
797 2781 945 2848 advicem
959 2784 1124 2848 Brunonis
1140 2781 1393 2868 archicapellani
1409 2784 1609 2865 recognovit.
1628 2780 1642 2861 l
1659 2783 1716 2863 (SI.
1729 2783 1781 2863 D.)
1805 2783 1886 2864 (SR.)
1904 2796 1939 2844 20

340 2942 430 3009 Data
456 2961 527 3008 xvl.
556 2944 623 3008 kal.
652 2966 725 3029 aug.
756 2967 841 3009 anno
871 2947 1106 3010 incarnationis
1137 2945 1319 3010 dominicae
1352 2961 1539 3028 Dccccuxr,
1575 2967 1660 3010 anno
1688 2967 1765 3009 vero
1794 2947 1885 3029 regni

239 3043 370 3110 Ottonis
392 3064 496 3130 xxvu
519 3058 628 3113 aetum
651 3050 684 3113 in
708 3047 948 3135 Sipponifelde3
972 3051 1005 3114 in
1028 3050 1159 3114 domino
1182 3049 1319 3115 feliciter
1342 3071 1447 3113 amen.

1018 3357 1104 3433 230.

198 3530 201 3535 '
246 3508 326 3585 Otto
355 3511 495 3585 schenkt
527 3512 606 3584 dem
633 3513 779 3585 Kloster
808 3513 867 3585 des
898 3514 931 3586 le.
955 3515 1074 3586 Mora'z
1109 3541 1154 3586 zu
1188 3515 1414 3613 Mopdeberp
1449 3515 1679 3614 Rothenbur9
1713 3516 1794 3589 rand
1827 3517 1885 3590 die

236 3631 388 3729 abrepere
414 3631 636 3730 koniplicleen
662 3633 782 3705 Laden
809 3634 849 3704 ln
877 3633 1006 3706 diesem
1034 3634 1249 3732 Burpword.
1453 3672 1592 3745 oman„
1611 3677 1671 3733 961
1697 3675 1766 3733 M,
1787 3678 1839 3734 25.
1901 3691 1935 3739 ,5

338 3892 558 3965 Mopdeburper
581 3890 759 3964 θυμία-11261
780 3892 830 3951 des
855 3895 903 3952 15.
921 3893 973 3953 Jn.
998 3894 1021 3964 s.
1048 3890 1076 3951 δ’
1100 3896 1141 3951 im
1163 3895 1190 3952 k.
1209 3895 1410 3954 Steatsurcleio
1431 3915 1471 3953 aa
1494 3897 1680 3970 Meydetarq
1705 3896 1768 3976 (D).

340 4048 520 4121 Sopittarias
549 4048 619 4105 Aret.
648 4047 841 4121 diuqdeburp.
867 4048 955 4119 cdl,
978 4052 1019 4107 39
1043 4068 1099 4108 aas
1122 4052 1190 4110 MS.
1222 4051 1272 4109 des
1298 4050 1435 4110 Olennius
1460 4075 1498 4103 =
1522 4052 1565 4109 ed.
1586 4061 1627 4123 ΙΙ,
1651 4057 1693 4112 30
1718 4077 1757 4105 =
1781 4054 1884 4127 1111ιὶ9

337 4151 404 4208 RA.
430 4146 492 4221 Ml,
517 4156 592 4210 722⁰
613 4153 665 4221 22,
691 4175 730 4203 =
754 4152 935 4223 Supittnrius
963 4153 996 4208 in
1024 4152 1142 4225 Boysen
1167 4152 1243 4225 Allo.
1268 4154 1412 4226 illaquam
1435 4160 1463 4223 1,
1488 4157 1539 4214 95.
1569 4188 1611 4197 -
1641 4155 1779 4214 Leibnite
1800 4157 1881 4215 Ana.

338 4257 368 4324 3,
393 4258 433 4312 70
456 4254 674 4327 stirenhosen
695 4272 751 4313 ores
775 4254 946 4315 Chanulor.
969 4290 1013 4297 ·—
1034 4257 1164 4315 Belemer
1184 4257 1256 4329 ch.
1280 4260 1353 4317 249.
1377 4291 1419 4299 -
1443 4256 1571 4330 Stuoept'
1588 4259 1659 4331 neq.
1682 4263 1756 4319 292.

338 4408 388 4466 An
410 4409 502 4468 dieses
524 4410 563 4468 D.
587 4411 743 4470 soldiessen
764 4413 826 4469 siole
847 4412 1006 4470 roicderum
1028 4410 1062 4490 (S.
1079 4412 1146 4471 120.
1163 4411 1239 4489 222)
1263 4414 1326 4470 eier
1347 4415 1462 4470 assitere
1483 4412 1546 4484 aas
1564 4413 1686 4472 ‹lieselbe
1709 4414 1882 4489 Schenkrenq
1900 4435 1933 4482 30

338 4512 501 4584 beedqliche
525 4512 631 4572 Sidete
653 4532 709 4585 om
736 4514 819 4586 jedes
843 4513 991 4573 derselbea
1018 4515 1120 4572 erhiclt
1148 4516 1217 4573 aber
1238 4518 1318 4573 scine
1341 4518 1438 4589 cipere
1460 4517 1623 4590 Dusarem.
1668 4517 1779 4576 Diesen
1804 4519 1882 4576 Zeit-

337 4618 470 4689 unpaben
490 4619 567 4676 necle
589 4617 666 4689 sared
687 4620 774 4677 seleon
795 4622 858 4677 sier
881 4619 959 4690 rape
981 4618 1056 4676 nach
1078 4618 1130 4674 der
1152 4622 1248 4676 ersten
1269 4636 1327 4676 ures
1349 4638 1406 4676 aas
1429 4619 1496 4678 Do.
1513 4623 1577 4679 230
1600 4621 1763 4678 bekannten
1785 4621 1881 4679 Beer·

336 4720 480 4795 lruedunp
509 4724 573 4779 eine
600 4724 699 4780 ennete
721 4723 853 4795 doppelte
875 4722 1094 4795 Ausfertipamp
1124 4721 1202 4800 (DO.
1226 4725 1305 4781 232ο
1327 4721 1391 4779 aad
1411 4718 1500 4799 232⁶)
1522 4727 1593 4779 stutt
1617 4723 1726 4793 welde,
1756 4724 1883 4796 obpleich

337 4825 384 4882 die
399 4826 572 4899 Schenkanp
594 4826 757 4884 wesentlich
779 4828 921 4884 aaudiat
943 4826 1053 4896 acarde,
1077 4826 1148 4884 doch
1169 4825 1231 4896 aas
1242 4827 1330 4897 jener
1352 4830 1447 4883 ersten
1469 4825 1574 4897 sassie,
1599 4827 1680 4884 (larem
1702 4829 1744 4885 im
1767 4828 1800 4888 J.
1817 4830 1879 4891 965

320 5026 379 5081 22⁰.
407 5028 515 5098 [Sickel]
619 5029 688 5092 a)A
789 5032 818 5091 b)
837 5030 890 5094 aas
903 5031 991 5083 Bauer
1100 5034 1159 5091 c)e
1182 5038 1288 5081 nostrae
1315 5030 1367 5094 aas
1388 5031 1483 5090 Bucar,
1511 5030 1695 5096 arqrra'a'nplieh
1720 5031 1799 5082 stand
1824 5032 1881 5081 Ιιία·
1898 5042 1931 5089 35

404 5098 473 5148 wohl
499 5101 646 5149 animarum
673 5116 778 5149 saranum
891 5100 919 5165 d)
938 5116 1003 5150 corr.
1027 5116 1076 5149 ares
1101 5100 1212 5149 videliet
1320 5104 1343 5161 e)
1364 5101 1405 5148 ein
1431 5098 1511 5150 steca
1533 5099 1700 5165 Paryament,
1726 5103 1778 5150 125
1797 5100 1879 5151 Milli-

405 5174 482 5218 meter
499 5168 565 5217 dreit
586 5168 641 5218 und
663 5172 696 5217 15
713 5169 790 5231 doch,
818 5170 851 5217 iot
869 5168 998 5218 Jssmtlick
1015 5167 1218 5233 ampoeehuitten
1235 5167 1353 5231 worden,
1379 5185 1408 5218 eo
1425 5168 1487 5217 daeo
1503 5185 1553 5217 nur
1569 5168 1634 5218 neele
1653 5169 1716 5218 oben
1731 5169 1787 5220 aad
1803 5176 1880 5220 amen

404 5235 633 5287 Beehsaeaoenreste
649 5236 763 5287 delabor
780 5237 856 5300 εἰκὼ·
875 5254 930 5288 was
947 5239 1002 5287 eine
1018 5237 1102 5287 Hand
1118 5237 1164 5287 des
1181 5241 1221 5287 14.
1233 5235 1278 5287 Jll.
1296 5236 1518 5301 ddcryeschrs'edea
1536 5237 1597 5286 leat.-
1615 5238 1773 5288 advocatum
1791 5246 1880 5289 antem

404 5321 452 5370 pro
470 5307 585 5356 utilitato
604 5307 715 5356 ecclesie
733 5323 924 5372 quemcumque
936 5307 1068 5356 volueriut
1085 5307 1210 5369 habeant,
1231 5308 1263 5354 ist
1280 5305 1339 5354 dem
1350 5306 1408 5372 jort
1423 5305 1614 5371 yleichzes'tiycn
1631 5306 1665 5356 D.
1679 5305 1708 5356 0.
1726 5315 1754 5356 11.
1774 5305 1886 5371 Stunrps

404 5373 466 5437 Bep.
481 5377 535 5424 649
553 5381 717 5437 mmmmm,
734 5383 808 5439 pacat
827 5375 888 5425 aber
903 5375 975 5424 naht
992 5377 1021 5423 in
1033 5374 1076 5424 die
1087 5374 1190 5436 Latet-e,
1207 5374 1248 5423 als
1259 5372 1309 5423 den
1321 5373 1568 5424 Baahetotenreeten
1580 5373 1765 5439 autpreclsend
1776 5391 1879 5440 vennae
1896 5385 1931 5432 40

403 5441 446 5490 ich
468 5459 519 5491 aar
540 5444 592 5493 nisi
610 5444 755 5494 advocatus
778 5460 809 5493 aa
832 5448 966 5508 erptiam,
995 5443 1120 5493 wdlerend
1140 5442 1182 5492 ich
1198 5442 1249 5505 fiir
1270 5442 1314 5492 dic
1335 5442 1401 5492 noch
1418 5442 1560 5507 solymden
1582 5446 1638 5493 oter
1654 5444 1694 5492 bie
1711 5443 1784 5507 filas
1796 5444 1879 5494 Worte

403 5508 494 5561 keiueu
512 5511 650 5577 Vorsehlop
667 5529 698 5562 aa
714 5513 821 5562 macheu
837 5515 911 5561 weiss
1001 5513 1085 5573 1)]11ν
1101 5513 1214 5562 maeres
1233 5518 1259 5562 et
1275 5510 1356 5561 rescat
1373 5510 1421 5561 der
1432 5511 1519 5563 Raram
1535 5511 1607 5561 nicht
1624 5529 1671 5561 aaa
1765 5512 1794 5579 g)
1812 5529 1878 5564 corr.

404 5594 452 5627 osse
477 5583 562 5646 ipsam
657 5582 685 5642 h)
703 5582 771 5631 nach
794 5588 900 5631 maneat
922 5581 978 5630 read
998 5580 1067 5631 necle
1088 5581 1344 5633 fimavimumeduc
1367 5579 1427 5631 BG.
1450 5583 1493 5629 ein
1515 5581 1570 5645 hic,
1598 5598 1640 5629 rans
1663 5580 1714 5630 den
1736 5588 1787 5630 eret
1812 5580 1879 5631 arcels

404 5646 564 5765 lirmhavimus
584 5648 802 5715 moqeraqenen
820 5649 882 5702 Sata
904 5651 969 5701 Post
978 5652 1061 5700 vitam
1072 5650 1235 5715 —eligendi
1257 5648 1298 5698 als
1319 5665 1366 5699 oor
1389 5649 1432 5699 dic
1451 5647 1648 5700 motuum
1668 5649 1774 5714 qehiiriy
1791 5667 1822 5699 aa
1839 5650 1878 5699 be·

402 5718 454 5765 uic
472 5733 530 5769 nen.
1895 5726 1929 5773 45
