4500 6420
917 468 1043 528 ΟΤΤΟ
1065 471 1089 526 1.
1113 466 1184 525 967.
1809 461 1872 529 451

330 653 402 728 aa.
424 653 445 728 †
465 651 572 730 2678),
596 652 719 712 Jouoan
733 661 767 713 Χ.
784 669 839 712 aon
854 655 917 715 926
931 650 1027 731 (aare
1042 653 1114 727 Ray.
1131 651 1239 731 3569),
1262 652 1324 712 Leo
1342 660 1403 714 Vll.
1420 671 1476 713 voa
1491 656 1554 714 936
1570 652 1665 733 (Jaffe
1676 655 1749 729 aa.
1762 655 1872 734 3597),

331 757 454 818 Johurm
471 765 538 818 XII.
562 773 618 815 von
640 758 704 817 958
726 754 821 835 (Jaffc
843 757 911 830 Περ.
937 755 1045 834 3684).
1081 755 1131 816 Sic
1159 756 1229 815 sind
1257 757 1417 831 ullcrdlaqa
1438 758 1518 816 nicht
1541 762 1614 817 areo
1635 775 1691 816 con
1712 758 1779 817 dem
1800 760 1873 820 Dio·

329 865 409 921 tutor
430 863 549 920 bourdet
571 861 697 932 worden
721 862 792 921 uber
812 863 856 920 sic
877 861 983 920 acmen
1003 878 1074 920 aum
1093 877 1216 934 pressea
1234 860 1332 920 Thule
1354 860 1499 920 disselbcn
1514 861 1715 934 Besitauaqeu
1736 862 1801 934 auf
1818 866 1873 923 wic
1940 864 1944 869 '

328 963 394 1024 ΒΟ.
410 967 483 1035 336,
515 981 548 1024 ao
570 963 640 1023 duaa
662 964 711 1023 die
731 966 766 1023 ic
787 965 878 1024 ibam
899 963 1108 1036 uberliescrtcn
1133 940 1310 1024 Mabumcn
1333 963 1389 1035 fit-r
1410 965 1601 1038 Heratelluap
1622 982 1743 1025 amares
1769 967 1873 1026 Teates

328 1068 544 1142 taunpesoqca
566 1067 683 1127 woden
703 1068 840 1127 naam.
886 1070 926 1127 It.
950 1068 991 1128 D.
1015 1068 1117 1127 warde
1138 1067 1271 1139 offertur
1291 1085 1346 1126 von
1370 1068 1448 1128 Scite
1470 1068 1519 1126 des
1540 1068 1675 1127 Klosters
1697 1070 1747 1128 cin
1764 1068 1873 1130 Guttur-

330 1173 523 1232 ceraeiclmiss
545 1190 603 1231 aar
622 1170 796 1246 Verfttpunq
815 1173 936 1246 pratellt,
960 1175 994 1232 tn
1016 1171 1149 1231 welclrcm
1172 1171 1219 1229 dic
1237 1171 1438 1245 Besitrunpcn
1459 1171 1535 1230 uach
1558 1171 1610 1230 der
1628 1173 1874 1245 propruphisclrca

326 1276 409 1349 Iane
422 1275 561 1349 pcordnct
577 1277 744 1335 ascletum
760 1274 826 1353 (apl.
843 1276 945 1334 Mittis.
962 1276 1013 1335 dos
1028 1279 1130 1335 taterr.
1148 1275 1298 1346 Instituta,
1322 1275 1604 1348 Erpdnsmsqsbuad
1619 1281 1649 1347 1,
1666 1274 1750 1354 155).
1775 1275 1871 1336 Solon

329 1379 407 1437 diosc
426 1378 548 1451 Vosluqc
569 1395 638 1451 may
659 1380 713 1436 mit
735 1378 792 1438 dea
813 1380 997 1439 rublrcicben
1019 1379 1230 1439 Italian-ismara
1253 1377 1381 1451 belsuftet
1400 1395 1530 1453 prumea
1551 1381 1616 1437 scin
1630 1378 1734 1437 welche
1749 1378 1804 1451 sits
1818 1379 1873 1439 dus

331 1481 467 1556 Orto-im
488 1483 692 1542 mrunetmen
712 1483 783 1541 sind
804 1483 868 1542 und
890 1483 1008 1543 deslmlb
1030 1484 1171 1542 anubim
1193 1483 1312 1542 urucae
1334 1482 1553 1542 beirubchultec
1574 1500 1683 1542 waren.
1717 1483 1821 1541 Nebcn
1842 1480 1872 1540 A

326 1602 391 1644 war
412 1585 460 1643 dic
481 1602 538 1643 aas
560 1585 621 1642 itm
643 1585 807 1658 abacistae
828 1586 892 1645 aad
913 1604 970 1645 oon
991 1586 1119 1647 Fcblcm
1134 1584 1305 1646 'strotacndc
1326 1584 1482 1658 Abschrift
1503 1588 1546 1645 im
1566 1583 1634 1646 coc.
1650 1586 1785 1659 Recinuc
1806 1587 1872 1645 378

331 1687 355 1761 f.
377 1692 435 1748 131
460 1689 513 1747 der
535 1689 756 1748 Vaticanisclten
778 1689 946 1749 Bibliottelt
967 1691 1047 1749 nicht
1068 1707 1110 1749 aa
1131 1691 1388 1763 carentonam.

431 1924 471 1990 In
499 1926 630 1990 nomine
659 1934 772 1991 sancte
800 1935 833 1990 et
860 1925 1028 1992 individue
1057 1927 1211 1992 trinitatis
1241 1924 1366 1990 scilicet
1393 1926 1495 2012 patris
1518 1933 1551 1990 et
1571 1924 1630 1989 filii
1653 1935 1685 1992 et
1715 1929 1873 2011 spiritus⁸

225 2027 342 2092 sancti.
381 2026 458 2092 Otto
484 2028 595 2092 divina
617 2028 746 2092 favente
770 2028 943 2094 clementia
966 2031 1143 2114 imperator
1166 2039 1333 2112 augustus.
1422 2028 1457 2094 Si
1481 2050 1540 2114 pro
1559 2052 1670 2094 amore
1690 2031 1758 2095 eius
1778 2030 1871 2096 cuius

226 2130 477 2215 dispensationis
500 2132 701 2216 benignitate
723 2135 840 2199 ceteris
861 2132 1054 2197 mortalibus
1074 2132 1208 2218 preferri
1224 2132 1381 2216 videmur,
1405 2132 1479 2197 loca
1503 2134 1613 2198 divino
1637 2132 1737 2199 cultui
1761 2134 1871 2200 dedita

177 2238 377 2320 incongruis
403 2245 513 2301 nostre
542 2237 687 2303 tuitionis
718 2236 947 2302 munificentiis
977 2236 1019 2301 ad
1049 2235 1196 2301 divinum
1223 2236 1450 2322 exequendum
1479 2238 1647 2302 servitium
1675 2240 1870 2323 propensius

225 2337 466 2421 substollamus,
490 2338 605 2404 celitus
627 2342 753 2404 maiora
774 2340 1044 2404 remunerationis
1067 2342 1192 2425 premia
1215 2341 1369 2425 consequi
1392 2362 1460 2404 non
1483 2337 1682 2404 dubitamus.
1718 2340 1872 2406 Omnium

224 2441 322 2523 igitur
342 2440 488 2505 fidelium
511 2450 623 2526 sancte
652 2441 704 2506 dei
733 2441 871 2526 ecclesie
899 2463 939 2505 ac
969 2449 1154 2507 nostrorum
1183 2445 1380 2527 presentium
1410 2442 1535 2507 scilicet
1563 2452 1660 2528 atque
1688 2444 1870 2510 futurorum

223 2543 416 2609 industriam
439 2566 536 2609 nosse
560 2545 719 2628 volumus,
744 2544 832 2630 quod
849 2544 1011 2630 Georgius
1030 2547 1080 2609 vir
1102 2545 1298 2610 venerabilis
1321 2555 1418 2610 etex
1442 2545 1623 2631 apostolice
1646 2547 1732 2611 sedis
1757 2571 1870 2614 sccun-

226 2646 346 2711 dicerio
370 2647 540 2731 religiosus
564 2647 667 2712 abbas
691 2650 809 2733 prioris
832 2651 1021 2714 monasterii
1044 2648 1224 2713 beatissimi
1250 2651 1351 2734 patris
1373 2647 1545 2713 Benedicti
1567 2659 1599 2712 ct
1623 2660 1734 2713 sancte
1757 2648 1869 2715 Scola-

173 2762 206 2809 20
225 2750 305 2813 stice
334 2752 456 2815 sororis
483 2754 552 2815 eius
583 2751 670 2836 quod
699 2750 818 2816 dicitur
845 2755 878 2817 in
908 2751 1102 2834 Sublacum,
1137 2754 1226 2816 venit
1253 2754 1287 2816 in
1316 2753 1474 2836 gremium
1504 2750 1641 2816 basilice
1669 2751 1757 2816 beati
1781 2753 1869 2819 Petri

224 2853 448 2939 apostolorum
470 2856 642 2940 principis,
665 2853 722 2919 ubi
745 2876 820 2918 cum
842 2854 962 2920 domno
986 2854 1132 2921 Iohanne
1154 2872 1229 2922 xlll.
1258 2878 1346 2943 papa
1370 2866 1482 2941 sanctq
1506 2857 1621 2921 sinodo
1645 2879 1704 2942 pro
1728 2856 1868 2923 utilitate

224 2959 369 3023 eiusdem
392 2958 529 3044 ecclesie
552 2969 584 3023 et
605 2958 839 3023 venerabilium
861 2958 1008 3024 locorum
1032 2960 1196 3042 intererat,
1220 2958 1530 3024 circumsedentibus
1556 2981 1629 3022 cum
1650 2958 1869 3024 Rauennatel

224 3063 470 3149 archiepiscopo
500 3072 593 3128 tumc
621 3063 768 3149 plurimis
795 3065 958 3149 episcopis
981 3086 1023 3127 ex
1045 3063 1193 3128 Romano
1217 3065 1378 3128 territorio
1402 3071 1499 3149 atque
1522 3062 1617 3127 Italic
1640 3071 1672 3126 ct
1694 3063 1868 3129 ultremon-

222 3175 299 3231 tano
322 3187 422 3250 regno
445 3189 593 3232 necnon
616 3177 765 3252 presente
788 3163 946 3251 Capuano
975 3167 1122 3252 principe
1152 3168 1207 3253 qui
1236 3176 1268 3230 et
1296 3166 1440 3231 marchio
1466 3164 1628 3230 Camerini
1651 3174 1683 3230 ct
1706 3164 1867 3252 Spoletini

172 3286 204 3333 ru
224 3268 372 3352 ducatus,
396 3278 494 3357 atque
517 3269 801 3336 circumstantibus
819 3269 930 3335 multis
946 3292 988 3333 ex
1004 3270 1123 3334 nostris
1139 3291 1181 3333 cx
1197 3269 1326 3334 diverso
1348 3269 1459 3334 ordine
1476 3269 1639 3350 fidelibus,
1663 3280 1694 3334 ct
1711 3273 1868 3335 osstensis

224 3373 334 3438 domni
358 3372 467 3439 Caroli
490 3373 693 3460 aliorumque
715 3382 929 3458 augustorum
952 3384 983 3438 et
1005 3394 1118 3457 regum
1141 3374 1375 3460 principalibus
1399 3373 1684 3438 constitutionibus
1707 3374 1803 3439 factis
1825 3374 1868 3439 ad

224 3476 477 3542 stabilimentum
501 3476 786 3562 defensionemque
803 3477 851 3540 sui
868 3473 1037 3540 eiusdemd
1058 3478 1246 3542 monasterii
1269 3499 1325 3542 scu
1349 3480 1491 3542 omnium
1507 3499 1613 3541 rerum
1630 3476 1691 3541 sibi
1707 3479 1867 3563 pertinen·

223 3581 313 3662 tium,
336 3579 516 3665 postulavit
537 3590 684 3645 nostram
706 3579 910 3644 clementiam
933 3589 968 3646 ut
990 3601 1051 3645 nos
1075 3602 1203 3667 quoque
1223 3580 1318 3645 simili
1334 3580 1432 3647 modo
1448 3589 1558 3644 nostre
1573 3580 1750 3664 imperialis
1765 3583 1868 3645 muni·

224 3685 320 3749 tionis
343 3684 529 3749 firmitatem
551 3706 649 3769 super
671 3685 808 3749 eundem
833 3693 981 3749 sanctum
1004 3685 1113 3751 locum
1136 3694 1168 3750 ct
1190 3686 1351 3749 universis
1375 3685 1441 3748 suis
1465 3684 1667 3768 pertinentiis
1687 3682 1729 3748 de
1750 3683 1868 3770 quibus

172 3787 300 3853 ocelim
322 3791 561 3853 instrumenta⁰
584 3809 658 3852 cum
681 3789 752 3872 ipso
777 3788 913 3853 cenobio
936 3790 1021 3872 ignis
1045 3792 1240 3871 consumsit,
1263 3787 1332 3852 fieri
1356 3786 1551 3852 iuberemus.
1590 3783 1691 3850 Cuius
1715 3786 1866 3871 precibus

222 3902 356 3977 propter
378 3914 488 3956 amore
512 3892 743 3976 omnipotentis
760 3890 810 3955 dei
827 3901 859 3955 et
876 3895 978 3957 sancti
995 3915 1034 3956 ae
1051 3895 1197 3977 precipui
1213 3893 1316 3977 patris
1333 3891 1501 3956 Benedicti
1517 3900 1549 3955 et
1563 3911 1622 3976 pro
1642 3889 1867 3976 redemptione

223 4005 332 4058 nostre
360 3997 467 4059 anime
496 4004 528 4059 et
556 3992 657 4079 prolis
686 4004 797 4058 nostre
832 3993 959 4060 salutef
986 4004 1019 4059 et
1046 3996 1268 4061 incolomitate
1297 3994 1511 4059 libentissime
1541 4003 1747 4059 annuentes&
1779 3994 1865 4058 hanc

223 4108 331 4163 nostre
360 4099 563 4162 auctoritatis
593 4099 835 4183 preceptionem
862 4098 931 4163 fieri
959 4098 1162 4163 decrevimus
1186 4121 1364 4186 perquam
1388 4100 1497 4163 omnia
1520 4120 1582 4183 que
1605 4097 1648 4162 ad
1671 4096 1751 4162 illud
1774 4119 1866 4162 sanc·

222 4212 290 4267 turn
313 4202 485 4267 cenobium
509 4226 550 4266 cx
573 4213 719 4288 ternpore
742 4205 992 4267 constructionis
1016 4225 1073 4267 suc
1097 4204 1201 4288 primo
1231 4205 1393 4288 pertinent
1420 4224 1523 4287 usquc
1552 4202 1586 4266 in
1614 4223 1748 4287 presens
1775 4197 1866 4265 hac¹²

172 4327 205 4374 35
224 4307 378 4391 deinceps
401 4309 434 4370 in
457 4307 600 4370 futurum
624 4305 736 4370 addita
759 4307 897 4387 fuerunt,
921 4305 1150 4370 confirmamus
1173 4316 1205 4369 ct
1228 4304 1478 4370 corroboramus
1500 4306 1693 4369 nominatim
1716 4313 1748 4369 et
1769 4326 1865 4389 gene·

222 4410 342 4475 raliter.
379 4410 420 4474 ld
441 4420 491 4474 est
513 4409 622 4473 casale
645 4411 678 4473 in
702 4432 765 4496 que
789 4409 875 4474 idem
898 4412 1130 4474 monasterium
1153 4419 1202 4474 est
1224 4408 1420 4473 collocatum
1444 4416 1476 4472 ct
1499 4430 1599 4493 specu
1620 4408 1677 4472 ubi
1700 4410 1771 4493 ipse
1793 4408 1865 4473 reli-

222 4515 424 4597 giosissimus
448 4522 541 4599 pater
563 4512 741 4577 solitariam
765 4512 859 4578 drrxit
880 4515 982 4577 vitam
1007 4536 1079 4578 cum
1108 4512 1234 4577 lacibus
1264 4511 1391 4577 duobus
1422 4534 1598 4597 eorumque
1627 4512 1759 4575 flumine
1791 4509 1865 4597 quii

223 4617 410 4683 extenditur
433 4619 501 4682 cius
524 4639 637 4682 cursus
661 4639 719 4702 per
742 4615 970 4681 latitudineml
992 4626 1025 4680 ct
1046 4616 1280 4701 longitudinem
1299 4639 1402 4702 usque
1420 4613 1541 4680 locush
1563 4617 1617 4701 qui
1635 4613 1753 4678 dicitur
1767 4612 1867 4679 Semi·

222 4721 358 4802 narium,
382 4743 455 4786 cum
478 4721 637 4785 universis
660 4720 832 4807 aquimolis
855 4722 909 4806 qui
932 4719 977 4784 ibi
1002 4728 1078 4783 sunt
1101 4727 1133 4782 et
1154 4720 1287 4784 inantea
1308 4718 1378 4783 fieri
1398 4728 1543 4804 possunt,
1568 4740 1641 4782 cum
1667 4719 1747 4803 ripis
1773 4716 1866 4781 undi-

171 4845 204 4892 40
223 4848 284 4909 quc
311 4825 552 4909 circumpositis
581 4835 613 4888 et
643 4824 805 4909 piscariis,
840 4825 874 4887 in
902 4822 1019 4908 quibus
1050 4822 1222 4908 aquimolis
1251 4831 1283 4887 et
1311 4823 1461 4908 piscariis
1489 4819 1579 4886 nullo
1608 4819 1705 4885 modo
1730 4819 1865 4906 quilibet

222 4928 343 4992 arrdeat
372 4927 492 4992 molam
520 4928 629 4992 facore
659 4936 716 4991 aut
745 4928 873 5012 piscare
903 4928 972 4990 sine
1000 4927 1144 4990 iussione
1166 4934 1199 4989 et
1220 4925 1388 4990 voluntate
1416 4925 1554 5011 predicti
1576 4923 1707 4989 abbatis
1730 4924 1863 5009 eiusque

224 5053 458 5096 successorum.
505 5029 679 5095 Offerirnus
710 5052 839 5116 quoquc
866 5039 898 5094 et
927 5029 1158 5094 confirmamus
1187 5031 1220 5093 in
1242 5030 1403 5113 integrum
1427 5028 1598 5093 castellum
1622 5027 1661 5092 dc
1685 5025 1862 5092 Sublaeum

223 5157 296 5199 cum
319 5134 506 5219 glandatico
531 5144 563 5197 et
585 5133 729 5198 erbatico
754 5142 851 5219 atquc
874 5135 1050 5198 constricto
1075 5141 1107 5196 et
1121 5132 1243 5218 placite
1261 5134 1411 5217 omnique
1428 5130 1525 5196 dat0¹
1549 5154 1606 5195 seu
1623 5131 1750 5195 reddito
1767 5153 1862 5216 quem

221 5240 283 5323 ipsi
306 5237 506 5304 habitatores
529 5259 703 5322 eorumque
726 5239 903 5302 anteriores
928 5236 1015 5301 soliti
1034 5245 1108 5300 sunt
1126 5236 1312 5321 persolvere
1328 5236 1541 5300 Lateranensi
1555 5246 1575 5273 ¹¹¹
1598 5233 1730 5320 palatio,
1756 5256 1863 5320 quem-

171 5463 204 5509 45
308 5459 366 5512 330.
395 5458 549 5528 [Ottenthal]
638 5457 772 5524 a)s1ffiA
853 5460 879 5521 b)
899 5459 1072 5508 Rauennante
1091 5456 1113 5507 A
1131 5457 1186 5508 und
1202 5473 1271 5507 swas
1288 5458 1320 5507 R.
1339 5484 1371 5492 -
1389 5456 1508 5522 plurimis
1526 5454 1578 5518 auf
1590 5455 1678 5508 Rarus·
1758 5459 1784 5519 c)
1803 5473 1863 5508 cum

392 5529 416 5578 A
512 5531 540 5590 d)
559 5529 693 5580 exiusdem
711 5527 735 5578 A
830 5528 854 5591 e)
870 5527 927 5577 dem
946 5524 1082 5578 Schreiter
1098 5542 1148 5577 cca
1165 5525 1188 5576 A
1206 5542 1262 5576 tour
1283 5528 1339 5575 stne
1361 5524 1522 5589 Verbinclsny
1545 5540 1595 5575 con
1617 5531 1654 5575 str
1677 5527 1705 5575 s'n
1723 5525 1830 5577 wskhcr
1851 5532 1864 5577 t

393 5597 494 5649 muca
516 5598 629 5650 derulklt
651 5596 798 5648 bmortritt
815 5612 842 5646 ro
863 5594 986 5661 patrate,
1012 5594 1074 5646 dara
1092 5610 1120 5646 er
1136 5595 1192 5646 siclt
1210 5597 1252 5645 cla
1269 5595 1327 5645 Mal
1342 5611 1374 5644 au
1394 5593 1529 5645 careatur
1545 5595 1574 5643 tn
1596 5593 1682 5645 etan
1709 5600 1746 5645 str
1771 5610 1861 5647 wun-

393 5666 455 5717 lacot
480 5667 528 5718 aab
631 5666 651 5726 f)
670 5663 821 5716 salutemA
929 5665 956 5730 g)
975 5663 1046 5726 fehlt
1072 5666 1100 5713 iu
1122 5662 1145 5714 A
1255 5663 1322 5729 h)A
1431 5665 1450 5728 i)
1467 5664 1530 5713 fluin'
1553 5679 1605 5729 que
1626 5663 1649 5713 A
1752 5664 1781 5730 k)
1801 5665 1862 5714 lati·

393 5735 484 5786 tudine
503 5736 525 5786 A
629 5736 650 5800 l)
669 5735 705 5799 A,
734 5736 839 5785 datione
862 5733 890 5782 ia
907 5732 984 5784 Buca
1001 5732 1107 5784 Joltarm
1124 5741 1174 5785 ΧΠ.
1277 5733 1313 5799 m)
1328 5733 1514 5785 Lateranensis
1532 5733 1563 5782 A.

1599 5834 1659 5899 57*
