4500 6420
922 448 1047 506 ΟΤΤΟ
1069 449 1093 504 Ι.
1118 445 1189 505 963.
1813 439 1876 505 361

236 633 410 695 occasione
433 630 477 695 ibi
499 631 677 715 irrumpere
700 652 758 693 seu
779 631 957 696 monachos
985 630 1250 698 irrationabiliter
1280 630 1459 716 inquietare
1488 651 1555 694 non
1584 627 1717 712 debere,
1747 652 1807 694 nec
1837 654 1879 695 ex

233 733 332 798 rebus
359 735 549 799 monasterii
572 735 606 797 in
630 735 717 799 omni
746 735 872 820 imperii
900 738 1003 800 nostri
1026 735 1148 802 ditione
1177 734 1317 800 thelonei
1339 734 1546 799 exactionem
1568 732 1637 798 fieri
1659 755 1720 798 nec
1742 749 1880 814 publicum

234 851 349 902 iudicem
377 867 424 902 seu
452 851 597 917 quemlibet
624 867 656 901 ex
683 851 824 901 iudiciaria
850 858 981 918 potestate
1009 853 1052 904 vel
1081 854 1196 919 aliquam
1224 852 1303 903 aliam
1332 868 1471 919 personam
1498 854 1640 918 quicquam
1667 856 1806 918 potestatis
1833 860 1880 904 aut

235 957 335 1020 negotii
357 956 414 1005 sine
435 939 602 1004 voluntate
625 949 682 1004 aut
703 943 862 1025 permissu
885 957 989 1006 abbatis
1011 958 1039 1006 in
1063 941 1214 1006 omnibus
1238 963 1314 1026 sepe
1337 940 1416 1004 dicti
1439 957 1591 1006 monasterii
1614 956 1694 1006 rebus
1716 956 1814 1006 babere
1835 956 1879 1006 vel

201 1065 217 1113 5
236 1074 365 1108 exercere.
389 1041 553 1128 Quicquid
574 1045 624 1107 ius
645 1043 716 1106 fisci
737 1043 855 1108 exinde
877 1044 1008 1128 exigere
1030 1052 1192 1129 potuerat,
1216 1066 1257 1107 ex
1273 1045 1399 1127 integro
1415 1045 1449 1108 in
1464 1065 1542 1108 usus
1558 1045 1747 1108 monasterii
1764 1042 1879 1109 cedere

235 1147 442 1231 precipimus.
486 1161 614 1211 Homines
643 1168 771 1231 quoque
801 1163 930 1227 ingenuos
959 1168 1017 1210 seu
1045 1177 1135 1212 servos
1163 1148 1197 1210 in
1225 1145 1488 1230 possessionibus
1517 1148 1708 1211 monasterii
1738 1168 1880 1212 comma-

234 1260 349 1314 nentes
380 1265 536 1330 distringere
565 1251 633 1313 sive
661 1251 750 1335 ipsas
779 1250 1003 1335 possessiones
1026 1257 1141 1313 contra
1164 1247 1293 1312 abbatis
1317 1246 1483 1312 decretum
1506 1249 1626 1312 intrare
1649 1271 1707 1313 seu
1728 1263 1763 1314 ad
1786 1279 1880 1314 caum

235 1366 381 1416 audiendas
409 1374 466 1417 seu
494 1369 645 1417 mansiones
671 1367 807 1417 faciendas
835 1372 883 1417 aut
904 1368 980 1417 freda
1000 1367 1043 1417 vel
1065 1367 1167 1416 tributa
1187 1349 1351 1435 exigenda
1371 1350 1424 1415 vel
1447 1349 1548 1415 ullam
1569 1353 1603 1415 in
1626 1350 1735 1437 aliquo
1758 1352 1881 1416 violen-

236 1456 315 1519 tiam
330 1454 515 1520 faciendam
530 1455 681 1520 omnibus
699 1458 830 1521 omnino
846 1455 1032 1521 hominibus
1053 1478 1113 1542 per
1133 1455 1218 1520 hanc
1241 1463 1351 1538 nostre
1373 1455 1585 1519 immunitatis
1608 1455 1880 1539 conscriptionem

186 1578 219 1625 10
235 1580 367 1642 prorsus
395 1559 618 1623 interdicimus
648 1569 745 1645 atque
774 1559 816 1624 ab
847 1558 1029 1624 huiusmodi
1059 1559 1111 1624 vel
1141 1559 1236 1624 simili
1265 1559 1508 1643 presumptione
1533 1566 1669 1622 cunctos
1692 1560 1881 1642 peremnia

236 1671 383 1747 tempora
405 1661 599 1743 inhibemus,
623 1663 775 1747 quatinus
799 1661 902 1727 abbas
925 1671 957 1725 ct
978 1661 1130 1727 monachi
1155 1663 1265 1728 omnia
1287 1663 1363 1727 illuc
1386 1665 1580 1748 aspicientia
1603 1664 1662 1729 sub
1685 1674 1799 1729 nostra
1820 1666 1881 1729 tui·

235 1767 323 1829 tione
352 1787 415 1850 quo
445 1763 557 1829 ordine
586 1766 744 1850 quietiore
767 1764 986 1850 possederint,
1018 1787 1057 1830 eo
1080 1765 1212 1831 liberius
1235 1788 1294 1851 pro
1318 1774 1405 1830 statu
1427 1768 1552 1852 imperii
1575 1776 1752 1853 nostraque
1775 1767 1880 1833 salute

237 1866 297 1931 deo
320 1877 447 1932 vacent.
491 1884 526 1933 Et
547 1888 578 1932 ut
599 1884 650 1933 hoc
671 1884 837 1933 auctoritatis
859 1889 947 1949 nostre
970 1889 1123 1948 preceptum
1144 1882 1248 1933 firmum
1271 1889 1298 1933 et
1320 1883 1416 1933 stabile
1437 1889 1604 1948 permaneat,
1633 1884 1706 1934 anuli
1728 1885 1812 1934 nostri
1834 1886 1880 1933 im·

235 1987 370 2050 pressione
393 1988 492 2052 signari
514 1988 639 2037 iussimus
661 1993 689 2037 et
709 2002 790 2036 manu
811 1988 919 2051 propria
940 1987 1035 2037 subtus
1057 1986 1228 2037 firmavimus.

187 2125 219 2173 15
339 2108 475 2193 Signum
498 2108 607 2174 domni
631 2108 761 2174 Ottonis
786 2112 851 2191 (Μ.)
875 2110 1072 2174 serenissimi
1095 2109 1299 2193 imperatoris
1321 2110 1462 2192 augusti.

338 2210 512 2276 Liudolfus
535 2210 749 2277 cancellarius
771 2212 920 2278 advicem
942 2214 1106 2278 Brunonis
1128 2212 1382 2298 archicapellani
1405 2214 1593 2298 recognovi.

338 2349 428 2412 Data
443 2367 502 2413 vn.
526 2349 595 2414 kal.
617 2349 699 2415 febr.
722 2373 808 2415 anno
832 2353 1065 2416 incarnationis
1089 2349 1211 2416 domini
1234 2353 1337 2420 nostri
1360 2351 1435 2415 Iesu
1458 2348 1576 2414 Christi
1600 2364 1809 2433 Dccccuxnn
1831 2352 1879 2415 in-

237 2450 380 2516 dictione
396 2470 441 2535 vt,
464 2462 619 2537 regnante
640 2455 695 2539 pio
715 2456 912 2539 imperatore
928 2453 1071 2520 Ottone8
1093 2476 1179 2518 anno
1197 2470 1328 2536 xxvnt3
1351 2463 1461 2517 aetum
1475 2452 1595 2538 Papiq3
1617 2451 1753 2517 feliciter
1773 2475 1880 2517 amen.

1015 2709 1104 2787 253.

186 2884 220 2933 20
247 2864 326 2943 Otto
347 2869 507 2966 bestdtipt
523 2868 594 2941 den
614 2865 847 2944 Cononikero
863 2892 909 2939 zu
921 2865 1056 2938 Arezzo
1075 2865 1142 2939 olle
1156 2864 1403 2963 Besitzongem
1427 2865 1554 2940 Rechts
1571 2864 1651 2938 und
1667 2864 1738 2937 den
1755 2861 1882 2938 Scitutz

237 2988 317 3060 arrd
325 2988 418 3086 sript
439 2988 497 3060 dic
519 2985 732 3085 Schealnmq
754 2987 814 3059 des
835 2986 950 3084 Hoses
976 2985 1101 3082 Toppo
1123 2987 1190 3057 mit
1211 2985 1378 3058 Zubchccr
1398 2985 1518 3059 tiozo.

1476 3125 1506 3186 S.
1526 3125 1588 3185 Leo
1610 3128 1673 3186 963
1694 3125 1764 3184 Mai
1786 3128 1836 3186 10.

342 3315 589 3391 Oricinoldiplom
611 3317 653 3374 im
677 3314 891 3388 Capitelorcbiv
911 3333 952 3373 aa
974 3313 1088 3374 Arerso
1112 3313 1123 3393 (
1152 3277 1195 3391 ).·

339 3455 494 3514 Maratori
509 3454 579 3514 Ant.
602 3455 670 3514 Itat.
694 3458 724 3524 3,
748 3457 811 3513 183
834 3471 890 3512 aas
914 3452 950 3511 Α.
974 3485 1017 3494 -
1037 3452 1159 3510 Moneta
1172 3438 1303 3525 Rapioai
1323 3451 1399 3510 dalla
1420 3452 1516 3511 chiesa
1531 3449 1667 3522 Maiae,
1691 3450 1752 3510 doc.
1769 3454 1791 3511 3
1811 3454 1881 3511 22⁰3

339 3558 559 3631 onrrottstcnctio
580 3575 637 3617 aas
659 3557 697 3618 A.
721 3590 762 3601 —
785 3556 915 3615 Bchmcr
935 3557 1007 3629 Rep.
1030 3557 1103 3616 267.
1127 3587 1169 3599 -
1193 3553 1321 3628 Stamps
1337 3555 1408 3628 aoy.
1432 3558 1506 3615 324.

341 3697 403 3755 Von
424 3697 490 3756 LF.
511 3697 697 3771 peschriebea
718 3696 794 3754 noch
816 3695 881 3753 dem
900 3693 941 3752 D.
958 3693 1062 3765 Haoos
1084 3692 1148 3750 aaa
1165 3693 1294 3751 bethara
1308 3692 1439 3751 Bohmer
1452 3694 1523 3766 Ray.
1540 3693 1616 3750 Kar.
1633 3695 1726 3763 1390,
1750 3691 1882 3750 scabiem

340 3800 416 3857 auch
437 3799 486 3857 die
507 3801 678 3858 invocation
700 3803 885 3857 cataommca
906 3797 954 3856 ist.
997 3795 1060 3854 Voa
1081 3794 1147 3852 dem
1163 3796 1309 3868 jusseras
1330 3795 1370 3853 D.
1394 3795 1552 3855 Adatbcrts
1574 3813 1639 3855 vom
1666 3800 1719 3856 28.
1742 3797 1882 3855 Febraur

338 3904 398 3961 961
419 3901 640 3980 (Forsctunoea
655 3903 706 3972 15,
723 3903 787 3960 368
804 3906 838 3958 n⁰
853 3897 885 3976 4)
909 3901 948 3957 ist
971 3898 1103 3969 offendor
1123 3899 1178 3955 mit
1201 3896 1320 3956 Absicht
1341 3899 1423 3957 nicht
1444 3899 1535 3958 Notis
1554 3916 1727 3972 ycnernmca
1748 3898 1882 3959 worden:

340 4023 401 4064 was
424 4010 483 4064 erst
498 4005 638 4064 Adatbcrt
661 4005 717 4063 dcn
734 4002 921 4064 Goooaibcra
940 4002 1093 4077 pescltcaict
1115 4003 1203 4073 butte,
1227 4001 1303 4061 wird
1323 4019 1380 4061 oon
1398 4000 1464 4061 Otto
1485 4003 1565 4061 auid
1588 4003 1732 4076 bestdtiqt
1755 4001 1883 4060 sordem

341 4109 386 4167 uls
407 4126 481 4167 aesc
500 4107 674 4181 Verleihuap
697 4107 867 4167 besacltnct.

343 4310 402 4390 (C.)
426 4313 440 4394 ξ
460 4309 500 4374 In
522 4312 653 4375 nomine
677 4308 800 4374 domini
822 4311 924 4373 nostri
947 4308 1022 4371 Iesu
1046 4305 1165 4372 Christi
1192 4307 1279 4390 regis
1304 4307 1436 4371 aeterni.
1483 4305 1561 4372 Otto
1590 4306 1702 4372 divina
1728 4306 1884 4372 favente*

237 4413 413 4497 imperator
437 4424 604 4497 augustus
703 4429 773 4490 Quia
794 4411 971 4498 imperialis
993 4424 1190 4490 magnificentia
1211 4426 1257 4490 pia
1279 4430 1305 4475 et
1326 4424 1402 4490 larga
1424 4439 1487 4490 erga
1509 4425 1551 4474 dei
1575 4425 1690 4476 cultores
1712 4430 1739 4476 et
1761 4425 1883 4476 ecclesia·

238 4545 296 4580 rum
319 4532 361 4582 dei
384 4536 562 4597 recuperatrix
585 4539 611 4583 et
633 4534 804 4583 restauratrix
828 4547 885 4581 esse
908 4529 1001 4591 debet,
1032 4535 1062 4578 ut
1084 4528 1110 4577 id
1133 4528 1236 4594 agendo
1258 4510 1272 4592 d
1293 4529 1423 4592 premium
1445 4535 1577 4579 mereatur
1599 4530 1724 4594 consequi
1750 4531 1884 4594 sempiter-

238 4650 315 4684 num:
345 4619 467 4684 idcirco
492 4623 635 4686 omnium
656 4619 800 4685 fidelium
824 4628 957 4683 sanctae
980 4614 1032 4682 dei
1054 4615 1214 4681 ecelesiae
1236 4626 1487 4702 nostrorumque
1516 4618 1715 4702 presentium
1738 4637 1777 4679 ac
1799 4618 1884 4681 futu·

186 4739 219 4786 tt
238 4744 347 4786 rorum
371 4722 500 4788 devotio
525 4726 660 4807 noverit,
685 4722 824 4808 qualiter
845 4744 906 4786 nos
929 4719 1079 4785 consultu
1103 4741 1142 4784 ac
1164 4722 1349 4784 interventu
1363 4718 1558 4784 venerabilis
1581 4721 1727 4804 episcopi
1744 4718 1882 4784 Huberti

238 4827 403 4889 karissimi
432 4824 537 4891 fidelis
565 4828 668 4892 nostrl
698 4841 898 4907 adquiescentes
927 4839 1090 4903 aliquantam
1112 4844 1208 4889 terram
1230 4853 1309 4904 quam
1333 4839 1402 4904 bone
1424 4839 1548 4904 memorie
1570 4838 1665 4887 Petrus
1687 4838 1828 4902 episcopus
1850 4836 1884 4886 ad

238 4943 379 4993 utilitatem
408 4946 595 4995 canonicorum
624 4931 657 4994 ln
686 4925 848 4993 ecclesial
879 4945 963 4994 sancti
991 4944 1091 4993 Donati
1119 4936 1302 4993 confessoris⁰
1330 4946 1358 4992 et
1378 4943 1492 4991 martiris
1515 4941 1613 4992 Christi
1635 4940 1673 4990 ibi
1695 4955 1743 5004 pro
1767 4945 1884 5004 tempore

238 5047 287 5097 deo
315 5049 487 5098 servientium
515 5048 650 5097 diambus
677 5053 704 5097 et
730 5040 955 5097 antecessores
977 5033 1079 5095 nostri
1103 5029 1343 5115 i[mperat]0res
1366 5038 1399 5092 et
1419 5051 1513 5114 reges
1542 5049 1635 5108 postes
1662 5040 1885 5093 confirmaverunt

238 5157 265 5202 et
278 5169 294 5200 s
309 5167 358 5200 suo
376 5153 483 5217 proprio
502 5151 571 5202 dono
594 5156 780 5201 concesserunt
797 5167 827 5212 s,
849 5149 974 5200 videlicet
995 5148 1100 5198 vineam
1122 5162 1202 5197 unam
1224 5147 1259 5197 ad
1280 5147 1377 5197 Pinum
1400 5163 1460 5197 cum
1483 5161 1576 5212 eampo
1597 5146 1636 5195 ibi
1658 5160 1741 5210 prope
1764 5144 1885 5196 similiter

186 5260 220 5307 to
237 5253 272 5303 ad
286 5254 382 5305 Pinum
397 5236 574 5321 nominanted
597 5260 623 5305 et
644 5270 765 5319 campum
787 5254 899 5303 alterum
922 5254 967 5318 qui
991 5251 1087 5302 dicitur
1109 5257 1213 5316 pratum
1229 5249 1290 5301 Sale
1312 5266 1361 5302 nec
1383 5266 1436 5301 non
1459 5249 1620 5301 corticellam
1643 5264 1723 5298 unam
1746 5264 1797 5314 que
1820 5247 1884 5298 dici·

237 5364 281 5406 tur
303 5357 337 5406 ad
360 5358 442 5409 Olane
465 5374 524 5408 cum
547 5374 596 5408 sna
616 5360 775 5423 pertinentia
797 5364 825 5408 et
853 5357 933 5407 aliam
960 5355 1121 5407 corticellam
1149 5371 1201 5423 quq
1229 5360 1341 5406 vocatur
1368 5356 1503 5406 Moionam
1533 5356 1583 5405 sub
1613 5355 1782 5420 integritate,
1816 5354 1886 5403 sicut

323 5545 383 5600 252.
413 5545 520 5615 [Sickel]
624 5548 651 5609 a)
668 5548 715 5596 mit
732 5546 824 5597 Zsuatz
841 5546 903 5596 iiber
920 5545 968 5597 der
984 5545 1055 5597 Zeto
1071 5547 1164 5611 primo,
1181 5546 1231 5597 wie
1248 5546 1277 5595 ὄπ
1295 5543 1386 5596 DDO.
1402 5547 1447 5609 84,
1465 5547 1524 5596 176.

323 5630 382 5686 25³.
409 5629 578 5700 [baschitzer]
674 5635 700 5695 a)
719 5630 752 5694 A,
768 5630 816 5682 der
834 5630 970 5684 Schres'ber
988 5630 1033 5682 tas
1049 5633 1135 5699 gratia
1153 5631 1214 5682 ode·
1233 5632 1373 5683 clementia
1390 5630 1552 5696 maaser
1649 5629 1679 5694 b)
1696 5629 1764 5681 aaut
1781 5646 1798 5681 a
1814 5629 1887 5695 solet

408 5701 475 5751 noch
492 5703 534 5751 ein
550 5700 711 5753 emobchter
723 5700 875 5762 Bachotobe,
893 5699 961 5750 wohl
979 5717 994 5750 e
1070 5702 1096 5762 c)
1115 5716 1130 5751 c
1148 5716 1214 5752 corr.
1232 5716 1280 5751 aru
1296 5701 1421 5751 nedem
1439 5706 1466 5751 et
1543 5700 1570 5763 d)
1581 5698 1614 5762 A,
1631 5702 1812 5752 nominantem
1828 5698 1886 5765 Vll.

289 5811 476 5855 mannua„
491 5811 508 5853 1.
1639 5807 1679 5865 46
