4298 6414
949 118 1075 175 ΟΤΤΟ
1098 119 1121 173 Ι.
1146 114 1216 171 9⁷2.
1842 106 1906 171 559

263 321 333 363 suas
355 320 411 363 res
434 308 468 365 et
490 300 716 386 proprietates,
739 320 778 362 ea
801 298 954 363 videlicet
976 301 1102 363 rationo
1126 297 1214 384 quod
1236 297 1390 383 deinceps
1408 321 1470 364 nos
1486 308 1682 384 nostrosque
1698 319 1904 363 successores

262 409 313 465 aut
343 401 637 487 archiepiscopos⁰
657 398 891 466 Rauennates‘l
920 412 976 465 aut
1001 400 1138 465 abbates
1161 400 1247 465 illius
1270 400 1333 464 loci
1358 414 1477 465 terram
1499 400 1552 465 vel
1573 399 1715 464 familias
1737 401 1904 486 utriusque

258 525 356 568 sexus
381 505 640 590 supranominati
662 504 851 568 monasterii
874 505 1021 568 minuare
1044 513 1100 567 aut
1123 505 1295 568 servicium
1317 505 1451 591 aliquod
1473 528 1532 591 per
1554 506 1836 570 consecrationem
1858 527 1904 569 re·

257 608 367 692 cipere
390 608 460 672 sive
482 629 541 692 per
562 608 772 693 scriptionem
796 606 864 671 sive
891 627 950 690 per
980 604 1148 690 quodlibet
1175 607 1341 689 ingenium
1370 608 1502 671 minime
1530 607 1637 672 liceat.
1682 606 1903 690 Precipientes

222 712 368 796 sitaque
390 710 540 775 iubemus
563 719 599 774 ut
620 709 728 774 nullus
753 708 820 773 dux
843 707 988 773 marchio
1013 710 1187 793 episcopus
1210 731 1320 773 comes
1336 710 1520 774 vicecomes
1540 709 1721 774 sculdassio
1740 708 1903 792 gastaldio

254 812 403 879 decanus
427 823 484 878 aut
506 813 651 899 qualibet
672 814 776 877 nostri
800 812 890 895 regni
914 831 1035 894 magna
1058 832 1224 896 parvaque
1247 834 1388 897 persona
1411 811 1603 877 coenobitas
1621 812 1674 875 vcl
1696 811 1837 876 familias
1860 813 1905 875 in·

254 919 429 1002 quietare⁰
451 916 626 982 molestare
648 915 700 982 vel
723 916 867 1000 aliquam
889 915 1099 998 scriptionem
1127 915 1203 979 iude
1230 917 1375 1000 recipere
1403 924 1587 1000 presumat,
1618 914 1676 979 sed
1704 913 1802 979 liceat
1829 913 1904 978 illos

255 1021 368 1104 quiete
390 1029 423 1084 et
444 1018 581 1104 pacifice
597 1021 706 1082 vivere
731 1018 847 1103 deique
872 1019 1039 1083 servitium
1063 1027 1095 1081 et
1119 1021 1223 1082 sancti
1239 1018 1441 1103 Apollinaris
1464 1021 1617 1102 martyris
1638 1017 1740 1082 libere
1759 1027 1791 1081 et
1808 1016 1902 1081 abso·

256 1121 323 1187 lute
346 1145 446 1207 agere
468 1121 699 1208 dominumque
722 1145 780 1207 pro
810 1124 914 1186 nostri
942 1130 1191 1208 nostrorumque
1221 1145 1447 1187 successorum
1474 1125 1600 1208 imperii
1629 1121 1733 1186 salute
1756 1144 1903 1203 exorare,

209 1237 233 1283 o
257 1226 406 1289 omnium
427 1224 594 1290 hominum
616 1234 741 1290 remota
763 1224 990 1308 impedicione.
1036 1226 1069 1290 si
1094 1229 1166 1312 quis
1189 1250 1282 1309 vero,
1308 1228 1396 1314 quod
1418 1230 1550 1293 minime
1572 1225 1751 1309 credimus,
1778 1227 1903 1291 nefario
2010 1273 2011 1276 ,

256 1349 341 1392 ausu
363 1327 459 1392 huius
481 1330 585 1392 nostri
608 1330 754 1413 precepti
776 1330 932 1412 paginam
953 1329 1128 1413 infringere
1149 1332 1366 1414 temptaverit,
1392 1334 1475 1395 sciat
1498 1353 1532 1395 se
1555 1332 1811 1415 compositurum
1834 1331 1904 1393 auri

258 1432 375 1516 optimi
398 1430 498 1495 libras
521 1430 624 1514 mille,
647 1430 855 1497 medietatem
877 1432 1012 1515 kamare
1035 1442 1168 1496 nostrae
1192 1456 1248 1498 seu
1271 1443 1455 1498 nostrorum
1479 1454 1707 1498 successorum
1730 1442 1762 1496 et
1784 1431 1902 1496 medie-

256 1543 360 1598 tatem
390 1535 457 1597 iam
485 1532 570 1618 dicte
599 1533 757 1598 ecclesiae
786 1537 891 1598 sancti
914 1532 1125 1619 Apollinaris.
1171 1535 1268 1616 Quod
1291 1545 1327 1598 ut
1349 1538 1456 1601 verius
1479 1537 1631 1601 credatur
1654 1535 1904 1622 diligentiusque

256 1637 300 1701 ab
325 1637 476 1702 omnibus
501 1636 700 1720 observetur,
724 1640 864 1722 propriis
887 1636 1038 1701 manibus
1061 1637 1253 1703 roborantes
1277 1638 1373 1721 sigilli
1397 1641 1499 1703 nostri
1524 1641 1726 1725 inpressione
1750 1641 1903 1704 iussimus

213 1752 238 1798 5
256 1741 417 1824 insigniri.

361 1876 375 1960 Ξ
398 1876 499 1959 Signa
522 1877 715 1942 domnorum
738 1879 971 1962 imperatorum
995 1876 1125 1941 Ottonis
1150 1887 1182 1942 et
1205 1879 1281 1942 item
1299 1877 1430 1944 Ottonis
1455 1881 1519 1961 (M.)
1536 1882 1600 1960 (M.)
1625 1882 1903 1946 serenissimorum

257 1977 518 2063 augustorum}

361 2080 512 2160 {Petrus
542 2082 757 2148 cancellarius
787 2083 937 2148 advicem
968 2083 1107 2148 Huberti
1134 2085 1278 2169 episcopi
1303 2094 1335 2148 et
1357 2083 1637 2149 archicancellarii
1660 2088 1850 2170 recognovit
1873 2096 1905 2148 et

257 2186 463 2271 subscripsit.
486 2183 500 2266 li

206 2334 239 2382 to
362 2324 486 2388 Datum
509 2341 583 2388 vm.
611 2321 704 2388 kalf
731 2325 797 2389 iun.
828 2346 915 2389 anno
947 2324 1108 2388 dominice
1137 2325 1372 2389 incarnationis
1407 2342 1635 2409 Dccccnxxn,
1669 2327 1796 2411 imperii
1826 2348 1903 2390 vero

258 2427 370 2492 domni
389 2425 521 2491 Ottonis
538 2430 734 2492 serenissimi
750 2430 881 2513 augusti
897 2445 944 2490 XI.
963 2437 995 2491 et
1009 2429 1086 2492 item
1105 2426 1237 2492 Ottonis
1255 2446 1287 2510 v,
1311 2428 1487 2494 indictione
1504 2448 1566 2511 xv3
1585 2440 1692 2494 actum
1709 2430 1903 2510 Rauennae3

259 2533 291 2594 in
317 2531 367 2594 dei
392 2532 523 2594 nomine
546 2529 683 2596 feliciter
705 2553 810 2595 amen.
1819 2533 1905 2612 (B.)g

1040 2754 1126 2826 411.

267 2907 348 2985 Otto
373 2909 533 3007 besttttipt
554 2909 625 2982 den
647 2910 824 2983 Menalcan
843 2909 903 2982 der
920 2909 1082 2983 Klostcrs
1104 2908 1259 3006 Pfdvcrs
1282 2907 1340 2980 dte
1362 2907 1576 2980 Immunitiit
1596 2907 1676 2980 ond
1696 2908 1762 2980 das
1784 2908 1902 2980 Walt-

208 3047 241 3094 as
258 3030 362 3102 recht.
1484 3048 1608 3106 aresces
1630 3051 1695 3107 972
1717 3048 1786 3106 ιιι·
1809 3052 1859 3107 11.

364 3236 611 3310 Originaldrplom
633 3239 676 3295 im
698 3237 806 3295 Archiv
828 3255 883 3296 oon
904 3235 1030 3307 Pfttocrs
1052 3257 1092 3295 co
1115 3236 1145 3298 S.
1166 3215 1273 3297 Galles
1295 3235 1306 3315 (
1335 3236 1354 3315 ).

368 3374 497 3447 Weqelin
518 3376 552 3432 in
573 3375 663 3432 Mobr
686 3373 975 3447 Schweiserreycstco
999 3373 1097 3452 (Char
1112 3373 1246 3451 1850)4
1268 3381 1302 3433 πθ
1318 3378 1360 3434 18
1382 3376 1454 3447 Ray.
1479 3392 1534 3432 cus
1559 3374 1594 3431 Α.
1618 3407 1660 3416 -
1684 3373 1812 3446 Stumpf
1831 3374 1905 3432 Acta

363 3478 441 3536 iered.
466 3482 526 3538 311
551 3485 584 3536 n⁰
605 3482 669 3538 220
693 3496 749 3537 aus
770 3478 808 3536 A.
832 3513 876 3520 -
898 3478 1026 3551 Stampf
1043 3480 1114 3551 Regi.
1139 3481 1211 3538 508.
1235 3511 1276 3521 —
1299 3478 1413 3536 Hidbcr
1434 3479 1506 3550 Res.
1531 3481 1625 3538 1097.

362 3617 513 3675 Nocbdem
535 3618 609 3677 WB.
631 3635 731 3689 oenoe
751 3619 827 3675 noch
849 3615 917 3676 DO.
940 3618 1004 3676 250
1027 3616 1081 3674 dos
1103 3615 1170 3674 Do,
1188 3622 1230 3674 ΙΙ.
1252 3617 1296 3675 23
1315 3614 1499 3686 yescbriebca
1521 3614 1608 3684 batte,
1638 3613 1757 3687 fertiqte
1779 3630 1811 3671 er
1830 3614 1906 3671 norb

364 3720 511 3778 asareem
532 3718 598 3780 DO.
617 3725 677 3780 411
704 3739 752 3780 on.
796 3721 887 3780 Ueber
908 3719 957 3777 die
978 3719 1132 3791 Dotiruny
1153 3719 1207 3790 oyl.
1233 3718 1328 3777 Sickel
1349 3718 1443 3775 Beltr.
1468 3735 1525 3776 sur
1547 3716 1629 3789 Drsspl.
1655 3720 1683 3788 6,
1708 3718 1906 3785 rte-451,-

364 3826 394 3894 8,
418 3826 490 3882 175,

365 4011 425 4089 (0.)
448 4008 463 4090 ll
483 4008 522 4073 In
545 4010 676 4074 nomine
699 4019 832 4074 sanctae
855 4019 888 4073 et
909 4008 1096 4074 individuae
1120 4009 1282 4074 trinitatis.
1327 4006 1405 4073 Otto
1433 4008 1544 4072 divina
1572 4008 1703 4072 favente
1732 4005 1904 4071 clementia

259 4113 439 4197 imperator
467 4121 636 4196 augustus
734 4128 845 4177 Noverit
874 4129 990 4178 omnium
1020 4127 1138 4178 sollertia
1165 4126 1283 4177 fidolium
1312 4132 1462 4176 nostrorum
1490 4132 1544 4176 tarn
1571 4127 1751 4190 praesentium
1772 4140 1852 4190 quam
1874 4119 1906 4172 et

259 4231 418 4294 mentorum,
441 4231 556 4298 qualiter
577 4233 661 4282 abbas
683 4214 696 4295 1
718 4232 888 4282 Fabariensis
910 4233 1062 4281 monasterii
1085 4231 1157 4296 quod
1179 4236 1360 4281 constructum
1383 4224 1446 4280 est*
1467 4231 1496 4278 in
1519 4230 1617 4279 honore
1640 4211 1773 4278 sanctasb
1797 4227 1838 4277 dei
1861 4242 1904 4292 ge·

211 4335 243 4384 36
261 4336 365 4385 nitricis
386 4335 487 4385 Mariae
509 4336 537 4384 in
559 4350 628 4400 pago
651 4341 678 4385 et
700 4335 727 4384 in
750 4337 877 4385 comitatu
899 4333 977 4384 Retia
1000 4336 1175 4399 nuncupatis,
1205 4335 1311 4385 nomine
1333 4334 1480 4383 Maiorinus
1503 4349 1562 4382 cum
1586 4332 1722 4383 monachis
1745 4331 1796 4381 sibi
1820 4335 1906 4378 com·

260 4423 369 4486 missis
391 4431 521 4487 nostrae⁰
548 4437 640 4487 adiens
663 4437 828 4487 celsitudinis
851 4438 1016 4487 clementiam
1039 4442 1162 4502 precatus
1185 4444 1238 4500 est,
1266 4443 1296 4487 ut
1318 4437 1423 4487 eosdem
1446 4436 1590 4486 monachos
1612 4441 1692 4500 atque
1715 4449 1756 4483 res
1778 4432 1906 4497 praedicti

260 4531 432 4600 [monalsterii
460 4545 568 4605 proptor
597 4541 764 4606 quorundam
793 4556 976 4606 perversorum
999 4542 1134 4591 hominum
1157 4542 1389 4606 tergiversationes
1411 4541 1461 4590 sub
1484 4546 1574 4589 nostro
1596 4537 1785 4588 mundiburdio
1808 4542 1835 4586 et
1856 4537 1906 4585 tui-

261 4626 358 4694 tione‘¹
387 4646 607 4696 constitueremus
636 4651 715 4711 aulus
743 4646 850 4696 illorum
879 4650 1021 4710 praecepta
1043 4659 1074 4694 ac
1097 4644 1238 4710 privilegia
1259 4659 1328 4710 quae
1350 4645 1384 4694 ab
1405 4634 1627 4703 antecessorilbus
1650 4632 1770 4702 nostlris,
1800 4640 1907 4704 regibus

261 4747 394 4810 videlicet,
417 4743 609 4813 acceperunt⁰,
635 4755 741 4800 nostrae
764 4749 931 4800 auctoritatis
953 4739 1116 4807 munimlinle
1139 4747 1291 4799 renovando
1313 4747 1477 4798 firmaremus
1500 4745 1707 4809 electionemque
1729 4743 1783 4792 illis
1806 4733 1906 4802 o[once-

211 4849 244 4896 to
262 4841 407 4915 delromus3
437 4851 545 4915 insuper
568 4852 647 4901 etiam
671 4852 786 4902 ostendit
810 4853 888 4902 nobis
916 4858 1058 4916 praecepta
1086 4867 1118 4903 ao
1145 4853 1286 4918 privilegia
1315 4859 1511 4902 antecessorum
1541 4854 1689 4900 nostrorum
1719 4849 1905 4912 imperatorum

261 4953 354 5004 Karoli
372 4959 399 5004 et
416 4934 568 5006 Lbdouuioi
590 4958 618 5005 in
640 4958 738 5022 quibus
761 4957 954 5018 continebatur,
978 4962 1008 5006 ut
1029 4956 1143 5021 praefati
1165 4956 1287 5006 monachi
1310 4957 1399 5020 regias
1421 4954 1464 5004 vel
1486 4952 1630 5018 imperialis
1653 4951 1832 5001 defensionem
1855 4949 1906 4997 tui-

347 5125 407 5182 olo
434 5130 460 5191 c)
478 5129 640 5198 archis-ped
743 5131 769 5196 d)
786 5129 850 5209 odes
865 5131 1029 5183 Rauennatis
1133 5130 1157 5197 s)
1175 5146 1187 5179 r
1210 5144 1275 5180 corr.
1298 5145 1347 5178 oar
1368 5134 1379 5178 t
1480 5128 1502 5190 s)
1520 5126 1568 5177 der
1585 5126 1656 5177 letata
1674 5124 1767 5190 Sobofi
1783 5140 1833 5175 oors
1850 5135 1907 5175 vm

432 5214 488 5266 aa
504 5215 553 5266 aa·
569 5215 801 5283 ramsolam
823 5217 851 5266 er
874 5215 1022 5267 ammiel
1125 5215 1152 5282 g)
1171 5217 1219 5265 aa
1236 5230 1313 5265 aaa
1330 5212 1428 5263 esua
1446 5214 1487 5274 ee,
1504 5211 1683 5277 marniae
1700 5210 1851 5275 anemae.

348 5315 408 5372 411.
436 5316 544 5388 [Sickel]
649 5321 675 5384 a)
691 5337 757 5371 corr.
776 5337 823 5370 osu
848 5327 874 5370 et
982 5318 1010 5385 b)
1030 5319 1107 5369 ffio'ie
1131 5316 1153 5368 A
1262 5318 1287 5375 cl
1307 5334 1321 5367 e
1344 5315 1399 5379 aas
1417 5315 1506 5367 Bm
1613 5315 1642 5380 d)
1660 5316 1721 5365 tuiti
1747 5313 1801 5377 aas
1819 5312 1908 5364 Rorar

211 5387 246 5435 ts
435 5389 460 5452 e)
475 5405 525 5440 oon
540 5387 654 5454 pleicber·
671 5389 754 5438 Hand
770 5390 832 5438 oser
849 5389 896 5440 der
907 5387 977 5439 Zoilo
994 5386 1188 5452 nocbyetraym.
