4500 6420
391 440 456 506 394
992 451 1441 510 KAISERURKUNDEN.

392 662 449 696 esse
471 661 633 696 concessum.
667 646 779 710 Insuper
801 646 879 695 etiam
902 645 1057 695 obtulerunt
1078 646 1155 696 nobis
1178 647 1277 710 scripta
1298 647 1326 694 in
1348 647 1446 711 quibus
1468 648 1654 697 continebatur
1675 648 1811 708 insertum,
1834 647 1905 713 quod
1920 646 2037 697 Karolus

390 765 502 815 magnus
530 751 672 814 imperator
700 751 873 800 concessisset
898 748 982 799 eidem
1005 752 1165 799 monasterio
1187 749 1339 799 theloneum
1363 750 1395 799 de
1418 751 1532 799 naribus
1554 766 1622 816 quae
1645 766 1692 815 per
1714 751 1824 800 flumina
1845 750 2037 810 discurrebant,

391 870 440 905 nec
462 870 515 904 non
538 859 565 903 et
587 853 619 904 de
642 855 723 903 carris
746 859 772 904 et
794 855 950 919 saugmariis
979 853 1129 902 necessaria
1156 853 1241 916 ipsius
1268 854 1421 903 monasterii
1448 853 1491 902 vel
1520 855 1733 920 congregationis
1758 854 1857 905 ibidem
1880 854 1929 904 deo
1952 853 2036 903 famu-

390 958 470 1008 lantis
498 959 608 1023 eiusque
636 958 753 1007 familiae
775 958 967 1019 deferentibus,
997 955 1181 1019 undecumque
1203 954 1283 1005 fiscus
1305 955 1458 1005 theloneum
1481 957 1586 1021 exigere
1608 962 1709 1021 potest;
1739 972 1787 1020 pro
1811 955 1942 1005 firmitatis
1964 970 2036 1004 nam-

389 1078 441 1127 que
470 1061 558 1112 studio
586 1060 789 1125 postulaverunt
815 1077 863 1110 nos
885 1059 1014 1125 praedicti
1037 1058 1202 1110 venerabiles
1223 1061 1288 1123 viri,
1317 1077 1334 1108 u
1355 1065 1386 1109 ut
1407 1066 1545 1124 paternum
1569 1076 1666 1110 morem
1690 1065 1830 1125 sequentes
1852 1059 2070 1115 huiuscemodi5

389 1166 555 1217 auctoritatis
577 1171 683 1215 nostrae
705 1163 862 1214 beneficium
885 1164 969 1214 eidem
992 1165 1194 1215 concederemus
1216 1171 1243 1231 et
1266 1164 1480 1214 confirmaremus
1502 1165 1669 1214 monasterio.
1692 1164 1749 1214 Nec
1771 1180 1824 1212 non
1846 1168 1873 1212 et
1892 1168 2035 1227 praecepta

389 1268 527 1319 offerentes
545 1267 617 1332 quod
635 1268 704 1318 idem
727 1250 905 1337 supradicti
928 1269 1060 1333 principes
1076 1269 1265 1330 Francborum,
1289 1267 1414 1318 videlicet
1428 1252 1572 1317 Karolus
1595 1254 1773 1338 imperator
1795 1283 1913 1332 avusque
1931 1252 2034 1336 ipsius

388 1371 562 1422 Ludouuicus
585 1372 727 1435 imperator
749 1386 798 1420 nec
819 1387 873 1420 uon
897 1377 923 1420 et
944 1389 960 1419 s
982 1386 1097 1436 proavus
1120 1359 1190 1421 eius
1212 1371 1328 1421 Karalus
1349 1372 1492 1435 imperator
1515 1376 1659 1437 augustus,
1682 1371 1768 1421 eidem
1790 1372 1949 1421 monasterio
1973 1385 2034 1419 con·

387 1474 510 1524 cederent
531 1473 664 1539 quandam
687 1479 788 1538 partem
812 1489 907 1523 census
929 1490 976 1524 seu
998 1477 1091 1525 tributi
1114 1489 1182 1540 quae
1205 1476 1243 1524 eis
1266 1475 1404 1523 annuatim
1426 1490 1458 1524 ex
1474 1474 1631 1525 Alemannis
1653 1475 1832 1535 solvebantur,
1855 1473 1980 1524 videlicet
2002 1488 2033 1522 ex

388 1583 500 1628 centena
520 1578 673 1642 Erihgeuue
702 1583 728 1627 ct
749 1575 863 1642 Apphon
891 1585 1059 1643 nuncupata,
1088 1595 1137 1629 nec
1165 1595 1219 1628 uon
1242 1585 1268 1629 et
1290 1579 1418 1629 decimam
1440 1578 1473 1627 de
1495 1579 1616 1641 portione
1639 1592 1707 1642 quac
1729 1579 1757 1627 in
1779 1578 1934 1641 Albegeuue
1956 1577 2033 1637 iacet,
2053 1583 2085 1632 10

389 1696 436 1730 seu
458 1687 485 1730 et
506 1695 603 1730 nonam
626 1696 658 1730 ex
680 1679 744 1730 fisco
766 1682 843 1730 cuius
865 1682 1024 1731 vocabulum
1047 1687 1087 1730 est
1109 1680 1260 1743 Sahsbach,
1289 1686 1368 1745 atque
1397 1682 1476 1730 etiam
1499 1687 1526 1731 et
1547 1695 1644 1734 ironam
1672 1685 1772 1745 partem
1795 1681 1888 1730 tributi
1910 1693 1979 1745 quae
2002 1694 2033 1727 ex

388 1785 551 1850 Prisegouue
582 1784 616 1832 ad
645 1788 764 1834 nostrum
793 1787 908 1851 exigitur
937 1801 1012 1850 opus.
1048 1786 1123 1835 Haec
1153 1790 1241 1834 autem
1270 1785 1392 1848 superius
1423 1783 1612 1848 comprehensa
1641 1798 1688 1847 pro
1718 1782 1895 1832 emolumento
1930 1781 2033 1831 animae

387 1892 492 1938 nostrae
507 1887 541 1938 ad
560 1887 630 1938 idem
651 1889 839 1938 monasterium
863 1889 1030 1950 contulimus,
1053 1895 1184 1953 quatenus
1207 1888 1328 1937 monachi
1352 1886 1512 1950 stipendium
1533 1888 1712 1936 necessarium
1734 1885 1862 1942 habentes
1884 1900 1933 1949 pro
1955 1885 2032 1934 nobis

387 1990 502 2040 alacrius
524 1990 623 2041 domini
644 1992 851 2041 nrisericordiam
874 2007 982 2042 exorare
1004 1996 1154 2056 procurent,
1177 1990 1223 2040 sed
1242 1997 1268 2039 et
1286 1994 1432 2040 statuentes
1453 1990 1631 2054 praecipimus
1653 1996 1684 2040 ut
1705 2005 1791 2040 nonae
1813 1996 1892 2055 atque
1915 1988 2032 2038 decimae

386 2110 454 2160 quae
476 2111 524 2159 pro
546 2100 636 2145 nostra
659 2095 803 2145 elemosina
823 2095 959 2160 praedicto
982 2095 1142 2145 contulimus
1165 2095 1333 2156 monasterio,
1355 2095 1439 2158 primo
1463 2098 1604 2158 antequam
1628 2109 1730 2143 summa
1752 2109 1879 2143 censuum
1902 2098 1929 2142 et
1950 2092 2032 2141 tribu·
2053 2105 2084 2152 15

386 2204 473 2249 torum
502 2198 687 2264 dispertiatur,
720 2200 861 2265 agentibus
890 2201 1042 2250 monasterii
1072 2199 1168 2250 dentur
1190 2204 1216 2248 et
1238 2198 1407 2262 postmodum
1435 2196 1482 2246 fiat
1511 2196 1605 2246 divisio
1628 2198 1743 2261 partium
1765 2212 1834 2262 quae
1856 2195 1890 2245 ad
1913 2201 2031 2245 noenum

386 2303 427 2352 vel
447 2303 572 2352 comitum
594 2307 744 2352 nostrorum
762 2304 804 2351 ius
821 2304 953 2366 pertinere
975 2303 1079 2353 debent.
1113 2303 1169 2353 Nos
1184 2318 1246 2353 vero
1270 2302 1482 2367 supradictorum
1504 2301 1696 2350 venerabilium
1719 2302 1836 2350 virorum
1857 2300 2032 2364 petitionibus

386 2411 412 2455 et
434 2406 566 2455 voluntati
594 2406 746 2456 satisfacere
775 2407 912 2470 cupientes
935 2407 1014 2456 stiam
1037 2411 1233 2457 antecessorum
1256 2411 1406 2455 nostrorum
1430 2419 1556 2455 concessa
1577 2405 1718 2470 privilegia
1740 2404 1888 2453 firmissima
1909 2403 2031 2468 largitate

386 2496 419 2558 in
442 2503 569 2559 tantum
592 2510 747 2560 roboramus
769 2504 819 2577 ut,
855 2492 1118 2580 quandoquidem
1147 2495 1326 2558 necessitas
1355 2494 1557 2579 poposcerit,
1592 2495 1654 2579 ipsi
1679 2491 1828 2556 monachi
1852 2489 2031 2555 secundum

386 2595 532 2680 regulam
562 2597 666 2660 sancti
689 2596 858 2661 Benedicti
888 2597 1054 2660 licentiam
1083 2598 1165 2660 inter
1192 2618 1226 2659 se
1248 2594 1393 2659 habeant
1421 2595 1560 2681 eligendi
1591 2596 1738 2662 abbates.
1777 2612 1811 2660 Et
1835 2612 1958 2660 iussionis
1981 2611 2030 2660 hoo
2049 2619 2083 2665 20

385 2721 491 2765 nostrae
514 2715 679 2765 auctoritatis
702 2719 873 2778 praeceptum
895 2715 957 2764 inde
980 2715 1111 2764 conscribi
1133 2731 1180 2779 per
1200 2716 1271 2780 quod
1294 2716 1459 2767 decernimus
1481 2725 1560 2783 atque
1584 2719 1713 2778 iubemus,
1737 2723 1767 2766 ut
1781 2719 1860 2767 sicuti
1882 2718 1915 2766 ab
1932 2715 2029 2766 eisdem

385 2819 607 2882 supranominatis
636 2818 848 2875 antecessoribus
877 2820 974 2867 nostris
1003 2801 1108 2866 eidem
1131 2820 1289 2868 monasterio
1313 2826 1340 2869 et
1362 2820 1488 2870 fratribus
1512 2821 1584 2885 regia
1606 2819 1649 2868 vel
1671 2819 1800 2883 imperiali
1824 2819 1946 2883 largitate
1969 2833 2030 2866 con-

384 2936 487 2971 cessum
510 2925 557 2983 est,
579 2922 618 2970 ita
639 2920 764 2984 deinceps
785 2921 882 2970 nostris
904 2921 1053 2985 futurisque
1075 2923 1238 2985 temporibus
1260 2922 1409 2972 firmissima
1430 2925 1532 2973 ratione
1555 2928 1715 2986 penuaneat
1750 2923 1785 2971 Et
1803 2930 1832 2971 ut
1852 2923 1902 2972 boc
1925 2928 2029 2971 nostrae

383 3027 548 3075 auctoritatis
571 3030 741 3089 praeceptum
763 3027 790 3073 in
813 3025 1016 3075 succedentibus
1039 3027 1115 3075 aruris
1137 3025 1237 3075 firmius
1260 3027 1389 3076 habeatur
1411 3033 1437 3077 et
1458 3027 1611 3092 diligentius
1634 3028 1797 3088 observetur,
1820 3028 1927 3091 propria
1949 3041 2028 3075 manu

385 3135 476 3178 nostra
497 3128 659 3177 firmavimus
682 3134 708 3177 et
730 3128 803 3176 anuli
825 3129 908 3177 nostri
932 3130 1102 3192 impressione
1125 3129 1235 3194 sigillari
1258 3132 1391 3180 irrssimus.
2046 3133 2080 3181 26

488 3390 502 3471 ᾗ
524 3393 689 3459 Liutulfus
705 3392 921 3458 cancellarius
937 3394 1087 3460 advicem
1102 3396 1265 3460 Brunonis
1287 3396 1539 3484 archicapellani
1562 3402 1739 3483 recognovi
1756 3409 1788 3464 ct
1804 3399 1991 3487 subscripsi.
2014 3396 2028 3479 Β

1945 3506 2027 3584 (SR)

487 3658 575 3724 Data
894 3657 907 3698 ‘¹
930 3683 1017 3726 anno
1042 3661 1225 3727 dominicae
1248 3664 1481 3729 incarnationis
1497 3680 1689 3748 Dccccuxv,
1712 3665 1823 3731 indict.
1840 3685 1915 3749 vm,
1939 3689 2025 3731 anno

383 3772 492 3828 autem
514 3763 605 3845 regni
629 3765 825 3827 serenissimi
849 3766 935 3849 regis
960 3764 1089 3830 Ottonis
1114 3784 1215 3848 xxvi,
1243 3769 1368 3852 imperii
1393 3771 1492 3832 etiam
1516 3787 1585 3851 11113
1620 3780 1731 3834 actum
1753 3773 1786 3834 in
1809 3771 2025 3853 Uuormacia3
2045 3788 2078 3835 30

384 3882 472 3929 V1111.
496 3864 562 3929 kal.
585 3875 680 3930 mart.
703 3867 737 3929 in
760 3866 811 3931 dei
835 3870 964 3932 nomine
988 3890 1092 3934 amen.

1160 4178 1245 4252 278.

390 4342 471 4420 Orto
497 4345 637 4419 sebenltt
663 4345 727 4420 der
750 4346 882 4421 Kircbe
910 4348 970 4421 des
996 4351 1027 4422 b.
1060 4351 1178 4424 Moris
1205 4377 1250 4424 za
1274 4350 1500 4449 Mopdsburp
1525 4353 1612 4425 zrues'
1637 4352 1832 4451 kbniplicbs
1857 4354 1955 4454 Hb‘fe
1980 4383 2025 4430 zu

389 4462 496 4540 Coloe
521 4466 602 4539 uod
625 4466 844 4567 Rosooborp.
1546 4494 1707 4567 loculoso
1729 4498 1791 4555 scr
1815 4497 1907 4555 Mors
1928 4503 1980 4558 aa.

481 4715 699 4789 Mapdeburycr
715 4715 891 4791 Ooprblbacb
911 4720 963 4795 dee
987 4722 1037 4781 15.
1054 4722 1106 4781 Jlr.
1131 4721 1153 4793 f.
1178 4727 1219 4783 19
1242 4726 1285 4782 ios
1305 4725 1334 4785 lr.
1358 4724 1563 4785 Staotsurclriv
1583 4745 1622 4786 su
1645 4729 1830 4803 Moodeborq
1854 4729 1919 4808 (D).
2042 4743 2075 4791 ab

487 4876 652 4936 Wdulrirui
674 4878 718 4938 ed,
742 4879 873 4939 Meibom
891 4885 953 4941 124
969 4884 1041 4956 Rep.
1064 4918 1107 4926 —
1129 4885 1247 4945 Iasuber
1267 4889 1402 4963 Dlsquis.
1426 4892 1563 4963 stapulas
1586 4892 1695 4952 Soros.
1718 4898 1851 4954 o⁰1600
1874 4894 2024 4967 onpebliclr

482 4997 538 5038 aas
561 4978 627 5036 dem
646 4977 782 5053 Oripinol
803 4980 854 5060 (L)
879 5008 917 5036 ε
941 4985 1044 5059 maio
1065 4986 1134 5046 ΒΑ.
1158 4984 1222 5060 10⁶,
1246 4994 1309 5050 344
1331 4997 1365 5049 πθ
1387 4996 1438 5063 15,
1463 5017 1503 5046 --
1527 4995 1676 5054 ΗᾶυεοΙεεν
1698 4994 1843 5055 Chronico
1865 5015 1921 5055 con
1937 4995 2023 5056 cotue

482 5085 525 5142 erl.
546 5093 587 5153 II,
604 5086 649 5143 22
671 5108 710 5137 --
734 5086 884 5146 Ηᾶυεοῑεθν
899 5087 1045 5148 Chronica
1066 5109 1122 5150 uon
1138 5090 1225 5151 Callis
1247 5097 1279 5152 in
1301 5093 1429 5174 (liuline)
1451 5098 1537 5156 Fuso.
1563 5116 1660 5170 opusc.
1685 5100 1752 5158 bist.
1778 5103 1806 5159 6.
1829 5135 1873 5142 -
1894 5100 2024 5159 Blilnnrr

481 5189 553 5261 seo.
576 5192 649 5250 286.
673 5221 718 5231 -
740 5188 867 5262 Stunrpf
884 5193 957 5265 Res.
981 5196 1054 5253 351.

483 5353 544 5410 Von
566 5353 621 5413 LI.
644 5352 772 5423 versasst
794 5353 858 5411 und
880 5357 954 5414 wolsl
975 5358 1051 5416 auch
1070 5359 1262 5430 percurrebat.
1286 5345 1428 5421 —'Dem
1446 5365 1533 5423 Teste
1551 5365 1581 5422 L
1603 5364 1671 5438 licut
1693 5366 1857 5423 solescerliclr
1881 5366 1935 5424 dus
1955 5366 2021 5426 Ori·
2039 5379 2073 5426 40

463 5551 522 5606 277.
550 5555 576 5615 d)
596 5555 650 5607 Po.
674 5556 733 5606 lices
758 5558 861 5610 Ls'lckcn
877 5560 928 5623 fe'r
951 5562 1000 5612 dns
1025 5563 1206 5629 Topesdotum
1233 5565 1284 5615 den
1301 5564 1517 5630 Asrrrlsllunpeert
1534 5566 1589 5616 aud
1603 5566 1654 5627 fu'r
1670 5568 1830 5618 eburnullclre
1847 5568 1944 5632 Elam
1967 5571 2023 5619 elne

547 5623 643 5742 mre
669 5625 751 5676 Hand
776 5627 821 5678 du
844 5632 885 5678 10.
904 5629 948 5680 Jlr.
969 5631 1044 5696 stipa
1070 5647 1098 5696 r,
1125 5646 1195 5695 vm,
1221 5647 1267 5696 rr,
1296 5646 1343 5685 1111
1371 5634 1461 5695 tiozo,
1488 5634 1647 5700 despiciebas
1671 5639 1698 5686 in
1718 5638 1877 5688 Uuonmoia
1895 5650 1972 5689 rins.
1996 5639 2021 5689 k.
