4298 6414
804 437 1034 496 HEINRICH
1057 440 1081 492 I.
1106 434 1177 494 927.
1771 433 1810 496 51

266 616 433 691 Obrismon,
458 621 505 680 die
526 623 598 678 swei
619 625 713 679 ersten
736 623 834 682 Worte
855 623 918 682 aad
942 623 1002 682 SR.
1026 641 1082 681 ron
1104 623 1216 692 Sirion,
1240 623 1310 681 calles
1332 623 1435 695 tibripc
1457 641 1512 680 cion
1528 623 1587 681 SB.
1604 625 1678 682 accii
1695 623 1812 682 Simone

267 722 392 797 Concepit
416 726 607 798 pesctmeben.

268 911 329 991 (C.)
352 911 368 997 ξ
388 911 427 975 Iu
456 912 587 976 nomine
617 919 750 974 sanctae
780 919 812 973 et
840 909 1028 973 individuae
1057 911 1221 974 trinitatis.
1260 909 1434 974 Heinricus
1457 909 1568 973 divina
1597 911 1727 975 favente
1750 912 1813 976 cle-

157 1021 300 1076 menta·
320 1036 390 1077 rex.
478 1014 637 1079 Noverint
659 1005 758 1097 igitur
781 1035 892 1077 ornnes
915 1010 1028 1077 fideles
1052 1015 1154 1077 nostri
1178 1022 1344 1097 presentes
1367 1010 1381 1093 il
1404 1013 1528 1077 scilicet
1550 1024 1581 1077 et
1605 1016 1713 1097 futuri,
1738 1017 1814 1100 quia

120 1128 224 1178 snos
247 1117 434 1180 interventu
455 1117 563 1181 fidelis
586 1116 760 1203 dilectique
784 1118 912 1181 comitis
935 1139 975 1179 ac
999 1118 1171 1201 propinqui
1195 1118 1296 1180 nostri
1320 1116 1455 1179 Henrici
1484 1117 1613 1182 cuidam
1637 1118 1814 1182 venerandi

162 1216 259 1282 ducis
282 1221 385 1283 nostri
408 1218 535 1284 Amolfi
558 1219 703 1284 vassallo
726 1221 863 1303 Kerung
890 1228 1078 1304 nuncupato
1108 1218 1270 1305 quendam
1300 1221 1421 1303 proprii
1453 1221 1531 1283 iuris
1560 1223 1661 1285 nostri
1687 1243 1814 1284 servum

160 1319 283 1405 Noppo
307 1331 531 1408 nuncupatum
555 1324 588 1386 in
610 1333 802 1412 perpetuam
827 1325 1058 1408 proprietatem
1083 1322 1285 1386 donavimus.
1323 1321 1482 1386 Iussimus
1499 1345 1626 1408 quoque
1642 1324 1704 1388 hoe
1724 1346 1815 1408 prae-

161 1434 296 1508 ceptum
312 1426 389 1490 inde
404 1425 568 1492 conscribi
584 1449 643 1511 per
657 1425 745 1512 quod
761 1425 911 1490 volumus
927 1427 1124 1511 firmiterque
1140 1426 1298 1506 iubemus,
1323 1434 1483 1511 quatenus
1499 1428 1666 1510 praefatus
1681 1427 1816 1510 Kerung

161 1525 205 1590 ab
230 1527 390 1594 hodierna
413 1530 467 1594 die
489 1553 529 1595 ac
552 1530 708 1615 deinceps
732 1529 772 1592 de
796 1529 963 1614 praedicto
988 1553 1082 1594 servo
1099 1532 1259 1615 Noppone
1282 1528 1479 1594 liberrimam
1496 1541 1605 1594 teneat
1621 1540 1816 1615 potestatem

108 1629 308 1696 rehabendi
333 1632 478 1697 donandi
502 1633 665 1698 vendendi
688 1633 910 1697 commutandi
933 1633 985 1697 vel
1009 1635 1164 1719 quicquid
1188 1628 1248 1697 sibi
1274 1632 1404 1697 libuerit
1426 1635 1577 1698 faciendi.
1612 1634 1656 1698 Et
1672 1633 1732 1696 utb
1754 1634 1816 1697 hoc

162 1744 297 1799 nostrae
320 1735 504 1821 largitionis
526 1748 738 1823 pracceptum
761 1739 888 1802 firmum
913 1737 1093 1823 stabileque
1116 1747 1316 1821 permaneat,
1342 1759 1441 1801 manu
1464 1748 1576 1803 nostra
1600 1739 1714 1802 subtus
1737 1738 1816 1802 illud

162 1837 367 1903 firmavimus
391 1849 424 1903 et
447 1839 553 1925 sigillo
578 1850 688 1904 nostro
712 1841 860 1924 insigniri
883 1842 1046 1905 iussimus.

267 1981 283 2062 ᾔ
303 1976 441 2062 Signum
465 1977 575 2043 domui
598 1978 745 2042 Heinrici
771 1979 836 2059 (M.)
862 1980 1058 2043 serenissimi
1081 1981 1177 2063 regis.
1200 1982 1215 2064 ξ

268 2082 283 2164 ξ
304 2079 417 2146 Simon
432 2084 581 2146 notarius
596 2082 745 2147 advicem
762 2083 913 2166 Herigeri
930 2082 1227 2167 archicappellanic
1241 2084 1418 2166 recognovi
1434 2092 1466 2145 ct
1480 2083 1494 2167 ξ
1510 2085 1580 2162 (SR.
1597 2083 1672 2162 NN.)
1698 2086 1755 2162 (SI.
1774 2084 1815 2161 2.)

111 2247 144 2291 ις,
268 2220 359 2283 Data
382 2238 440 2284 xv.
464 2221 531 2284 kal.
555 2243 630 2285 nov.
654 2243 740 2284 anno
764 2223 998 2286 incarnationis
1021 2220 1142 2285 domini
1168 2237 1394 2301 uccecxxvn,
1418 2220 1529 2284 indict.
1553 2238 1575 2301 1,
1599 2242 1684 2283 anno
1709 2230 1817 2284 autem

163 2324 256 2406 regni
282 2323 416 2387 llenrici
440 2325 630 2407 regisv1n3
654 2333 763 2388 actum
788 2324 921 2407 Salcac3
945 2327 977 2388 in
1001 2325 1053 2388 dei
1076 2328 1206 2389 nomine
1230 2325 1367 2389 feliciter
1390 2347 1495 2390 amen.

969 2553 1028 2626 15.

166 2701 341 2774 Heinrich
360 2701 522 2799 bestdtipt
539 2701 618 2773 dein
632 2701 776 2774 Kloster
793 2702 969 2798 Kernpten
989 2703 1054 2775 dcis·
1077 2703 1408 2801 Wulrlprioileqirna
1434 2704 1514 2776 sarid
1530 2703 1663 2775 irridere
1686 2702 1817 2777 Gerasi-

164 2821 279 2918 britfh
297 2822 416 2894 seim
439 2821 657 2919 VWWWOT·
1331 2862 1439 2918 Maiae
1461 2865 1524 2920 927
1545 2861 1702 2919 December
1722 2866 1774 2920 27.

112 3072 147 3116 so
266 3046 449 3120 Copiaibucli
470 3066 526 3107 oon
549 3048 694 3120 Kernpten
717 3067 773 3106 aas
797 3048 861 3106 dein
883 3048 970 3107 Fmdc
992 3050 1041 3108 des
1064 3053 1113 3107 11.
1140 3050 1192 3107 Ji.
1217 3050 1240 3119 s.
1266 3056 1285 3106 9
1315 3052 1357 3106 ini-
1385 3051 1412 3107 le
1437 3050 1643 3108 Reiclisurcleic
1664 3069 1704 3107 za
1727 3051 1820 3108 Main-

271 3153 343 3210 caea
368 3152 431 3229 (B).

271 3307 357 3365 Mon.
383 3308 474 3365 Boica
497 3312 563 3376 31⁰,
588 3313 651 3367 187
672 3316 706 3365 πθ
728 3312 768 3368 95
792 3328 848 3368 irus
871 3310 908 3368 B.
935 3342 972 3351 -
998 3308 1125 3381 Sturaps
1143 3312 1215 3382 Rey.
1242 3315 1291 3368 is.

270 3464 428 3536 Moqliciist
455 3482 554 3537 pensu
582 3465 657 3521 ruah
685 3463 750 3520 dem
779 3465 817 3521 Ι).
843 3465 971 3536 lasciuus
994 3465 1022 3522 il.
1046 3465 1085 3524 D.
1115 3484 1179 3522 tunt
1208 3465 1240 3522 J.
1266 3468 1330 3524 862
1358 3464 1484 3521 Biilnaer
1505 3465 1575 3522 RK.
1601 3467 1660 3521 801
1690 3463 1817 3522 stilisirt.

270 3568 357 3627 Neela
374 3566 545 3641 Abaritana
568 3568 617 3625 des
641 3568 702 3627 SR.
727 3569 769 3624 ini
793 3566 970 3639 eriiallmcli
991 3588 1047 3626 iret
1070 3569 1170 3627 Simon
1195 3570 1365 3639 ncnipstens
1388 3568 1586 3639 irriterscitipt.

120 3795 150 3840 25
275 3772 336 3851 (C.)
365 3771 405 3835 ln
434 3772 564 3836 nomine
594 3780 705 3855 sancte
735 3780 768 3834 ct
798 3771 963 3855 individui]
995 3773 1159 3835 trinitatis.
1206 3772 1379 3834 llcinricus
1409 3770 1519 3833 divina
1555 3771 1684 3834 favente
1716 3772 1822 3855 gratia

167 3900 235 3940 rex.
327 3860 438 3955 Oportet
461 3892 541 3956 igitur
564 3905 612 3940 nos
634 3891 679 3954 qui
703 3888 793 3938 divino
816 3905 907 3938 sumus
931 3906 1038 3939 munere
1061 3908 1077 3937 a
1100 3892 1193 3955 ceteris
1217 3890 1371 3938 mortalibus
1405 3874 1536 3959 prolati,
1571 3891 1628 3938 eius
1651 3891 1677 3937 in
1701 3891 1822 3939 oumibus

168 4011 259 4059 parere
284 3997 415 4060 preceptis
432 4011 449 4041 a
467 3999 493 4043 et
514 3993 574 4042 loca
591 4010 607 4042 a
626 3993 676 4042 sibi
700 3992 788 4042 dicata
809 4009 856 4058 per
879 3981 1052 4063 petitiones
1075 3994 1192 4043 fidelium
1216 3999 1365 4042 nostrornm
1388 3999 1477 4041 nostro
1500 3992 1616 4042 relevare
1633 3995 1767 4042 iuvaminc
1783 4000 1821 4042 at-

168 4114 218 4162 quc
233 4100 318 4164 regali
335 4100 402 4148 tueri
419 4098 571 4158 munimine,
594 4097 720 4160 quoniam
735 4096 763 4145 id
779 4097 856 4145 nobis
872 4102 898 4146 et
913 4098 946 4146 ad
969 4082 1182 4167 tcmp0ralcnl
1204 4099 1285 4146 vitam
1309 4104 1463 4166 prospere
1488 4096 1683 4160 transigendam
1705 4102 1731 4144 et
1754 4104 1820 4161 ‹fter-

168 4216 228 4250 nam
244 4203 357 4251 feliciter
373 4200 543 4250 obtinendam
559 4199 726 4264 profuturum
741 4199 843 4264 liquido
862 4200 1000 4250 credimus.
1039 4205 1207 4265 Quapropter
1229 4202 1373 4264 comperiat
1395 4201 1510 4249 onmium
1533 4199 1649 4248 fidelium
1674 4206 1822 4249 lustrorum

123 4318 154 4365 30
171 4307 331 4368 presentium
354 4305 457 4354 scilicet
479 4309 506 4354 st
527 4305 677 4354 futurorum
699 4303 831 4366 sollertia,
865 4303 978 4368 qualiter
1001 4289 1139 4353 dilectus
1162 4313 1201 4352 uu
1225 4288 1331 4353 fidelis
1354 4288 1421 4352 (lux
1444 4297 1554 4351 noster
1577 4287 1734 4352 Arnolfus
1757 4304 1823 4352 adiit

171 4409 353 4459 celsitudinem
376 4415 509 4471 nostram,
543 4409 711 4458 innotescens
733 4407 811 4456 nobis
834 4407 905 4471 quod
931 4403 1154 4456 antecessores
1178 4394 1279 4456 nostri
1307 4407 1433 4456 fratribus
1461 4394 1494 4456 in
1525 4393 1723 4456 monasterio
1753 4407 1823 4471 «quod

170 4512 265 4561 dicitur
281 4512 447 4577 campidona
467 4511 573 4561 domino
589 4511 780 4560 famulantibus
795 4511 929 4561 licentiam
946 4496 1135 4560 tribuissent
1151 4527 1181 4560 ex
1199 4511 1251 4559 illis
1270 4510 1465 4575 ipsiseligendi
1483 4511 1614 4571 abbatem,
1638 4510 1764 4574 quamdiu
1787 4512 1822 4558 ibi

170 4617 246 4665 talem
268 4618 388 4667 inveniro
408 4617 544 4681 potuerint
565 4616 610 4680 qui
632 4616 716 4679 ipsam
740 4621 858 4665 sanctam
881 4616 1112 4681 congregationem
1134 4614 1278 4664 secundum
1301 4614 1418 4679 regulam
1435 4616 1518 4663 sancti
1536 4613 1673 4664 Benedicti
1691 4613 1770 4678 digne
1786 4630 1824 4662 re-

172 4736 231 4784 gere
252 4720 349 4770 valeat
386 4721 480 4785 ltaque
502 4736 550 4769 nos
573 4734 672 4768 morem
694 4724 889 4769 antecessorum
907 4725 1057 4769 nostrorum
1081 4725 1220 4783 sequentes
1236 4720 1414 4769 concessimus
1430 4719 1457 4767 in
1473 4718 1590 4782 predicto
1606 4724 1698 4767 snrnto
1714 4718 1773 4767 loco
1790 4719 1823 4766 ob

127 4832 156 4879 35
172 4839 284 4874 amorem
311 4824 411 4874 ‹lornini
437 4824 521 4873 nostri
548 4823 609 4872 lesu
636 4822 734 4872 Christi
758 4829 899 4888 nostreque
923 4823 1050 4873 mercedis
1073 4829 1242 4886 augmentum
1266 4838 1297 4872 ac
1320 4839 1367 4887 pro
1390 4823 1511 4887 coniugis
1535 4823 1721 4886 carissimqqne
1742 4819 1823 4883 prolis

172 4936 257 4993 nostre
278 4928 365 4977 salute
385 4927 483 4977 habere
504 4931 662 4991 potestatem
686 4927 739 4975 illis
762 4926 876 4991 eligendi
900 4928 1036 4989 abbatem,
1060 4928 1081 4974 si
1104 4927 1212 4991 dignum
1236 4926 1342 4975 domino
1365 4925 1511 4974 auxiliante
1534 4926 1602 4973 inter
1624 4925 1684 4973 illos
1705 4924 1824 4972 invenire

173 5033 318 5094 potuerint,
352 5013 493 5080 stillam
518 5025 617 5099 atque
641 5037 768 5078 omnem
792 5017 1037 5079 concessionem
1067 5036 1304 5100 quamcumque
1334 5023 1560 5077 antecessores
1588 5014 1688 5075 nostri
1718 5011 1824 5075 eidem

172 5122 367 5185 monasterio
397 5119 603 5184 contulerunt
632 5120 665 5182 in
695 5121 899 5183 immunitate
929 5119 1105 5183 donatione
1133 5140 1190 5180 scu
1219 5119 1452 5202 cuiuscumque
1483 5117 1667 5178 securitatis
1696 5114 1823 5178 addita-

172 5234 288 5307 mento,
312 5239 382 5289 sicut
403 5237 497 5287 melius
521 5244 547 5288 et
569 5238 675 5304 plenius
698 5222 827 5286 illorum
850 5221 1051 5307 temporibus
1074 5236 1233 5297 habuerunt,
1258 5241 1288 5283 ut
1310 5242 1336 5283 et
1360 5237 1396 5283 ita
1419 5234 1542 5296 deinceps
1566 5233 1680 5280 habeant
1704 5248 1750 5294 per
1773 5233 1823 5280 lroc

130 5345 158 5394 40
173 5344 337 5393 auctoritatis
358 5347 447 5407 nostre
467 5348 619 5407 preceptum
643 5341 747 5406 plenius
770 5342 798 5389 in
819 5342 861 5390 dci
878 5342 982 5390 nonrine
999 5340 1189 5389 ‹eoriiirmatunn
1228 5339 1304 5387 Hanc
1326 5340 1415 5403 itaque
1439 5343 1555 5386 nostram
1578 5337 1771 5396 auctoritatem,
1795 5342 1825 5397 ut

173 5446 353 5497 inconcussam
376 5450 403 5494 et
424 5445 605 5496 inviolabilem
628 5447 747 5510 optineat
769 5445 932 5505 firmitatem,
964 5459 1044 5521 marm
1066 5445 1173 5507 proprisi
1195 5450 1285 5492 nostra
1306 5444 1396 5492 subter
1419 5426 1682 5490 confirmavimus
1705 5447 1732 5487 et
1753 5439 1826 5488 anuli

174 5553 250 5600 uestri
274 5550 447 5615 impressione
470 5551 604 5614 assignare
629 5551 761 5599 iussimus.

274 5723 314 5777 n.
341 5723 448 5791 [Sickcl]
529 5729 555 5786 a)
573 5722 605 5785 A,
623 5739 689 5773 corr.
707 5741 755 5772 aaa
773 5724 901 5773 clemente
984 5724 1010 5785 b)
1031 5730 1057 5775 et
1075 5729 1104 5772 ut
1122 5721 1173 5785 cars
1185 5721 1273 5772 nasa
1352 5722 1376 5781 c)
1395 5736 1463 5786 capp
1481 5720 1533 5782 oris
1546 5720 1642 5779 Rana,
1660 5718 1757 5780 sra'iler
1775 5736 1819 5784 p..

778 5813 781 5820 .
1572 5807 1610 5868 ,μ
