4500 6420
888 465 1060 523 orror.
1084 461 1275 522 eso-aco.
1304 544 1309 555 Ι
1842 454 1906 522 285

259 646 399 734 qualiter
420 644 560 734 quedam
584 645 795 713 devotissima
816 655 967 710 matrona
980 647 1111 712 nomine
1126 642 1311 710 Aeddilae‘
1332 645 1427 710 nobis
1451 666 1526 711 cum
1548 666 1709 712 consensu
1731 644 1905 712 coeredum

258 752 361 837 ipsius
390 771 430 814 ac
457 751 630 837 pabonis*
657 751 706 815 sui
737 770 866 813 omnem
894 746 1108 814 hereditatem
1137 771 1235 835 quam
1262 750 1323 814 sibi
1345 749 1498 815 Folomer
1520 759 1552 814 et
1573 751 1701 815 Bunica
1722 749 1780 815 filii
1802 752 1904 836 ipsius

260 852 427 920 moriendo
456 852 669 939 reliquerunt,
702 853 765 918 hoc
789 861 838 917 est
859 862 982 917 curtem
1005 854 1038 916 in
1061 851 1401 918 Hildiuuardeshusun
1424 854 1512 917 etin
1535 853 1652 919 Iuniun
1676 853 1823 918 similiter
1843 875 1905 918 nec

258 981 325 1025 non
353 968 385 1023 et
413 955 562 1023 cuntemb
592 958 626 1021 in
653 955 884 1021 Trhenesfelde
906 966 937 1021 et
960 958 993 1020 in
1014 955 1351 1021 Frithurikeshusun⁰
1377 956 1524 1021 similiter
1546 979 1620 1021 cum
1644 956 1793 1021 omnibus
1816 956 1906 1022 adia-

225 1063 374 1128 ocentiis
401 1061 524 1126 eisdem
551 1062 620 1127 iure
648 1061 854 1146 legitimeque
877 1058 1112 1145 pertinentibus
1135 1056 1283 1143 tradidit,
1318 1059 1441 1145 absque
1464 1081 1503 1124 ea
1524 1069 1617 1146 parte
1640 1082 1738 1145 quam
1760 1059 1904 1144 Egberto

260 1176 292 1231 et
313 1163 531 1231 Hildiuuardo
562 1187 622 1230 nec
651 1187 717 1228 non
740 1174 772 1228 et
794 1160 976 1247 Helmdego
1007 1161 1152 1227 tradidit.
1195 1162 1264 1227 Nos
1286 1185 1364 1228 vero
1388 1162 1535 1228 volentes
1559 1162 1601 1228 ob
1624 1185 1768 1229 amorem
1792 1165 1842 1229 dei
1866 1186 1906 1229 ac

258 1268 437 1334 remedium
465 1269 572 1332 anime
600 1277 710 1352 nostre
738 1267 947 1355 predicteque
975 1276 1123 1332 matrone
1152 1288 1192 1331 ac
1214 1267 1386 1334 coeredum
1409 1270 1478 1334 eius
1501 1270 1787 1353 congregationem
1808 1272 1906 1355 virgi·

258 1394 336 1438 num
362 1370 542 1457 adgregare
564 1374 597 1436 in
620 1367 995 1453 Hildiuuardeshusun⁶‚
1031 1370 1154 1435 idcirco
1183 1370 1343 1436 donamus
1375 1380 1472 1458 atque
1501 1372 1661 1436 tradimus
1692 1383 1824 1437 sanctae
1854 1372 1905 1439 dei

259 1473 418 1540 ecclesiae
447 1474 514 1539 illic
542 1484 754 1538 constructa⁰
781 1477 814 1538 in
839 1474 963 1540 honore
987 1475 1038 1540 dei
1063 1485 1259 1562 sanctaeque
1281 1475 1385 1559 Marie
1407 1477 1542 1560 virginis
1566 1485 1598 1541 et
1621 1478 1726 1540 sancti
1749 1475 1905 1562 Stephani

194 1584 242 1638 ἰο
258 1580 411 1663 martyris
434 1589 466 1643 et
489 1577 819 1643 sanctaemonialibus
842 1580 877 1643 in
899 1577 1241 1644 Hildiuuardeshusun
1268 1579 1328 1643 deo
1359 1579 1474 1664 devote
1504 1580 1719 1645 servientibus
1747 1581 1906 1666 prescrip-

258 1692 326 1747 tam
356 1680 579 1746 hereditatem.
625 1679 854 1747 Ooncessimus
884 1684 983 1748 ctiam
1013 1685 1201 1770 prescriptis
1230 1683 1496 1770 virginibusque
1522 1683 1589 1749 illic
1613 1683 1674 1749 deo
1698 1684 1906 1750 devotissime

260 1787 381 1850 servire
403 1786 553 1869 cupiunt,
577 1786 736 1870 canonice
759 1786 883 1864 vivere,
907 1786 1050 1851 claustra
1072 1794 1182 1851 tenerc
1204 1796 1391 1873 rectamque
1412 1788 1559 1872 regulam
1581 1789 1743 1872 virginum
1766 1811 1906 1870 servare,

259 1888 463 1954 abbatissam
497 1886 559 1953 sibi
594 1911 831 1975 quamcumque
864 1892 950 1954 intra
984 1892 1272 1975 congregationem
1304 1892 1449 1975 ipsarum
1477 1890 1640 1955 voluerint
1669 1890 1786 1974 eligere
1816 1892 1907 1955 etin

261 1993 413 2059 omnibus
441 1992 561 2058 talibus
591 1992 758 2058 ordinibus
786 1993 950 2078 perfruere
980 1994 1075 2059 sicuti
1103 2003 1211 2058 cetera
1239 1995 1437 2058 monasteria
1459 1996 1621 2078 virginum
1645 2017 1707 2081 que
1731 2016 1773 2059 ex
1795 2004 1906 2060 nostro

209 2104 241 2153 1⁶
259 2099 414 2183 regimine
437 2107 633 2183 potestatem
654 2096 777 2162 habent
798 2096 971 2181 elegendit
993 2095 1054 2161 sibi
1078 2095 1289 2180 abbatissam,
1313 2097 1348 2161 id
1369 2107 1420 2162 est
1437 2097 1593 2162 Heriford
1611 2108 1642 2162 et
1658 2096 1907 2163 Gandresheim.

258 2201 417 2267 Iussimus
440 2201 515 2265 inde
537 2200 600 2265 hoc
624 2223 758 2287 presens
781 2211 971 2287 preceptum
994 2199 1156 2265 conscribi
1179 2223 1238 2286 per
1260 2202 1349 2288 quod
1364 2201 1514 2267 volumus
1532 2202 1730 2288 firmiterque
1749 2200 1906 2286 iubemus,

259 2314 296 2370 ut
316 2316 493 2390 memorate
515 2306 657 2389 virgines
680 2305 720 2369 de
743 2304 793 2371 his
817 2303 968 2369 omnibus
995 2305 1214 2371 firmissimam
1240 2315 1372 2370 teneant
1401 2315 1612 2392 potestatem,
1646 2329 1746 2372 manu
1775 2307 1908 2392 propria

259 2408 422 2474 firmatum
446 2418 477 2473 et
499 2408 588 2473 anuli
610 2411 712 2474 nostri
736 2410 937 2495 inpressione
961 2406 1149 2492 sigillatum.

361 2567 375 2649 ᾗ
397 2563 534 2650 Signum
557 2563 667 2629 domni
692 2563 822 2629 Ottonis
845 2565 1048 2628 invictissimi
1072 2563 1161 2646 (Mu.)
1183 2566 1278 2649 regis.
1301 2565 1315 2649 ξ

207 2703 242 2750 ao
361 2685 375 2768 ᾖ
397 2686 563 2751 Lintulfus
579 2685 793 2751 cancellarius
810 2685 957 2751 advicem
970 2685 1134 2750 Brunonis
1149 2685 1425 2750 archicancellarii
1441 2688 1641 2771 recognovit.
1658 2690 1672 2772 ξ
1689 2688 1745 2769 (SI.
1761 2687 1801 2767 1.)
1823 2685 1906 2766 (SR.)

361 2841 451 2905 Data
473 2858 509 2907 11.
532 2842 577 2906 id.
600 2841 664 2907 feb.
688 2864 773 2907 anno
799 2842 981 2907 dominicae
1004 2841 1238 2907 incarnationis
1261 2858 1428 2926 Dccccux,
1451 2841 1701 2926 indictionem,
1725 2863 1810 2906 auno
1827 2863 1905 2906 vero

260 2947 350 3030 regni
373 2947 511 3031 piissimi
534 2948 619 3030 regis
644 2944 775 3011 Ottonis
798 2963 888 3027 xxv3
914 2955 1025 3011 actum
1047 2945 1323 3011 Fronconofort.⁸

1040 3200 1126 3276 207.

269 3355 349 3432 Otto
371 3356 511 3430 schenkl
530 3358 662 3430 scissem
688 3354 864 3433 Getreuea
895 3357 1071 3456 Thiutpuz
1098 3356 1156 3430 die
1183 3358 1263 3431 dem
1289 3357 1445 3432 Hucold
1467 3357 1669 3456 pemchtlicd
1695 3370 1908 3456 ectzopecen

208 3500 241 3548 aa
260 3476 498 3575 Besitzuapeu
524 3479 565 3550 ιἰι
595 3476 699 3553 dude
725 3478 805 3551 read
830 3478 991 3552 auderes
1014 3492 1222 3577 personatos
1252 3478 1374 3556 Ortea.
1429 3517 1545 3578 ΨΜ
1567 3520 1630 3576 960
1653 3516 1792 3577 fem
1811 3520 1863 3577 25.

366 3700 613 3777 Oripiaoldrplom
634 3706 677 3761 im
699 3704 726 3761 Ιι.
752 3703 955 3765 btoutsorehio
975 3723 1016 3763 su
1037 3705 1185 3779 Murburp
1208 3703 1266 3782 (A).

363 3840 471 3901 Wcaelc
485 3841 571 3901 Hess.
588 3841 801 3915 Loudesqcsola
817 3837 861 3913 2⁶,
881 3846 923 3902 30
944 3848 979 3901 o⁰
993 3846 1035 3903 24
1058 3859 1115 3903 uus
1136 3840 1299 3914 Abscbrist.
1324 3876 1366 3887 -
1389 3844 1518 3903 Bdhmcr
1532 3846 1604 3918 Res.
1621 3846 1695 3905 233.
1718 3876 1760 3887 -
1783 3843 1911 3917 Stamps

362 3945 435 4018 Res.
457 3947 531 4005 269.

366 4080 427 4139 Von
449 4080 515 4139 Μ’.
541 4080 667 4152 rcrsosst
689 4080 753 4141 uad
772 4083 963 4155 pesolsriebeu.
999 4083 1068 4141 Fur
1089 4084 1143 4143 dus
1158 4083 1260 4144 Dictat
1282 4086 1418 4145 ὺιιιιιιιτι
1433 4103 1464 4145 cr
1479 4087 1543 4145 bier
1557 4088 1611 4145 wie
1627 4089 1659 4146 ιἰι
1674 4086 1788 4146 codor
1802 4086 1909 4147 Fallere

364 4185 412 4243 die
434 4187 466 4243 ιἰι
489 4187 541 4245 der
564 4187 690 4245 Konslei
711 4188 1008 4261 surdedpebliebenon
1031 4187 1169 4262 Conceptc
1190 4189 1330 4260 frr'therer
1352 4189 1521 4249 Urkuudeu.
1552 4223 1594 4232 -
1619 4190 1725 4250 Wedcr
1746 4191 1812 4249 LF.
1835 4192 1909 4249 noch

363 4290 464 4347 seium
489 4289 636 4350 cenosam
664 4295 750 4349 trous
778 4292 824 4348 iob
849 4309 962 4365 genuus
991 4293 1153 4351 Kenntniss
1178 4292 1242 4351 uod
1264 4292 1431 4367 Besoipunp
1453 4292 1507 4351 der
1527 4294 1639 4367 Repelu
1669 4294 1718 4352 des
1745 4296 1909 4353 remissisve

363 4392 528 4452 Kolcuders
557 4412 605 4451 ιιι.
654 4394 807 4452 Trotedem
835 4395 941 4467 qluube
969 4396 1015 4454 ich
1046 4396 1094 4454 die
1122 4396 1187 4454 hier
1212 4397 1346 4470 qebotooe
1375 4397 1660 4471 Topesbeeeichuunp
1688 4399 1762 4456 noch
1790 4398 1841 4456 der
1867 4400 1909 4455 im

362 4495 537 4554 Mittelolter
558 4496 818 4555 trorlerrsoheadon
846 4498 909 4556 und
937 4498 1029 4556 durch
1055 4498 1217 4557 rahlreiohe
1238 4498 1513 4573 Kelendersprstche
1535 4502 1691 4574 bereuqten
1713 4500 1908 4574 Ausfossuop

364 4600 468 4659 deuteri
490 4600 554 4659 aad
575 4599 638 4671 uus
656 4600 713 4660 den
735 4601 801 4659 dem
824 4601 973 4675 Scholttaq
994 4602 1228 4676 uochfolpeudeu
1249 4603 1446 4676 Matthiustuo
1468 4605 1665 4663 herisiense
1687 4611 1815 4663 musaeu.

209 4822 242 4871 36
366 4803 425 4883 (O.)
448 4802 463 4883 l
484 4802 522 4866 In
545 4802 675 4866 nomine
698 4810 831 4867 sanctae
853 4813 885 4867 et
908 4801 1095 4869 individuae
1122 4807 1284 4871 trinitatis.
1330 4804 1408 4871 Otto
1439 4804 1550 4872 divina
1578 4809 1707 4873 favento
1736 4808 1908 4873 clementia

259 4928 329 4969 rex.
426 4905 562 4970 Noverit
585 4907 728 4971 omnium
751 4905 897 4971 fidelium
922 4918 1106 4974 nostrorum
1134 4911 1333 4995 presentium
1361 4909 1486 4974 scilicet
1513 4919 1545 4974 ot
1572 4910 1754 4976 futurorum
1783 4911 1908 4994 sagaci-

260 5018 327 5091 tas,
355 5007 370 5092 l
397 5009 536 5094 qualiter
557 5032 617 5073 nos
639 5010 930 5075 interventionibus
952 5012 1120 5098 Popponis
1143 5011 1429 5097 Uuirciburgensis
1451 5013 1588 5099 ecclesie
1615 5017 1762 5101 episcopi
1786 5015 1907 5080 obtem-

260 5121 411 5197 perantes
435 5112 565 5178 cuidam
587 5113 674 5179 fidoli
697 5124 809 5179 nostro
833 5113 993 5199 Thiatgaz
1017 5117 1049 5180 in
1072 5118 1239 5202 proprium
1263 5114 1456 5181 donavimus
1479 5115 1634 5202 quicquid
1657 5116 1792 5182 Hunald
1818 5116 1907 5181 here·

261 5213 371 5279 ditatis
394 5215 446 5280 vel
470 5217 676 5301 proprietatis
698 5215 820 5281 habere
842 5217 1015 5284 videbatur
1036 5221 1070 5284 in
1094 5241 1180 5307 pago
1203 5220 1348 5286 Hessiun
1370 5221 1403 5282 in
1425 5219 1511 5284 villis
1526 5219 1689 5285 Uuodaha
1712 5230 1744 5286 et
1765 5219 1908 5286 Sulzaha

209 5337 243 5386 to
261 5319 296 5382 in
318 5317 475 5382 comitatu
497 5317 690 5405 Megenfridi
715 5321 858 5403 comitis,
892 5343 952 5385 nec
974 5343 1040 5387 non
1063 5331 1095 5386 et
1116 5323 1149 5386 in
1173 5344 1258 5408 pago
1282 5323 1463 5410 Nahgonue
1489 5326 1522 5389 in
1545 5323 1626 5389 locis
1650 5325 1705 5410 qui
1728 5334 1909 5390 vocentur⁸

347 5504 406 5559 200.
431 5504 542 5626 Lbichel]
600 5580 605 5591 Ι
647 5508 715 5575 a)A
765 5581 770 5594 1
818 5510 847 5577 b)
862 5511 933 5578 filii
950 5511 1046 5574 Ram,
1069 5512 1253 5579 urrprtluqlioh
1270 5513 1354 5565 wolltc
1370 5513 1426 5565 ΜΡ.
1444 5513 1493 5565 dar
1509 5513 1614 5565 ndohsts
1631 5513 1701 5565 Wort
1717 5513 1784 5565 noch
1801 5514 1855 5579 aas
1864 5513 1908 5566 dio

433 5575 893 5711 deindbhhdddoedfngdhgjldhddem
1001 5581 1026 5647 c)
1044 5581 1061 5631 k
1080 5599 1146 5634 corr.
1164 5599 1244 5633 ausc
1354 5584 1381 5645 d)
1399 5582 1586 5649 nachgotroqen
1604 5599 1650 5634 eor
1669 5583 1717 5634 dor
1738 5585 1785 5634 mit
1808 5584 1907 5635 idcirco

347 5745 405 5799 tos.
434 5746 529 5815 [rora]
632 5754 659 5813 a)
677 5753 709 5804 A.
