4500 6420
948 446 1073 503 ΟΤΤΟ
1095 448 1119 502 Ι.
1143 443 1215 502 961.
1842 441 1902 506 311

362 627 527 699 coryclcqcn
549 628 642 687 habea
663 646 755 687 mass.
796 629 847 687 Da
869 631 925 687 wir
952 630 1074 688 dicselbe
1100 633 1181 690 nicht
1209 630 1407 702 oufaufiadeu
1435 633 1624 701 onomatica,
1652 632 1746 690 haben
1774 633 1830 690 wir
1858 633 1905 692 die

363 731 584 805 Erydnzwzucn
604 733 681 791 acels
700 733 838 791 Murteae
857 735 985 807 qeootm.

361 917 418 997 (C.)
440 917 454 1001 ᾔ
474 917 513 981 In
535 920 665 982 nomine
688 928 820 982 sanctae
843 927 876 984 et
901 918 1088 984 individuae
1117 921 1279 984 trinitatis.
1326 917 1429 1002 Opto]
1455 920 1567 984 divina
1589 920 1819 1005 preordinante
1841 922 1905 987 cle·

259 1019 380 1083 mentia
397 1042 467 1083 rex.
568 1019 703 1104 N[0tum
721 1022 776 1105 elit
800 1020 949 1087 omnibus
971 1021 1122 1086 fidelibus
1144 1024 1263 1086 nostris
1286 1020 1518 1106 pr[es]entibus
1542 1022 1666 1088 scilicet
1688 1034 1720 1087 et
1741 1025 1867 1106 futuris,
1891 1022 1905 1103 ᾔ

224 1122 397 1208 aqualiter
424 1146 484 1188 nos
512 1146 570 1210 per
600 1125 788 1209 petitionem
817 1134 927 1208 nostre
962 1123 1099 1187 dilectae
1131 1122 1303 1209 [coniugils
1332 1124 1535 1190 Adalheidae
1565 1136 1661 1213 atque
1689 1129 1904 1192 interventum

258 1225 458 1291 Uuillihelmi
482 1237 615 1293 sanctae
630 1229 871 1314 Mogonciensis
894 1229 1074 1293 aecclesiae
1090 1228 1286 1294 venerabilis
1309 1229 1546 1315 archiepiscopi
1566 1231 1631 1295 tale
1646 1230 1793 1316 predium
1809 1230 1904 1318 quale

258 1328 438 1395 Lantberto
463 1341 560 1415 atque
582 1332 797 1416 Megingozzo
820 1356 879 1420 per
900 1332 1114 1399 Emichonem
1137 1335 1288 1398 comitem
1316 1332 1493 1398 secundum
1521 1336 1571 1398 ius
1601 1337 1781 1422 scitumque
1802 1336 1904 1401 Fran-

258 1454 372 1497 corum
394 1434 592 1499 iudiciumve
615 1435 823 1501 scabinorum
845 1434 992 1500 ablatum
1015 1446 1047 1499 et
1069 1437 1102 1499 in
1125 1435 1241 1499 fiscum
1262 1437 1411 1519 regiaml
1440 1435 1549 1501 debita
1576 1437 1759 1503 bannorum
1783 1441 1904 1503 exami-

257 1537 389 1600 natione
411 1539 637 1603 transmissum
660 1549 718 1621 est,
741 1538 805 1605 hoc
827 1549 877 1603 cst
900 1538 1055 1625 quicquid
1077 1539 1110 1601 in
1134 1538 1250 1602 Kirero
1273 1560 1385 1602 marca
1405 1538 1458 1603 vel
1480 1541 1513 1602 in
1535 1538 1678 1624 Bergero
1701 1562 1813 1605 marca
1836 1543 1905 1605 sive

208 1648 240 1695 10
257 1640 291 1702 in
306 1639 563 1706 Husenbachero
587 1664 699 1706 marca
722 1663 779 1706 seu
802 1644 836 1705 in
851 1641 1100 1707 Uuikenrodero
1124 1664 1236 1705 marea
1258 1663 1318 1705 nec
1341 1663 1407 1705 non
1429 1643 1462 1704 in
1482 1640 1769 1726 Puzuuilaringero
1793 1664 1904 1707 marca

257 1741 425 1826 possidere
454 1743 665 1828 videbantur,
699 1744 831 1809 cuidam
861 1745 956 1810 nobis
986 1744 1163 1809 admodum
1197 1744 1347 1808 familiari
1383 1745 1512 1808 nomine
1543 1743 1745 1809 Theoderico
1779 1747 1904 1830 prefate

257 1844 414 1929 ecclesiae
438 1851 603 1932 preposito
626 1858 779 1934 precepto
803 1850 838 1912 in
859 1851 1027 1934 proprium
1050 1848 1258 1929 donavimus,
1289 1849 1323 1911 in
1345 1845 1542 1933 mancipiisb
1564 1847 1717 1912 videlicet
1738 1851 1904 1934 utriusque

257 1970 355 2013 sexus
378 1952 465 2013 etin
488 1953 572 2015 areis
595 1953 746 2036 agrisque
769 1949 865 2015 cultis
888 1961 920 2014 et
941 1950 1121 2016 incolendis
1144 1953 1178 2015 in
1203 1952 1304 2036 pratis
1332 1948 1421 2013 silvis
1450 1951 1582 2035 pascuis
1610 1950 1703 2034 aquis
1732 1971 1904 2035 aquarum·

257 2074 319 2137 que
342 2052 532 2119 decursibus
555 2053 791 2138 piscationibus
814 2053 1007 2118 molendinis
1031 2054 1174 2119 exitibus
1191 2064 1223 2118 et
1236 2053 1394 2118 reditibus
1411 2055 1480 2117 sive
1496 2055 1529 2117 in
1547 2054 1694 2137 aquisitis
1705 2063 1718 2090 ⁸
1739 2053 1837 2116 rebus
1852 2051 1904 2115 vel

207 2161 238 2208 15
256 2156 462 2240 acquirendis
485 2166 583 2242 atque
607 2157 757 2223 omnibus
780 2157 824 2222 ad
846 2157 993 2242 predicta
1016 2157 1090 2222 loca
1112 2160 1181 2223 iure
1204 2154 1449 2242 pcrtinentibus.
1494 2155 1539 2220 Ut
1561 2165 1669 2219 autem
1691 2155 1754 2219 hoc
1776 2155 1904 2220 firmum

258 2258 436 2344 stabileque
453 2268 485 2323 et
499 2283 557 2345 per
573 2261 816 2325 succedentium
838 2260 1000 2325 curnoula
1023 2270 1206 2345 temporum
1228 2261 1403 2324 infractum
1425 2268 1522 2343 atque
1545 2256 1810 2322 incommutabile
1834 2279 1904 2341 per·

256 2373 387 2427 maneat
415 2374 447 2428 et
473 2376 509 2429 ut
537 2367 608 2451 ipse
636 2366 782 2451 prefatus
810 2365 1032 2430 Theodericus
1063 2365 1207 2429 ciusdem
1237 2363 1340 2449 predii
1373 2363 1550 2449 supradicti
1582 2372 1777 2447 potestatem
1808 2372 1905 2448 atque

256 2464 391 2530 liberurn
421 2466 590 2532 arbitrium
618 2467 738 2532 habeat
767 2467 911 2532 donandi
935 2467 1097 2533 vendendi
1128 2469 1195 2531 sive
1218 2467 1441 2532 commutandi
1463 2467 1516 2530 vel
1538 2468 1637 2530 etiam
1660 2464 1814 2552 quicquid
1842 2465 1904 2528 sibi

255 2569 331 2634 inde
359 2570 489 2636 libuerit
516 2571 673 2654 faciendi,
708 2571 770 2636 hoc
799 2594 933 2656 presens
962 2582 1152 2656 preceptum
1180 2572 1343 2636 conscribi
1373 2569 1526 2657 anulique
1556 2571 1658 2633 nostri
1690 2570 1903 2653 impressione

205 2679 239 2727 20
257 2673 409 2738 iussimus
431 2673 636 2739 corroborari
660 2697 719 2739 nec
742 2698 808 2740 non
831 2685 864 2739 et
885 2677 1018 2760 propria
1040 2698 1139 2739 manu
1162 2673 1275 2740 subtus
1298 2674 1508 2738 firmavimus.

356 2806 371 2890 Ξ
393 2808 529 2894 Signum
552 2811 663 2876 domni
687 2809 818 2876 Ottonis
840 2812 1045 2875 invictissimi
1068 2813 1154 2896 regia
1176 2809 1190 2891 Ξ
1214 2812 1303 2892 (MP.)

356 2910 370 2992 l
391 2913 554 2980 Liutulfus
571 2914 785 2979 cancellarius
801 2914 950 2978 advicem
965 2915 1128 2979 Brunonis
1144 2914 1418 2999 archicappellani
1434 2917 1635 2998 recognovit.
1654 2914 1668 2995 ᾖ
1685 2916 1742 2994 (SI.
1758 2914 1798 2992 1.)
1820 2911 1901 2993 (SR.)

360 3049 471 3135 [Data]
495 3069 560 3115 1111.
583 3052 649 3116 hal.
672 3054 738 3117 iun.
770 3074 855 3117 anno
886 3052 1068 3116 dominicae
1098 3049 1346 3132 inlcarnationis
1376 3050 1603 3134 ncccc]Lx[1],
1638 3050 1813 3114 indictione
1836 3066 1901 3129 1111,

254 3176 340 3218 anno
364 3154 516 3219 videlicet
537 3157 627 3238 regni
652 3156 848 3219 serenissimi
870 3156 955 3238 regis
980 3152 1111 3218 Ottonis
1134 3164 1283 3237 xxxvr23
1317 3164 1426 3219 actum
1449 3152 1666 3235 Ingilinheim.

203 3364 237 3411 aa
1034 3343 1120 3415 227.

263 3494 343 3572 Ouo
373 3498 533 3595 bestdtiqt
560 3498 625 3571 der
653 3497 896 3594 bircboflicben
924 3497 1058 3571 Kircbe
1086 3524 1131 3570 zu
1159 3497 1313 3570 Mirrden
1343 3499 1401 3571 die
1422 3525 1494 3571 oon
1520 3500 1641 3571 scine-n
1667 3498 1903 3596 Vorqduqern

253 3617 448 3690 vetuleno
470 3618 685 3691 Imm-unitdt
704 3617 784 3691 aad
805 3617 871 3690 dus
897 3617 1105 3691 Wublrecbt.
1474 3655 1616 3730 primm
1639 3659 1698 3715 961
1725 3655 1805 3714 Μ,
1828 3660 1856 3716 7¹

355 3843 632 3915 Frapareatorischc
660 3841 814 3913 Abscbrist
845 3841 932 3919 (auch
952 3844 1028 3915 just
1055 3844 1231 3902 oerlorcncm
1256 3844 1430 3917 Rapistrum
1453 3842 1563 3921 alind.)
1587 3861 1643 3903 aas
1666 3843 1719 3902 der
1740 3844 1829 3902 Mitte
1851 3842 1901 3901 des

354 3948 475 4006 17..172.
499 3950 533 4006 in
555 3947 748 4020 Kindlinpcrs
771 3947 983 4019 Samrulunuen
1004 3948 1064 4006 Ba.
1083 3952 1145 4007 189
1164 3966 1198 4020 12.
1215 3950 1257 4007 57
1278 3952 1344 4006 n⁰1
1369 3949 1411 4004 ior
1433 3948 1460 4006 lr.
1478 3947 1681 4006 Staotsarchiv
1701 3965 1741 4004 aa
1764 3947 1903 4004 litterator

357 4046 424 4128 (B2)
450 4052 513 4109 auid
532 4052 606 4109 noch
628 4051 893 4123 unoollstrtadiperc
916 4049 1003 4128 (lauch
1017 4052 1093 4124 jotet
1114 4050 1291 4109 verloreacm
1307 4050 1424 4122 Copiar.
1440 4048 1552 4127 Mina)
1574 4049 1683 4107 cherma
1700 4066 1734 4122 p.
1755 4054 1776 4108 3
1800 4044 1874 4127 (13¹).

355 4188 503 4247 Pistoriae
526 4189 579 4249 SS.
603 4206 661 4249 rer.
688 4188 786 4248 Germ.
812 4189 853 4246 ed.
874 4197 897 4261 Ι,
920 4193 950 4259 3,
974 4192 1036 4248 734
1066 4206 1122 4247 aas
1147 4189 1324 4248 Transeamt
1344 4205 1409 4247 coar
1436 4187 1468 4246 J.
1491 4190 1576 4247 1530
1598 4184 1650 4265 (Α)
1674 4210 1714 4239 =
1737 4186 1901 4248 Wdukirui

356 4291 397 4348 cd.
414 4292 543 4349 Meibom
558 4296 623 4352 122
646 4290 688 4370 (a)
713 4315 753 4344 =
776 4292 906 4350 Meibom
922 4291 976 4351 SS.
993 4297 1023 4362 1,
1040 4295 1102 4351 745
1126 4315 1166 4344 =
1191 4288 1297 4350 Cultor
1317 4291 1450 4350 Souania
1471 4288 1529 4360 inf.
1552 4293 1626 4359 207,
1651 4312 1691 4341 =
1714 4288 1816 4361 Maia
1831 4286 1899 4348 ΒΑ.

354 4389 419 4465 17⁶,
443 4399 508 4455 102
529 4401 563 4453 n⁰
585 4401 614 4466 1,
639 4420 679 4448 =
702 4396 852 4455 Pistoriae
875 4393 928 4454 SS.
952 4412 1009 4452 rer.
1036 4394 1135 4454 Germ.
1160 4394 1203 4453 cd.
1222 4403 1279 4464 ΙΙΙ,
1303 4397 1333 4464 3,
1357 4396 1429 4453 819.
1453 4425 1495 4436 -
1523 4392 1648 4451 Scitcten
1670 4390 1748 4449 Awn.
1773 4390 1897 4450 Puderb.

354 4499 398 4558 ed.
419 4508 443 4569 I,
468 4504 497 4568 1,
521 4502 585 4558 306
613 4517 669 4559 aas
696 4498 745 4558 Aa
773 4523 813 4551 =
841 4499 885 4557 ed.
907 4506 946 4567 Η,
969 4503 998 4566 1,
1021 4501 1095 4567 209,
1127 4521 1168 4550 =
1196 4496 1335 4556 Leibnita
1362 4494 1442 4556 Ana.
1472 4500 1502 4567 3,
1533 4498 1573 4556 75
1606 4496 1832 4567 unaullstttrutr'y.
1856 4528 1899 4536 -

356 4602 540 4661 Witrrltwein
563 4602 647 4660 Saba.
673 4605 701 4672 6,
724 4607 788 4662 293
810 4608 884 4662 a⁰1
914 4602 1076 4675 Froqment
1099 4617 1135 4658 ca
1156 4603 1337 4674 perantiquo
1358 4600 1426 4659 MS.
1453 4598 1520 4678 (E).
1550 4633 1593 4643 —
1622 4600 1767 4661 Wilruo-ns
1791 4598 1894 4670 Westf.

353 4705 388 4762 K
391 4705 424 4764 U.
447 4708 478 4776 2,
504 4710 544 4765 79
566 4712 601 4762 n⁰
622 4709 663 4766 84
686 4723 742 4765 aas
764 4700 888 4764 AB1B2.
913 4737 955 4748 -
977 4704 1106 4763 Bohmcr
1126 4706 1200 4779 Ray.
1225 4708 1295 4765 246.
1319 4738 1361 4748 -
1384 4704 1511 4777 Stampf
1528 4707 1600 4779 aeq.
1624 4708 1698 4765 289.

352 4841 465 4901 Dictirt
485 4843 561 4902 noch
582 4843 812 4914 Vorarkwndem
846 4859 902 4901 von
924 4841 1017 4900 danea
1035 4842 1138 4915 jedoch
1159 4842 1244 4901 telae
1265 4842 1395 4902 erholtcn
1417 4843 1465 4902 ist.
1499 4877 1543 4886 -
1572 4843 1632 4901 Die
1655 4842 1796 4914 bislrcriqe
1817 4840 1899 4899 Dea-

353 4951 426 5020 taaq
451 4965 507 5006 coa
528 4948 690 5007 Burclreim
717 4945 926 5025 (versclaeriebcn
952 4950 1024 5004 statt
1046 4945 1217 5025 Brachcim)
1244 4944 1306 5017 aas
1329 4945 1472 5019 Brrtpqcn
1496 4963 1524 5006 a.
1553 4945 1581 5003 d.
1603 4945 1697 5003 hcine
1724 4944 1800 5003 wird
1828 4943 1899 5015 fest-

351 5049 491 5107 auhaltea
512 5051 584 5119 scia,
604 5050 726 5123 aoloayc
746 5050 808 5108 sicli
828 5051 908 5108 nicht
931 5053 980 5108 ein
1001 5050 1165 5125 Burylacim
1186 5050 1231 5110 als
1253 5050 1309 5122 far
1330 5066 1442 5108 casem
1463 5049 1534 5108 Full
1556 5050 1689 5122 possead
1716 5049 1899 5106 nortweiam

353 5151 435 5209 least.
481 5151 539 5209 Dic
566 5151 783 5225 selbstdnclipea
810 5152 1059 5226 Verbesseruuqen
1087 5153 1225 5213 Schotcns
1253 5154 1287 5210 in
1316 5152 1369 5210 der
1396 5152 1638 5226 Dotiraaqsaeile
1665 5151 1789 5211 tcardcn
1818 5151 1898 5208 nieht

353 5255 585 5329 ouactsicatiqt.

453 5441 493 5507 In
515 5442 645 5505 nomine
669 5449 801 5504 sanctae
824 5449 857 5504 et
878 5439 1066 5506 individuae
1089 5440 1253 5505 trinitatis.
1289 5438 1367 5505 Otto
1385 5439 1497 5504 divina
1512 5441 1709 5526 propitiante
1725 5439 1897 5507 clementia

250 5567 319 5610 rex.
421 5543 576 5611 Omnium
604 5542 750 5608 fidelium
777 5553 963 5609 nostrorum
991 5554 1059 5608 tam
1084 5545 1304 5629 praesentium
1326 5565 1423 5630 quam
1445 5544 1628 5608 futurorum
1651 5554 1831 5628 cognoscat
1851 5547 1898 5609 in·
2013 5592 2018 5604 .

335 5714 395 5769 22⁸.
425 5715 532 5784 [Sichel]
636 5719 662 5780 a)
681 5716 704 5767 A
807 5715 836 5782 b)
856 5733 874 5768 n
890 5715 952 5767 dher
968 5715 1016 5768 der
1032 5716 1102 5767 Zeila
1117 5716 1312 5783 namurcum.
