4500 6420
1001 468 1126 525 ΟΤΤΟ
1148 469 1173 523 1.
1197 462 1269 525 964.

1089 649 1176 720 266.

320 806 401 884 Ouo
426 808 586 906 bestdte'pt
609 806 679 879 cleo
697 806 859 878 Nesaea
877 804 937 876 cles
954 800 1267 879 Salvatorlelostcrs
1284 828 1329 874 zu
1347 801 1468 875 Lacca
1494 800 1604 873 derce
1629 797 1844 871 oosoeotle'cle
1872 799 1956 898 orest

308 926 472 1028 gelehrte
490 927 737 1024 Besitzuopeo.
1559 939 1661 998 cocco
1683 942 1746 1000 ees
1770 939 1840 999 Just·
1860 943 1913 1000 ee.

415 1132 664 1208 Oriciaoldeblom
685 1134 728 1191 im
749 1133 776 1190 le.
802 1131 1004 1192 slaotsarcoie
1025 1149 1066 1189 su
1088 1129 1189 1189 Insceo
1210 1125 1273 1207 (Α).

413 1270 489 1330 Acta
505 1270 557 1332 SS.
573 1271 655 1328 Maii
672 1270 715 1328 ed.
737 1278 761 1340 1,
785 1271 815 1339 5,
835 1272 877 1329 67
893 1285 950 1327 aas
965 1266 995 1326 A
1014 1289 1054 1320 =
1072 1267 1116 1325 ed.
1136 1274 1178 1337 11,
1198 1269 1227 1337 5,
1248 1269 1298 1326 67.
1314 1265 1522 1324 —Muratori
1536 1266 1607 1325 Ans.
1624 1265 1696 1325 Ital.
1712 1271 1741 1336 1,
1758 1268 1820 1328 829
1843 1266 1957 1324 cavell-

413 1374 532 1448 stltode'y
559 1391 616 1432 aas
635 1371 673 1433 A.
696 1406 738 1415 -
756 1372 950 1432 Borsoeelriai
977 1373 1011 1429 ia
1029 1370 1121 1429 Mem.
1147 1369 1178 1428 di
1196 1370 1297 1429 neca
1319 1371 1361 1440 5⁶,
1383 1371 1447 1429 295
1471 1374 1506 1427 a⁰
1527 1372 1612 1430 1399
1641 1386 1697 1427 aus
1716 1369 1751 1426 A.
1771 1402 1813 1410 —
1829 1367 1959 1427 Bohmer

412 1478 485 1551 1209.
511 1480 583 1537 279.
605 1509 648 1519 -
671 1474 800 1549 Stumps
816 1476 889 1547 ch.
913 1478 988 1535 339.

413 1614 475 1673 Mil
490 1612 663 1674 Ausnebme
685 1614 738 1673 der
759 1631 814 1673 voa
829 1615 870 1672 It.
889 1610 920 1673 (l.
944 1610 1177 1686 hiaeupefaqten
1198 1610 1481 1684 Recopnitionseeile
1502 1626 1559 1668 eron
1580 1613 1661 1668 sonet
1682 1609 1763 1667 nieht
1786 1609 1958 1667 bekaaatem

414 1717 565 1779 Schreiber
591 1718 742 1789 mundirt,
773 1718 825 1776 der
853 1717 927 1775 soobl
954 1716 1030 1774 aueo
1052 1715 1097 1774 als
1119 1714 1257 1773 Dictator
1278 1731 1318 1773 eu
1341 1712 1505 1771 betroeleten
1526 1713 1574 1771 lsl.
1617 1710 1715 1783 (ἱερου
1737 1711 1815 1768 allen
1837 1711 1958 1770 Breuclr

411 1820 481 1881 sind
503 1821 551 1879 die
573 1820 773 1894 Besitsunqco
795 1819 845 1879 des
867 1819 1004 1877 Klosters
1025 1818 1160 1876 aweimal
1181 1815 1353 1891 aafyeadblt
1375 1816 1502 1885 werden,
1525 1814 1656 1885 efferebar
1675 1813 1752 1871 necle
1774 1815 1868 1871 elaeon
1889 1814 1957 1872 Ver.

412 1926 570 1984 cecinisse
598 1925 716 1984 welches
747 1924 799 1982 der
820 1923 957 1982 Dictator
986 1923 1066 1981 nieht
1097 1924 1152 1980 mit
1175 1921 1334 1982 sicherheit
1356 1937 1396 1977 zu
1419 1919 1495 1978 lesen
1524 1918 1663 1977 verstoad
1693 1917 1764 1976 oder
1791 1916 1957 1992 oocluussiq

412 2031 530 2102 capide,
554 2045 586 2088 so
609 2028 678 2087 does
700 2028 831 2085 mebrere
844 2027 962 2086 Nemea
977 2026 1041 2085 aad
1059 2026 1158 2086 Worte
1173 2026 1218 2083 bei
1232 2024 1285 2083 der
1303 2023 1529 2095 Wiederlroluaq
1543 2022 1651 2080 aazias
1666 2021 1712 2080 als
1727 2039 1820 2080 eaeor
1840 2022 1957 2093 lacten,-

413 2132 460 2191 die
481 2131 674 2203 betreffeadea
697 2130 911 2201 Schreibfelsler
932 2130 1026 2188 leuben
1047 2130 1103 2186 wir
1125 2128 1218 2187 durch
1240 2127 1296 2185 dea
1318 2128 1452 2185 kliaweis
1473 2125 1536 2198 aas
1553 2124 1584 2184 A
1604 2126 1751 2184 kenotliclt
1770 2127 1912 2199 qesaaelct.

415 2317 473 2398 (0.)
497 2314 511 2397 i,
532 2317 572 2380 ln
593 2318 724 2381 nomine
754 2324 867 2380 sancte
898 2312 1128 2398 individuaque
1158 2313 1322 2377 trinitatis.
1365 2310 1443 2376 Otto
1476 2312 1586 2375 divina
1616 2311 1747 2375 favente
1778 2311 1956 2376 clemencia

261 2441 292 2490 15
309 2423 487 2506 imperator
516 2429 684 2505 augustus.
786 2417 941 2484 Omnium
970 2417 1114 2481 fidelium
1142 2426 1275 2481 sanctae
1299 2416 1350 2480 dei
1374 2414 1532 2480 ecclesiae
1554 2424 1805 2500 nostrorumque
1826 2436 1955 2499 presen-

309 2525 397 2587 cium
420 2521 544 2587 seilicet
565 2544 606 2585 ac
627 2522 808 2587 futurorum
831 2524 958 2586 noverit
981 2522 1140 2605 sollercia,
1164 2520 1381 2587 Adelehidam
1403 2523 1417 2604 ξ
1438 2529 1586 2585 nostram
1609 2519 1854 2584 dilectissimam
1877 2542 1953 2583 eon-

309 2628 418 2711 iugem
446 2635 555 2710 nostre
584 2624 785 2690 celsitudinis
809 2647 964 2691 exorasse
987 2624 1210 2706 clemenciam,
1240 2626 1393 2711 quatinus
1417 2648 1476 2710 pro
1500 2624 1551 2689 dei
1576 2646 1686 2689 amore
1710 2626 1956 2710 animarumque

309 2738 495 2795 nostrarum
516 2728 659 2794 remedio
685 2727 833 2792 Grimma
856 2727 1024 2793 abbatissa
1047 2750 1121 2792 cum
1144 2727 1368 2794 monachabus
1391 2731 1425 2792 in
1446 2731 1642 2793 monesterio
1655 2739 1668 2766 ⁸
1691 2727 1813 2792 domini
1837 2738 1869 2790 et
1884 2727 1955 2792 Sal·

310 2831 459 2898 vatorisl'
488 2835 543 2919 qui
572 2831 691 2896 dicitur
710 2833 896 2915 Prisciano,
932 2830 1029 2897 deum
1050 2831 1265 2897 militantibus
1288 2834 1322 2897 in
1343 2853 1439 2896 usum
1462 2841 1494 2895 et
1517 2840 1681 2915 sumptum
1703 2833 1736 2894 in
1759 2829 1864 2894 Flexo
1889 2852 1955 2894 ma-

259 2958 293 3004 ao
310 2945 423 3002 nentes
446 2954 478 3020 v,
502 2937 536 3001 in
558 2935 783 3021 Tempaniano
806 2958 922 3020 unum,
945 2938 979 3000 in
1002 2936 1105 3002 Turre
1128 2938 1271 3023 quinque
1293 2947 1325 3001 et
1348 2936 1516 3001 sundrium
1539 2959 1649 3017 unum,
1672 2938 1706 3001 in
1729 2933 1956 3019 castagnu100

310 3050 478 3105 manentes
508 3050 581 3104 octo
611 3062 686 3104 cum
715 3039 931 3123 dominicato,
966 3041 1089 3105 salinas
1113 3063 1224 3106 omnes
1248 3064 1310 3127 que
1332 3038 1376 3104 ad
1397 3041 1505 3125 ipsum
1528 3040 1691 3124 pertinent
1712 3040 1954 3119 monesterium,

311 3141 466 3229 cafagio‘¹
496 3142 694 3208 dominicato
716 3144 751 3207 in
772 3143 894 3227 Flexo,
928 3153 1030 3209 terras
1053 3152 1086 3209 et
1107 3146 1220 3209 vineas
1242 3146 1277 3210 in
1298 3143 1402 3209 Flexo
1426 3165 1500 3208 eum
1524 3141 1675 3206 omnibus
1699 3165 1760 3228 que
1783 3141 1826 3204 ad
1848 3143 1954 3225 ipsum

311 3249 474 3333 pertinent
496 3248 726 3312 monesterium
744 3255 777 3311 et
792 3246 873 3311 alias
896 3248 1001 3332 petias
1020 3246 1060 3311 de
1078 3256 1165 3312 terra
1188 3270 1250 3333 que
1274 3256 1349 3312 sunt
1371 3269 1472 3332 prope
1488 3246 1627 3312 Flexum
1643 3254 1675 3310 et
1691 3246 1845 3311 olivetum
1867 3243 1955 3331 quod

310 3350 354 3416 ibi
378 3352 527 3436 pertinet,
552 3349 592 3415 de
613 3349 756 3415 Petrulio
780 3359 965 3414 manentem
987 3371 1097 3434 unum,
1120 3351 1154 3414 in
1176 3349 1322 3415 Uaccule
1346 3351 1457 3435 pecias
1481 3348 1646 3414 devincis
1670 3347 1762 3431 duas,
1787 3370 1808 3412 a
1831 3346 1955 3433 Capru·

258 3472 292 3519 au
310 3474 418 3538 gnane
442 3461 608 3517 manentes
631 3462 707 3535 tres,
730 3454 764 3516 in
780 3450 941 3517 Saltudo⁶
963 3460 1131 3516 manentes
1154 3453 1296 3539 quinque
1319 3461 1352 3518 et
1373 3475 1472 3518 uuam
1495 3453 1624 3538 peciam
1640 3450 1681 3517 de
1696 3453 1791 3516 vinea
1808 3460 1840 3515 et
1854 3473 1955 3516 unum

310 3556 478 3621 sundrium
501 3554 745 3639 dominicatum,
767 3557 802 3619 in
823 3556 931 3619 Fraea
953 3563 1121 3620 manentes
1146 3564 1307 3640 quattuor,
1330 3558 1365 3621 in
1386 3553 1534 3621 Prisciaf
1553 3564 1720 3620 manentes
1744 3554 1857 3619 decem
1880 3577 1956 3620 curn

309 3663 402 3726 terris
425 3670 458 3725 et
479 3661 583 3724 vincis
605 3658 828 3742 dominicatis,
857 3660 891 3724 in
913 3656 1048 3723 Trottsf
1069 3657 1243 3723 ecclesiam
1271 3681 1369 3724 unam
1399 3682 1474 3725 eum
1496 3660 1677 3724 masariciis
1700 3656 1803 3723 tribus
1826 3667 1858 3722 et
1880 3680 1955 3723 cum

309 3766 403 3829 terris
426 3773 458 3828 et
480 3764 582 3827 vineis
606 3760 821 3844 dominicatis,
845 3763 879 3825 in
894 3760 1079 3828 Paeanico‘
1100 3771 1284 3827 manentem
1307 3786 1418 3848 unum,
1441 3766 1553 3849 pecias
1577 3764 1617 3828 de
1632 3771 1726 3848 prato
1743 3772 1808 3827 tres
1827 3763 1860 3827 in
1880 3762 1953 3827 loco

309 3869 364 3954 qui
395 3867 512 3933 dieitru
534 3866 736 3931 Petronacco
767 3874 799 3930 et
827 3863 909 3928 alias
940 3867 1051 3951 pecias
1074 3865 1115 3930 de
1137 3876 1231 3952 prato
1255 3877 1423 3954 quattuor,
1457 3869 1490 3932 in
1516 3866 1745 3950 [T]assignano
1777 3868 1955 3932 masarium

260 3985 293 4034 30
310 3993 426 4053 unum,
449 3973 483 4035 in
497 3970 694 4054 Patrignano
718 3970 904 4033 masarios⁸
927 3978 1096 4054 quattuor,
1120 3971 1154 4033 in
1177 3969 1346 4036 Pulieiano
1370 3972 1547 4035 masarium
1570 3993 1686 4053 unum,
1711 3980 1832 4035 sortem
1854 3993 1955 4035 unam

311 4076 345 4139 in
359 4074 482 4157 Massa,
504 4075 539 4138 in
555 4072 678 4154 Quiesa
701 4074 876 4138 mesariam
899 4094 1011 4155 unum,
1036 4095 1056 4137 a
1072 4070 1203 4158 Caprilo
1224 4076 1402 4139 masarium
1426 4096 1527 4138 unum
1543 4109 1588 4120 —
1605 4096 1663 4158 per
1685 4075 1787 4138 nostri
1810 4075 1954 4159 precepti

311 4178 465 4261 paginam
488 4175 610 4241 donare
633 4173 814 4240 concedere
836 4174 1029 4241 confirmare
1051 4187 1085 4245 ct
1106 4175 1347 4244 corroborareh
1370 4178 1588 4263 dignaremur.
1613 4175 1713 4241 Cuius
1737 4176 1954 4261 peticionibus

311 4301 405 4344 aures
439 4279 693 4344 accomodantcs
723 4300 782 4364 pro
814 4278 865 4344 dei
895 4301 1007 4344 amore
1041 4282 1288 4367 animarumque
1321 4290 1507 4346 nostrarum
1541 4279 1684 4345 remedio
1719 4282 1954 4365 prenominatis

310 4380 534 4447 monachabus
557 4382 589 4446 in
613 4378 759 4466 prefatoi
782 4385 977 4448 monesterio
997 4382 1120 4447 domini
1138 4383 1319 4448 Salvatoris
1339 4386 1392 4470 qui
1408 4384 1564 4448 Prixiano
1581 4383 1707 4466 dicitur,
1731 4405 1790 4469 pro
1808 4392 1954 4469 tempore

259 4501 293 4549 eo
313 4484 409 4549 deum
435 4482 650 4548 militantibus
673 4484 707 4547 in
729 4506 824 4549 usum
847 4494 880 4548 et
902 4495 1067 4569 sumptum
1096 4487 1130 4549 in
1152 4485 1257 4551 Flexo
1286 4497 1455 4551 manentes
1484 4489 1639 4573 quinque,
1672 4489 1706 4550 in
1729 4487 1953 4571 Tempaniano
2074 4568 2080 4577 .

309 4611 420 4671 unum,
444 4589 477 4653 in
492 4587 595 4651 Turre
619 4589 760 4674 quinque
783 4599 815 4653 et
832 4588 1000 4654 sundrium
1023 4612 1133 4672 unum,
1156 4592 1189 4655 in
1207 4587 1408 4675 Castagnulo
1432 4603 1599 4657 manentes
1623 4600 1697 4656 octo
1721 4613 1795 4655 cum
1819 4591 1954 4655 domini·

309 4701 393 4774 cato,
418 4690 540 4756 salinas
564 4713 677 4756 omnes
700 4714 762 4778 que
778 4692 822 4756 ad
837 4695 944 4776 ipsum
966 4694 1130 4778 pertinent
1151 4697 1393 4778 monasterium,
1418 4697 1546 4780 cafagio
1571 4695 1769 4760 dominicato
1786 4695 1818 4757 in
1834 4693 1951 4776 Flexo,

309 4803 411 4858 terras
436 4802 469 4857 et
490 4795 603 4858 vineas
626 4795 659 4857 in
682 4793 787 4859 Flexa
817 4818 891 4860 cum
921 4796 1072 4861 omnibus
1095 4820 1157 4882 que
1179 4796 1352 4883 adipsum
1378 4801 1542 4884 pertinent
1562 4799 1795 4863 monesterium
1818 4807 1850 4862 et
1872 4798 1954 4864 alias

310 4899 420 4983 pecias
445 4897 484 4962 de
507 4907 593 4962 terra
621 4919 683 4983 qne
714 4909 788 4963 sunt
816 4920 919 4984 prope
943 4901 1082 4967 Flexum
1105 4911 1138 4966 et
1160 4902 1314 4968 olivetum
1345 4902 1434 4988 quod
1462 4902 1507 4967 ibi
1530 4903 1684 4988 pertinet,
1719 4901 1759 4965 de
1781 4900 1957 4967 Petrueior

258 5022 293 5073 40
311 4998 520 5066 manentemlt
542 5023 658 5083 unum,
692 5002 726 5064 in
749 5001 894 5066 Uaccule
917 5005 1028 5089 pecias
1052 5004 1093 5069 de
1116 5007 1229 5071 vineas
1252 5006 1350 5089 duas,
1382 5000 1667 5090 acapragnanof
1686 5015 1854 5069 manentes
1877 5013 1953 5088 tres,

308 5106 343 5169 in
365 5101 501 5169 Saltudo
532 5113 698 5168 manentes
728 5105 868 5189 quinque
897 5115 930 5170 et
958 5129 1056 5173 unam
1084 5110 1212 5193 peciam
1235 5107 1275 5173 de
1298 5111 1393 5173 vinea
1416 5120 1448 5172 et
1470 5131 1570 5174 unum
1599 5106 1789 5172 sandriumf
1816 5105 1953 5173 domini·

309 5220 434 5291 catum,
469 5211 503 5273 in
525 5209 632 5273 Fraca
653 5218 822 5273 manentes
847 5220 1013 5296 quattuor,
1047 5213 1081 5275 in
1111 5211 1220 5276 Piscia
1250 5222 1419 5277 manentes
1444 5213 1557 5277 decem
1580 5233 1655 5275 cum
1678 5212 1771 5275 terris
1794 5220 1826 5276 et
1848 5212 1953 5276 vineis

312 5312 560 5397 [domini]catis,
593 5314 627 5377 in
649 5313 748 5378 Rotta
771 5314 943 5380 ecclesiam
966 5338 1065 5381 unam
1088 5338 1163 5382 cum
1196 5317 1377 5381 masariciis
1400 5315 1503 5380 tribus
1526 5326 1655 5381 etcum
1678 5315 1771 5379 terris
1794 5303 1952 5380 etvineis

394 5518 453 5572 2⁸0.
481 5518 651 5588 [baschitaer]
756 5521 837 5585 a)11,
864 5521 923 5572 dem
941 5520 1076 5573 sennaar
1097 5521 1235 5587 peldufiper
1257 5521 1298 5573 aa
1319 5524 1506 5573 monasterium
1609 5521 1756 5583 1))Λσια9
1776 5521 1951 5572 dominiSal·

257 5603 290 5650 45
480 5592 587 5653 vetoris,
605 5591 654 5640 wia
670 5593 760 5655 opiter
861 5593 885 5649 e)
905 5608 922 5640 n
939 5589 1001 5640 iiber
1017 5589 1146 5641 debus
1162 5590 1350 5657 aocbpetrapaa
1453 5590 1518 5656 (Μ
1536 5596 1596 5640 stult
1615 5591 1719 5656 cafagio
1825 5594 1849 5651 e)
1870 5591 1886 5639 d
1904 5607 1953 5639 ooo

480 5657 602 5709 caderem
620 5657 782 5709 Boekstoben
808 5661 929 5724 eorriplrt
1035 5658 1098 5719 f)A
1210 5664 1236 5726 g)
1256 5677 1321 5709 corr.
1341 5677 1388 5709 oue
1412 5676 1545 5710 masaraos
1649 5658 1678 5721 h)
1697 5657 1759 5709 oder
1782 5661 1952 5710 corroborare

482 5728 502 5790 i)
521 5743 538 5777 a
555 5743 622 5778 corr.
640 5742 721 5779 auso
825 5728 854 5790 k)
872 5730 961 5780 mente
979 5726 1011 5779 Δ.
1841 5734 1847 5744 “

1682 5830 1747 5895 48*
