4500 6420
963 465 1088 523 O'I'TO
1110 468 1134 521 I.
1159 463 1230 521 964.

1057 644 1142 717 272.

166 899 168 902 ,
286 817 366 894 Otto
402 817 542 893 schealct
568 819 646 892 dem
672 818 826 917 Biscltos
852 816 995 892 Odcloic
1019 843 1092 890 voa
1116 817 1295 915 Respecto
1324 816 1382 889 die
1408 818 1449 888 ia
1476 816 1590 889 dieser
1623 815 1836 917 G‘rofschoft
1857 844 1916 917 96-

277 939 422 1036 66966616
439 938 566 1037 Hersen
591 938 650 1010 dcs
668 938 857 1036 Beceaper
880 936 959 1009 aad
982 937 1046 1010 der
1068 936 1174 1009 Wilie
1199 963 1244 1009 ccc
1262 937 1403 1010 Boeoto
1421 937 1461 1009 oli
1484 961 1605 1032 sopra,
1633 937 1824 1009 Brombate
1841 938 1921 1011 aad

278 1084 328 1130 ori
355 1057 498 1131 66166161
524 1055 645 1132 016666.
1705 1111 1749 1121 -
1769 1112 1811 1120 ..
1833 1112 1877 1120 -

242 1303 259 1350 6
379 1294 472 1351 liber
493 1291 639 1350 6666666666
662 1292 790 1363 episcopi
810 1291 931 1350 Barotii
953 1309 1009 1351 eus
1032 1292 1083 1350 der
1104 1294 1226 1350 66666666
1246 1291 1352 1363 Ho‘lfte
1373 1292 1423 1351 des
1447 1295 1497 1351 15.
1515 1292 1567 1353 Jh.
1592 1291 1616 1363 f.
1638 1297 1702 1352 303
1726 1295 1769 1351 im
1792 1292 1919 1364 6666666-

381 1397 473 1455 lichen
495 1393 667 1454 Archiacis
688 1394 834 1467 Β6196666
857 1392 917 1472 (B).

380 1557 523 1619 0666666666
541 1558 679 1616 Historia
696 1557 728 1615 di
743 1557 888 1629 Bcrpomo
909 1551 954 1625 2⁶,
979 1560 1043 1617 412
1064 1575 1120 1616 aas
1136 1557 1165 1615 B
1186 1559 1241 1616 mit
1263 1559 1316 1617 der
1330 1559 1484 1633 Dotiraop
1506 1578 1562 1619 666
1575 1559 1643 1619 DO.
1660 1563 1723 1620 364
1745 1585 1782 1612 ::
1805 1561 1919 1633 Uphelii

378 1661 473 1720 Italia
490 1679 577 1721 sacro
599 1660 641 1719 ed.
662 1668 686 1730 1,
712 1665 741 1730 4,
759 1663 823 1721 622
838 1682 877 1710 =
895 1659 938 1718 ed.
958 1667 998 1730 11,
1023 1664 1051 1729 4,
1069 1663 1140 1720 436.
1157 1693 1199 1702 -
1214 1661 1300 1734 Lupi
1316 1661 1378 1722 OD.
1394 1663 1530 1736 Berpora.
1551 1666 1581 1733 2,
1596 1667 1661 1724 273
1679 1681 1735 1722 aas
1751 1663 1780 1721 B
1797 1687 1836 1715 =
1854 1660 1915 1722 01).

379 1764 509 1836 Lonpob.
535 1763 618 1822 1155
640 1768 675 1820 a⁰
698 1765 762 1821 667
782 1780 822 1820 aa
845 1765 909 1823 962
929 1761 1085 1838 1669666616.
1109 1795 1153 1804 -
1175 1762 1304 1835 Stampf
1321 1764 1391 1837 1669.
1417 1768 1481 1824 452
1501 1783 1542 1823 aa
1564 1767 1628 1825 963
1652 1764 1711 1823 Oet.
1738 1768 1766 1823 6.

377 1926 463 1984 Nocti
485 1928 566 1984 eioer
588 1925 749 1984 6161666666
770 1927 838 1984 sehr
859 1926 1047 1983 eerbreitetca
1062 1925 1182 1984 Formel
1203 1924 1339 1996 versosst.
1359 1959 1401 1968 —
1420 1926 1571 1986 Wihreod
1593 1928 1625 1983 666
1640 1926 1670 1984 Β
1687 1927 1782 1998 obices
1797 1925 1837 1984 D.
1861 1923 1924 1994 osef

378 2026 444 2086 ΒΟ.
468 2031 530 2086 364
553 2027 618 2086 aad
639 2027 992 2098 6661666616666666619
1014 2025 1096 2099 66696,
1121 2027 1213 2085 6666666
1236 2045 1265 2086 66
1290 2027 1432 2087 celestino
1454 2045 1572 2097 6616666,
1596 2027 1668 2102 66966
1690 2029 1751 2085 ihm
1774 2026 1821 2084 dic
1839 2027 1918 2085 Zeit-

378 2130 537 2189 mcrlcmale
558 2148 613 2188 6666
634 2130 701 2189 Do.
726 2133 788 2189 364
818 2131 863 2187 bei
891 2128 955 2186 uad
983 2133 1123 2204 6661666669
1151 2131 1199 2188 dic
1225 2130 1414 2202 ibcrliefcrto
1435 2132 1626 2204 166669πὶ61666
1656 2133 1736 2188 ciacc
1764 2131 1919 2188 6616661166-

378 2232 472 2290 lichen
491 2232 711 2305 Vcrbcsscruop.
753 2230 882 2290 06666666
911 2231 1124 2304 6616166166ρί
1152 2231 1209 2289 16666
1238 2232 1423 2292 8666661666
1447 2232 1551 2305 11661619
1577 2232 1690 2306 96666666
1711 2233 1803 2300 tatic,
1827 2231 1920 2288 rcihtc

377 2334 504 2408 86666666
524 2335 577 2393 dos
593 2334 632 2393 D.
648 2335 724 2392 666661
746 2332 811 2392 dem
834 2335 1020 2408 anrichtipcn
1034 2333 1221 2393 Eschatokoll
1244 2336 1301 2393 6166.
1325 2336 1410 2394 Neci
1432 2335 1485 2393 dor
1506 2335 1712 2406 iiberliefcotca
1727 2335 1919 2407 1661696161616

377 2438 477 2509 poteri
506 2437 636 2496 dossetoc
656 2439 690 2495 io
712 2437 760 2495 die
782 2437 815 2497 J.
839 2441 1008 2499 662-964
1038 2439 1101 2496 aad
1130 2440 1170 2497 isi
1190 2439 1382 2497 ocrmathlich
1410 2438 1549 2496 6666116666
1577 2437 1629 2496 der
1651 2437 1838 2510 Belcpcrtmp
1864 2452 1920 2494 oon

381 2541 410 2601 S.
431 2542 492 2600 Leo
516 2541 683 2615 6669666666
707 2541 832 2600 6661666.

379 2769 417 2833 Ι6
435 2770 565 2835 nomine
589 2777 701 2833 sancte
718 2777 750 2832 et
764 2767 931 2831 individue
953 2769 1118 2832 trinitatis.
1158 2767 1235 2832 Otto
1260 2767 1370 2832 divina
1392 2768 1522 2832 favente
1546 2767 1718 2833 clementia
1741 2772 1920 2855 imperator

276 2881 443 2956 augustus.
545 2870 728 2957 Imperialis
751 2894 822 2935 mos
845 2880 894 2934 est
916 2869 1116 2935 celsitudinis
1139 2892 1310 2955 procerum
1334 2893 1465 2936 suerum
1488 2871 1640 2956 precibus
1664 2896 1759 2937 aures
1782 2872 1920 2938 libenter

275 2975 501 3057 accomodare,
526 2984 684 3060 quatenus
701 2977 733 3039 in
750 2997 806 3058 suq
828 2973 1019 3038 fidelitatisa
1042 2973 1206 3059 obsequiis
1230 2974 1413 3039 devotiores
1432 2997 1488 3039 eos
1507 2973 1649 3060 undique
1672 2972 1797 3040 reddat.
1833 2975 1917 3057 Qua·

224 3087 408 3162 eapropter
435 3087 626 3142 cunctorum
654 3075 798 3140 fidelium
828 3085 939 3160 sancte
970 3075 1022 3140 dei
1045 3074 1181 3160 ecclesie
1209 3075 1483 3163 nestrorumquel
1511 3081 1708 3162 presentium
1732 3078 1857 3143 scilicet
1879 3103 1919 3143 ae

275 3182 456 3246 futurorum
472 3181 630 3245 industria
646 3181 782 3261 neverit,
807 3179 896 3265 quod
912 3177 1084 3244 Odelricus
1107 3182 1386 3245 reverentissimus
1409 3190 1521 3265 sancte
1537 3181 1765 3265 Bergemensis
1782 3182 1918 3265 ecclesie

277 3284 386 3368 presul
415 3293 588 3370 nosterque
610 3282 818 3348 fidelissimus
841 3304 899 3368 per
920 3280 1118 3346 Adlehidam
1140 3293 1285 3348 nostram
1307 3282 1554 3349 611161166116616ο
1576 3286 1747 3370 coniugem
1770 3308 1830 3350 nee
1853 3308 1918 3351 non

277 3389 515 3472 imperatricem
539 3386 728 3471 suppliciter
749 3393 897 3450 nostram
920 3383 1112 3470 deprecatus
1131 3395 1181 3450 cst
1197 3386 1412 3470 clementiam,
1437 3398 1596 3472 quatenus
1620 3410 1678 3473 pro
1702 3391 1792 3472 regni
1815 3392 1917 3455 nostri

277 3488 455 3554 stabilitate
477 3499 650 3576 eternqque
672 3489 941 3554 remunerationis
963 3490 1081 3552 intuitu
1104 3488 1208 3553 eidem
1231 3488 1409 3554 venerabili
1432 3492 1587 3575 episcope
1611 3489 1684 3555 illos
1708 3514 1840 3557 manses
1864 3495 1918 3578 qui

227 3610 259 3657 66
277 3593 406 3657 fuerunt
422 3593 462 3656 de
480 3595 549 3657 iure
564 3592 752 3675 Berengarii
772 3600 804 3654 et
819 3589 929 3674 Uuillq
945 3591 979 3653 in
993 3593 1150 3655 comitatu
1165 3592 1385 3675 Bergomense
1404 3595 1437 3657 in
1455 3592 1537 3658 locis
1557 3596 1611 3679 qui
1634 3592 1776 3658 diciturl
1791 3595 1919 3660 Bonate

275 3697 451 3780 superiore,
474 3695 652 3760 Brombate
665 3692 687 3778 ⁶,
712 3696 817 3759 sancti
832 3694 985 3777 Uictoris,
1001 3693 1156 3777 Balterio,
1173 3691 1325 3779 Caprine,
1349 3694 1548 3781 Gurgulaco,
1571 3696 1754 3779 Meninge,
1777 3695 1918 3780 Albano,

275 3823 333 3885 per
354 3803 456 3865 nostri
485 3801 630 3885 precepti
660 3801 814 3885 paginam
844 3821 919 3863 cum
948 3800 1035 3862 omni
1065 3821 1176 3863 eorum
1202 3800 1386 3883 integritate
1408 3801 1478 3864 iure
1501 3801 1715 3885 proprietario
1739 3798 1919 3865 concedere

276 3903 491 3988 dignaremur.
531 3902 631 3968 Cuius
661 3901 871 3988 petitionibus
900 3901 1046 3965 inclinati
1069 3909 1102 3964 et
1124 3900 1267 3967 debitam
1296 3902 1414 3987 prefati
1438 3903 1583 3988 episcopi
1606 3901 1794 3968 fidelitatem
1818 3913 1919 3967 atten-

275 4006 387 4072 dentes
407 4006 472 4071 hoe
494 4016 604 4092 nostre
628 4005 813 4072 donationis
836 4014 1026 4090 preceptum
1049 4003 1148 4068 scribi
1171 4005 1342 4087 iussimus,
1379 4026 1435 4088 per
1457 4004 1546 4090 quod
1568 4014 1740 4089 pretaxato
1766 4004 1919 4070 Odelrico

225 4128 258 4176 30
276 4114 533 4176 reverentissimo
565 4111 711 4196 pontifici
741 4110 983 4195 prenominatos
1011 4129 1143 4173 manses
1167 4116 1199 4170 et
1220 4106 1374 4192 quicquid
1403 4107 1481 4172 inibi
1512 4110 1673 4192 pertinere
1696 4109 1823 4173 videtur
1850 4111 1919 4173 iure

275 4215 489 4298 proprietario
520 4211 729 4278 concedimus
758 4220 790 4275 et
820 4212 1037 4297 perdonamus
1065 4220 1098 4276 et
1126 4208 1165 4274 de
1194 4221 1306 4276 nostro
1337 4214 1406 4276 iure
1434 4215 1560 4277 ineius
1590 4215 1641 4277 ius
1667 4223 1700 4278 et
1722 4223 1917 4299 potestatem

275 4315 546 4399 transfundimus,
577 4326 612 4381 ut
633 4315 754 4381 habeat
782 4324 976 4401 potestatem
1007 4315 1249 4401 prenominatos
1277 4336 1411 4379 mansos
1440 4338 1514 4380 cum
1542 4315 1690 4381 omnibus
1714 4317 1917 4402 appendiciis

276 4419 404 4484 tenendi
437 4417 581 4484 donandi
608 4418 769 4484 vendendi
801 4417 1022 4483 commutandi
1044 4417 1097 4481 vel
1120 4439 1324 4503 quocumque
1351 4418 1488 4484 voluerit
1518 4420 1703 4504 scriptionis
1726 4420 1818 4484 titulo
1842 4419 1918 4484 alie-

276 4520 386 4604 nandi,
408 4531 521 4586 nostra
543 4533 575 4586 et
596 4520 810 4606 proheredum
830 4543 869 4585 ac
888 4542 1114 4586 successorum
1136 4542 1192 4585 6611
1214 4520 1347 4606 publica
1368 4521 1596 4586 molestatione
1619 4531 1754 4586 remota.
1790 4520 1824 4587 Si
1846 4524 1918 4608 quis

224 4642 257 4689 35
276 4635 384 4690 autem
399 4625 462 4690 hoc
478 4634 588 4709 nostrq
606 4624 790 4689 donationis
807 4634 839 4688 et
854 4624 1111 4693 confirmationis
1134 4634 1324 4708 preceptum
1346 4624 1541 4710 quandoque
1560 4622 1682 4688 violare
1701 4626 1918 4709 temptaverit,

276 4738 405 4792 centum
433 4727 534 4792 libras
563 4729 633 4792 auri
664 4729 775 4811 optimi
806 4748 1001 4811 componere
1032 4734 1184 4810 cogatur,
1217 4724 1423 4792 medietatem
1452 4726 1588 4812 pallatio
1612 4735 1723 4791 nostro
1747 4735 1779 4790 et
1801 4725 1919 4789 medie-

275 4841 375 4896 tatem
398 4831 524 4916 prefate
548 4831 694 4916 pontifici
718 4833 849 4916 suisque
870 4828 1043 4894 heredibus
1058 4830 1110 4894 vel
1127 4832 1178 4895 cui
1195 4832 1265 4915 ipse
1280 4831 1332 4896 vel
1347 4832 1409 4917 ipsi
1433 4829 1589 4896 dederint.
1623 4830 1667 4894 Et
1681 4840 1717 4894 ut
1731 4831 1794 4894 hoc
1810 4833 1918 4895 verius

275 4933 426 4997 credatur
454 4932 703 5018 diligentiusque
735 4932 937 5015 observetur,
968 4954 1067 4996 manu
1094 4935 1227 5018 propria
1255 4933 1366 4999 subter
1391 4934 1584 5000 roborantes
1613 4932 1701 4998 anuli
1730 4935 1831 4998 nostri
1860 4936 1918 4999 116-

275 5039 441 5122 pressione
464 5039 612 5122 insigniri
634 5038 797 5101 iussimus.

226 5207 260 5253 46
380 5192 516 5277 Signum
537 5192 601 5274 (M.)
624 5192 733 5257 domni
757 5191 887 5258 Ottenis
911 5192 1108 5258 serenissimi
1135 5192 1340 5276 imperatoris
1362 5193 1502 5275 augusti.

376 5312 549 5397 Lingerius
572 5315 717 5378 notarius
741 5311 889 5379 advicem
903 5311 1056 5379 Widonis
1079 5313 1225 5399 episcopi
1244 5320 1277 5377 et
1295 5311 1571 5377 archicancellarii
1594 5313 1768 5396 recognovi
1793 5322 1825 5377 et
1844 5312 1919 5376 snb-

275 5436 401 5499 senps1.

359 5635 418 5690 ²7².
443 5635 676 5771 sqqtilqger-dahseh]
764 5639 791 5704 a)
809 5638 984 5689 felicitatisB
1064 5640 1092 5700 b)
1112 5645 1261 5689 nestrorum
1274 5638 1301 5689 B
1387 5642 1411 5699 c)
1431 5643 1546 5688 nostram
1566 5637 1745 5688 fidelissimam
1763 5643 1878 5688 nestram
1892 5636 1917 5686 B

1652 5808 1712 5870 49*Ι
