4298 6414
970 489 1093 550 OTTO
1116 491 1139 548 Ι.
1165 488 1236 550 941.
1864 480 1925 546 127

383 674 396 759 l
425 672 563 760 Signum
587 671 698 740 domni
722 646 853 739 Ottonis
876 676 940 755 (Μ.)
961 675 1164 738 invictissimi
1187 675 1283 756 regis.
1307 669 1321 750 ξ

382 774 395 856 l
423 779 536 844 Bruno
575 777 788 844 cancellarius
826 777 977 842 advicem
1014 776 1173 843 Fridurici
1213 775 1488 861 archicappellani
1524 778 1710 859 recognovi.
1747 777 1761 860 ξ
1797 777 1853 856 (SI.
1886 777 1926 856 1.)

1757 880 1825 959 (sa.
1849 883 1925 960 nn.)

382 1016 466 1083 Data
489 1017 577 1083 vn.b
599 1018 643 1083 id.
665 1020 745 1084 iunii
769 1039 854 1082 anno
879 1019 1116 1082 incarnacionis
1147 1017 1268 1082 domini
1292 1033 1479 1098 nccccxm,
1514 1016 1697 1080 indiccione
1721 1034 1801 1097 xm,
1837 1038 1922 1079 anno

251 1122 408 1188 tOttonis
430 1123 629 1201 serenissimi
653 1123 738 1205 regis
762 1140 801 1203 v,
824 1130 932 1186 actum
955 1123 988 1185 in
1010 1121 1113 1202 Bone,
1136 1122 1169 1184 in
1192 1120 1243 1185 dei
1266 1122 1395 1193 nominc
1419 1141 1523 1183 amen.

1070 1360 1130 1434 ll.

283 1515 370 1590 Ouo
389 1512 527 1590 acbcukt
548 1513 628 1588 dcte
649 1515 793 1588 Kloster
815 1514 875 1587 des
896 1515 929 1587 h.
955 1515 1073 1587 Moru
1094 1541 1139 1586 zu
1161 1513 1386 1609 Mupdeborp
1413 1538 1494 1584 aaran
1517 1481 1660 1585 Zucclsc
1684 1512 1749 1585 der
1770 1513 1922 1584 Aratea-

260 1636 390 1732 pstepc
410 1637 533 1708 scirtari
556 1634 672 1708 Bccitz
694 1637 735 1708 ia
762 1635 969 1732 Ucpb’apeu,
994 1634 1202 1707 Itobrubeiru
1224 1632 1304 1705 unct
1323 1633 1512 1729 Netthorp.

1416 1773 1600 1847 claudebam
1622 1777 1682 1832 941
1708 1773 1826 1846 August
1850 1776 1877 1829 6.

379 1962 627 2038 Orminuldiplom
647 1965 690 2022 im
712 1961 739 2022 tt.
765 1962 967 2023 Stoutsurchto
988 1982 1028 2020 ru
1050 1962 1156 2021 Berlin
1178 1960 1239 2039 (A).

378 2118 558 2191 &minutius
574 2117 645 2177 Ant.
661 2117 853 2192 Moudeburp.
876 2119 921 2176 cd.
942 2126 966 2188 Ι,
989 2122 1032 2178 23
1055 2135 1111 2175 aas
1130 2118 1195 2175 MS.
1213 2117 1263 2173 des
1280 2115 1416 2174 olearias
1432 2114 1472 2193 (a)
1498 2139 1535 2167 =
1560 2116 1603 2172 ert.
1626 2122 1665 2185 ΙΙ,
1690 2118 1732 2173 18
1756 2137 1796 2166 =
1820 2115 1922 2187 Irttnr'p

379 2221 444 2280 BA.
470 2217 534 2292 16⁶,
555 2226 574 2281 4
596 2228 631 2280 a⁰
646 2227 675 2292 7,
700 2246 740 2275 =
764 2220 946 2295 Suyittorr'us
969 2225 1001 2281 ta
1024 2223 1141 2297 Boysea
1163 2221 1239 2294 Aru.
1264 2222 1408 2293 ltrrpuzin
1424 2225 1453 2289 1,
1471 2223 1520 2278 78.
1544 2253 1586 2262 -
1609 2221 1739 2278 mareau
1762 2221 1840 2277 Hiat.
1854 2237 1920 2291 pen.

380 2325 487 2384 Serota
513 2330 577 2385 137
597 2331 632 2383 πθ
655 2330 695 2385 10
719 2343 775 2384 uus
797 2345 816 2384 a
838 2326 902 2383 aad
924 2325 992 2385 MS.
1016 2325 1079 2383 aad
1101 2329 1163 2383 139
1182 2331 1216 2382 u⁰
1230 2328 1274 2384 12
1295 2342 1351 2381 ures
1374 2324 1440 2383 MS.
1466 2325 1519 2381 mit
1535 2327 1607 2382 942.
1632 2356 1672 2364 -
1696 2324 1781 2380 Fucs.
1799 2325 1832 2380 ta
1847 2323 1921 2380 Ber-

380 2429 454 2486 liner
477 2428 595 2488 accitu.
618 2435 648 2499 3,
675 2429 742 2500 Tus.
767 2434 817 2489 12.
843 2463 885 2472 --
908 2430 1036 2488 Bdhmer
1057 2430 1128 2500 Περ.
1153 2432 1225 2486 110.
1249 2461 1291 2469 -
1314 2426 1441 2499 Sturups
1459 2427 1529 2498 Ray.
1554 2430 1604 2485 98.

380 2585 440 2642 Voa
463 2585 530 2643 ΒΒ.
554 2587 630 2644 auctr
651 2586 868 2660 Mopdeburper
888 2585 993 2645 Dictat
1009 2539 1203 2659 ycsctrrteheu.

375 2771 432 2850 (C.)
453 2767 469 2849 l
490 2770 530 2833 In
551 2771 682 2835 nominc
706 2780 838 2834 sanctae
861 2780 893 2834 et
914 2754 1102 2834 individuae
1125 2770 1287 2851 trinitatis.
1334 2767 1412 2832 Otto
1443 2767 1567 2832 diumaa
1592 2768 1721 2832 favente
1750 2768 1921 2832 clementia

286 2893 345 2935 rex.
431 2871 465 2936 Si
490 2871 688 2957 quibuslibet
711 2871 805 2937 donis
827 2872 902 2937 loca
925 2873 985 2937 deo
1010 2872 1120 2936 dicata
1146 2871 1373 2954 dicaverimus,
1408 2893 1473 2935 non
1504 2871 1608 2936 solum
1638 2872 1681 2935 ad
1710 2871 1921 2956 temporalem

288 2977 373 3040 vitam
396 2976 535 3040 feliciter
557 2976 787 3060 transiendam,
811 3001 923 3042 verum
946 2987 978 3041 et
1001 2977 1044 3040 ad
1066 2980 1187 3041 aeterni
1207 2976 1338 3062 tripudii
1361 2974 1375 3055 l
1396 2976 1540 3061 palmam
1559 2976 1807 3061 promerendam
1826 2977 1921 3041 nobis

289 3078 478 3160 profirturum
501 3081 660 3142 veraciter
682 3080 854 3144 credimus.
890 3079 1054 3159 Quocirca
1071 3080 1198 3143 noverit
1222 3081 1363 3164 omnium
1386 3079 1529 3144 fidelium
1552 3091 1737 3144 nostrorum
1762 3092 1827 3144 tam
1850 3104 1921 3165 pre·
1982 3084 1983 3087 ’

206 3189 259 3237 20
290 3184 415 3247 sentium
439 3203 538 3267 quam
560 3191 593 3246 et
614 3182 795 3248 futurorum
818 3182 992 3267 industria,
1027 3183 1164 3269 qualiter
1192 3205 1252 3247 nos
1283 3205 1341 3267 pro
1366 3182 1417 3246 dei
1441 3206 1552 3247 amore
1575 3193 1768 3268 nostraeque
1792 3185 1921 3247 animae

287 3285 432 3368 remedio,
468 3287 570 3350 nostri
592 3288 690 3351 etiam
714 3289 870 3372 sospitate
892 3289 1047 3373 regnique
1071 3285 1246 3351 stabilitate
1270 3285 1313 3350 ad
1334 3286 1567 3350 monasterium
1589 3285 1677 3370 quod
1701 3285 1761 3350 deo
1785 3287 1921 3349 sanctis-

284 3407 333 3469 que
361 3388 550 3454 martiribus
579 3388 738 3453 Mauricio
768 3400 864 3475 atquc
887 3390 1077 3455 Innocentio
1106 3391 1363 3470 construximus»,
1398 3386 1552 3474 quicquid
1580 3388 1664 3453 infra
1694 3411 1838 3451 marcam
1868 3387 1919 3451 hic

280 3495 513 3557 nominatarum
535 3491 702 3557 villarum:
732 3491 902 3577 Uplingil’,
932 3492 1126 3572 Rareshem,
1149 3492 1324 3578 Netthorp,
1355 3494 1560 3577 proprietatis
1582 3492 1754 3556 habuimus
1777 3494 1811 3555 in
1834 3514 1918 3576 pago

272 3587 431 3679 Hardaga
458 3596 491 3659 in
520 3597 676 3660 comitatu
704 3594 898 3677 Thiatmeri,
933 3598 967 3660 in
996 3595 1200 3680 hospitales⁰
1233 3594 1493 3680 recipiendorum
1527 3619 1604 3660 usus
1639 3606 1818 3680 pauperum
1852 3597 1920 3659 ime

206 3688 244 3736 ²⁵
267 3700 408 3776 perenni
430 3700 464 3761 in
486 3700 654 3784 proprium
678 3698 870 3763 donavimus
893 3721 967 3764 cum
991 3698 1140 3764 omnibus
1164 3698 1360 3762 adiacenciis
1384 3709 1416 3762 ct
1435 3698 1636 3783 appendiciis
1655 3700 1721 3762 suis
1740 3697 1816 3762 illuc
1834 3697 1920 3780 lega-

260 3790 339 3866 liter
364 3800 605 3887 aspitientibus,
629 3810 786 3887 quantum
808 3804 910 3866 nostri
934 3801 1008 3865 inde
1030 3802 1106 3885 fuit,
1130 3803 1301 3886 mancipiis
1325 3802 1410 3884 agris
1433 3803 1535 3885 pratis
1558 3802 1688 3885 pascuis
1713 3800 1803 3864 silvis
1826 3802 1920 3886 aquis

257 3919 496 3990 aquarumque
528 3904 718 3970 decursibus
746 3904 939 3970 molendinis
967 3903 1204 3989 piscationibus
1226 3905 1288 3967 viis
1317 3913 1348 3965 ct
1376 3903 1474 3965 inviis
1496 3900 1671 3965 mobilibus
1694 3911 1726 3966 ct
1749 3901 1919 3966 immobili-

254 3997 339 4090 bus,
365 4010 478 4074 omnia
492 4007 536 4071 ad
551 4006 746 4072 coenobium
762 4007 823 4073 deo
843 4031 902 4093 pro
926 4010 1133 4072 veneratione
1156 4006 1386 4091 prelibatormn
1401 4007 1579 4086 martirum,
1602 4004 1752 4068 Mauricii
1767 4004 1920 4069 videlicet

250 4118 296 4174 et
325 4111 528 4194 Innocentii,
561 4113 596 4176 in
623 4111 697 4176 loco
728 4114 782 4197 qui
811 4111 929 4177 dicitur
956 4110 1184 4194 Magadoburg
1212 4133 1232 4174 a
1259 4109 1355 4173 nobis
1385 4107 1556 4172 fundatum
1586 4109 1619 4170 in
1649 4107 1813 4191 predictos
1842 4132 1919 4173 usus

206 4204 229 4253 ⁰
250 4204 503 4300 hospitalitatis
521 4235 702 4299 pauperum
720 4213 925 4278 contulimus.
962 4215 1120 4279 Iussimus
1140 4237 1268 4301 quoquc
1287 4213 1349 4277 hoc
1372 4222 1560 4296 preceptum
1582 4210 1657 4274 inde
1677 4212 1839 4276 conscribi
1863 4235 1920 4298 per

254 4316 361 4402 quod
381 4319 474 4402 regia
496 4326 659 4402 potestate
682 4317 855 4399 sancimus,
878 4327 914 4381 ut
937 4316 1043 4382 nullus
1067 4340 1291 4382 successorum
1314 4327 1499 4381 nostrorum
1521 4314 1622 4379 ullam
1639 4315 1759 4380 habeat
1778 4328 1920 4401 potcsta-

255 4427 337 4485 tem
359 4431 507 4487 nostrum
530 4418 651 4484 donum
673 4420 879 4505 infringendi.
917 4421 961 4485 Et
976 4431 1012 4485 ut
1027 4419 1224 4485 inviolabilis
1239 4421 1320 4484 haec
1343 4419 1472 4503 traditio
1496 4442 1554 4504 per
1577 4419 1818 4485 succedentium
1841 4432 1919 4484 tem-

257 4541 388 4607 porum
410 4523 572 4588 curricula
595 4522 800 4602 observetur,
835 4522 959 4589 manu‘l
987 4535 1098 4589 nostra
1121 4523 1233 4589 subtus
1256 4523 1336 4589 illud
1358 4524 1560 4589 firmavimus
1583 4533 1615 4587 et
1638 4524 1727 4589 anuli
1750 4527 1850 4589 nostri
1873 4526 1919 4588 in·

261 4627 439 4708 pressione
462 4624 669 4690 corroborari
692 4626 908 4711 precepimus.

215 4779 248 4830 tt
375 4761 389 4841 l
410 4764 546 4847 Signum
569 4763 679 4828 domni
704 4763 835 4830 Ottonis
858 4766 946 4847 (MP.)
967 4766 1171 4830 invictissimi
1194 4764 1289 4849 regis.
1312 4763 1326 4846 ᾖ
1781 4856 1784 4861 Ι

375 4861 520 4943 lBruno
550 4866 765 4932 cancellarius
796 4867 944 4933 advicem
973 4868 1132 4933 Fridurici
1164 4866 1438 4953 archicappellani
1466 4869 1652 4954 recognovi.
1683 4864 1697 4945 ll
1727 4871 1796 4949 (SR.
1819 4869 1918 4949 ΗΝ.)Θ

1783 4972 1841 5050 (si.
1866 4971 1916 5051 n.)

374 5105 462 5173 Data
485 5125 559 5173 v111.
581 5108 625 5173 id.
649 5132 723 5193 aug.
753 5132 838 5176 anno
868 5111 1106 5177 incarnacionis
1136 5111 1258 5178 domini
1287 5129 1475 5194 nccccxm,
1509 5111 1690 5176 indiccione
1714 5129 1796 5193 xm,
1831 5132 1917 5173 anno

288 5199 384 5273 domni
408 5210 538 5275 Ottonis
563 5214 759 5277 serenissimi
782 5216 867 5298 regis
891 5232 928 5296 νς
952 5226 1060 5280 actum
1083 5218 1117 5279 in
1138 5215 1383 5301 Magadoburg3
1406 5219 1439 5280 in
1463 5215 1514 5279 dei
1537 5218 1666 5280 nomine
1688 5238 1793 5280 amen.

254 5395 278 5440 ⁴⁰
374 5396 415 5454 tu.
443 5399 472 5461 b)
490 5401 533 5449 cia
549 5401 664 5451 watteroe
683 5399 776 5465 Schafl
793 5403 827 5452 iet
844 5402 976 5452 oewiacht
993 5403 1047 5454 aad
1065 5403 1226 5470 amqekraut
1243 5404 1355 5455 worden.

375 5482 416 5535 tl.
446 5481 554 5552 [Sickel]
653 5484 721 5547 a)A
821 5487 848 5549 b)
860 5487 930 5552 solqt
948 5486 1031 5538 aeuo
1048 5489 1137 5541 Bucar
1236 5491 1261 5549 ο)
1280 5490 1333 5540 ΒΒ
1351 5490 1420 5540 hatte
1436 5489 1620 5556 strepru's'aqltch
1643 5488 1708 5541 23
1731 5488 1921 5556 chamelaeon

441 5554 489 5603 nc
507 5554 648 5604 habuimus
665 5557 694 5604 in
712 5555 863 5620 hospitales,
881 5556 981 5606 radirte
999 5557 1072 5607 douo
1088 5557 1137 5608 das
1154 5558 1224 5609 letae
1244 5558 1325 5620 Wort,
1354 5566 1454 5609 ercam
1476 5576 1502 5610 ec
1523 5558 1606 5609 durch
1629 5575 1698 5625 pago
1718 5561 1844 5627 Hardnga
1865 5561 1921 5610 aad

433 5620 509 5687 stipes
525 5621 588 5672 {tter
603 5621 654 5673 dou
666 5620 836 5686 Schnfirand
852 5625 935 5674 rectus
952 5624 1144 5691 larampctrmd
1161 5626 1237 5677 lituae
1254 5629 1282 5677 in
1300 5629 1425 5678 comitatu
1443 5630 1596 5690 Thiatmeri,
1613 5628 1694 5678 wotos·
1707 5629 1813 5679 Thiatm
1825 5630 1921 5680 wieder

440 5689 493 5753 Μ’
507 5691 595 5742 Rurar
613 5709 645 5741 au
669 5690 757 5742 statim
779 5690 853 5755 lcum
881 5693 985 5744 malua
1001 5693 1077 5745 rctrob
1095 5711 1123 5745 cr
1139 5712 1186 5745 eor
1202 5695 1260 5746 dem
1277 5696 1321 5746 die
1342 5695 1372 5747 Z.
1389 5699 1408 5746 4
1432 5695 1606 5763 cutmen
1623 5696 1707 5747 Wortc
1729 5700 1757 5748 in
1775 5697 1919 5763 hospitales

252 5752 277 5803 ll
439 5759 482 5808 eiu
585 5759 694 5826 (1)ίοὶ92
712 5758 796 5809 eleae
808 5761 897 5812 Russu-
1001 5763 1025 5829 e)
1043 5764 1087 5814 die
1104 5771 1168 5814 erote
1187 5762 1252 5815 Note
1263 5763 1314 5828 ‚mr
1331 5766 1423 5816 Bruao
1440 5766 1493 5832 aas
1503 5766 1600 5819 umor.
