4298 6414
233 424 295 490 142
824 437 1303 504 Knlsuuuaxuuuuu..

330 619 428 698 (Helle
449 619 512 678 wad
535 620 734 679 Nordbousen
758 619 853 698 1839)
878 617 922 692 dl,
940 627 1003 682 137
1017 630 1051 681 πθ
1066 629 1083 682 1
1101 642 1157 684 aris
1172 623 1210 684 A.
1234 658 1276 668 -
1297 626 1385 685 Facs.
1401 627 1434 684 in
1451 621 1518 684 oar.
1539 624 1633 686 Gotw.
1651 628 1716 686 161
1731 631 1765 683 πθ
1777 630 1805 688 2.
1826 660 1853 671 —

332 724 461 781 Boii-mer
482 724 554 797 Req.
579 728 650 783 122.
677 757 715 765 -
743 724 871 798 &recipi
888 726 960 798 Rop.
985 731 1056 785 117.

331 862 463 932 Verfcsst
486 862 551 920 aad
569 863 753 936 peschrieben
774 879 830 921 oen
852 863 919 921 BB.

333 1048 391 1127 (C.)
414 1047 428 1130 i
450 1046 488 1111 In
510 1050 641 1112 nomine
664 1059 797 1113 sanctae
820 1059 852 1113 et
873 1047 1060 1113 individuae
1081 1050 1243 1114 trinitatis.
1280 1048 1358 1114 Otto
1375 1050 1486 1115 divina
1504 1051 1682 1116 faventae⁸
1704 1052 1863 1129 clementia

228 1172 296 1212 rex.
394 1149 529 1213 Noverit
552 1153 695 1216 omnium
716 1151 861 1216 fidelium
883 1163 1067 1217 nostrorum
1090 1160 1155 1215 tarn
1184 1150 1198 1238 ᾗ
1225 1155 1422 1236 presentium
1445 1176 1543 1238 quam
1565 1165 1597 1220 et
1619 1156 1802 1220 futurorum
1826 1159 1865 1222 in·
1898 1182 1926 1229 5

228 1253 361 1335 dustria,
386 1252 523 1338 qualiter
543 1277 604 1318 nos
627 1277 685 1339 per
706 1256 922 1319 interventum
945 1254 1053 1319 dilecti
1076 1257 1221 1339 germani
1244 1257 1352 1320 fratris
1375 1259 1477 1320 nostri
1495 1257 1642 1322 Heinrici
1659 1268 1693 1322 et
1709 1256 1867 1327 Cuonradi

127 1358 137 1375 '
228 1358 355 1420 comitis
378 1356 525 1441 predium
552 1357 683 1442 Billingi
714 1358 800 1421 illius
830 1357 962 1423 vassalli
992 1358 1087 1443 legali
1117 1358 1237 1423 iudicio
1266 1362 1335 1424 iure
1362 1359 1539 1425 liscatumb
1568 1361 1675 1426 denuo
1707 1361 1868 1430 eidemin

228 1462 394 1544 proprium
417 1459 609 1525 donavimus
632 1483 706 1525 cum
731 1461 881 1526 omnibus
903 1461 980 1526 illuc
1002 1464 1072 1525 iure
1093 1462 1344 1546 pertinentibus,
1377 1463 1544 1530 aecclesiis
1567 1466 1741 1551 mancipiis
1764 1465 1869 1532 aedifi-

227 1565 286 1627 ciis
309 1565 396 1646 agris
419 1566 519 1649 pratis
542 1567 673 1649 pascuis
701 1565 789 1630 silvis
820 1569 913 1650 aquis
942 1587 1163 1650 aquarumque
1191 1565 1381 1631 decursibus
1410 1566 1604 1633 molendinis
1634 1568 1866 1654 piscationibus

227 1667 367 1731 exitibus
387 1678 418 1730 et
435 1666 591 1731 reditibus
611 1670 744 1754 quesitis
767 1679 798 1733 et
820 1667 1020 1755 inquirendis
1044 1667 1257 1754 omnibusque
1278 1668 1376 1735 rebus
1398 1670 1573 1736 mobilibus
1595 1681 1628 1736 ct
1650 1671 1861 1741 inmobilibus.
1887 1697 1930 1742 ro

227 1769 382 1834 Iussimus
412 1792 541 1855 quoque
569 1771 631 1835 hoo
660 1782 849 1858 preceptum
878 1773 953 1837 inde
976 1772 1139 1838 conscribi
1163 1796 1262 1839 manu
1283 1783 1395 1838 nostra
1418 1775 1581 1859 signatum
1603 1784 1637 1840 et
1658 1775 1749 1841 anuli
1770 1782 1862 1843 nestri

226 1874 439 1957 impressione
462 1872 661 1940 roboratum.

328 2030 342 2112 i
364 2026 500 2113 Signum
523 2029 633 2094 domni
658 2029 788 2097 Ottonis
812 2033 876 2114 (M.)
902 2033 1121 2097 serenissimi⁰
1143 2034 1238 2116 regis.
1261 2037 1275 2119 q

327 2147 341 2228 ξ
361 2149 451 2213 Brun
467 2150 681 2217 cancellarius
697 2152 846 2218 advicem
860 2153 1021 2218 Fridurici
1038 2153 1312 2238 archicappellani
1328 2154 1514 2236 recognovi.
1532 2157 1547 2240 ξ
1570 2155 1641 2234 (SR.
1653 2155 1731 2234 NN.)
1757 2155 1810 2234 (SI.
1823 2157 1856 2235 1.)

328 2304 416 2368 Data
438 2321 512 2369 x111.
537 2305 603 2369 kal.
634 2317 696 2371 oct.
727 2329 811 2371 anno
840 2309 1074 2374 incarnationis
1105 2307 1228 2374 domini
1256 2324 1484 2392 uccecxmm,
1517 2307 1696 2373 indictione
1718 2326 1749 2392 1,
1782 2317 1910 2373 aun015

226 2405 336 2470 domni
360 2404 490 2471 Ottonis
514 2425 606 2490 vnn3
630 2420 740 2474 actum
762 2412 795 2473 in
819 2409 978 2475 Botfelde.

1014 2651 1074 2722 61.

233 2799 313 2876 Otto
335 2802 476 2875 sebeulct
496 2802 576 2874 dem
593 2803 881 2877 Noonenldoster
902 2830 948 2876 zu
971 2801 1218 2901 Quodlinburp
1236 2804 1295 2876 ein
1317 2803 1432 2876 bisber
1450 2803 1530 2876 dem
1546 2804 1669 2903 Agrico
1689 2830 1735 2878 za
1748 2805 1861 2879 Leia

223 2921 433 2995 verliebenes
457 2921 532 2997 Get
551 2924 592 2995 in
612 2923 801 3021 Kiolinpa.
1301 2961 1476 3035 Bam„
1499 2965 1561 3022 944
1585 2961 1753 3035 sepmff
1773 2966 1823 3023 30.

329 3147 575 3221 Oricinoldiplom
600 3151 640 3207 im
661 3150 689 3207 lc.
714 3149 916 3209 Stootsorehio
936 3168 977 3208 su
999 3149 1106 3207 Berlin
1127 3149 1189 3227 (A).
1880 3157 1908 3205 to

324 3287 450 3344 Kettner
477 3286 559 3346 Diss.
590 3288 625 3345 ele
641 3290 745 3360 prima
774 3290 870 3347 abbat.
900 3293 919 3347 4
949 3311 989 3341 =
1018 3288 1121 3363 Maio
1148 3290 1216 3349 ΒΑ.
1247 3285 1311 3360 10⁶,
1339 3292 1401 3349 855
1431 3293 1465 3345 πθ
1486 3291 1538 3348 27.
1572 3320 1610 3330 -
1642 3288 1770 3347 Kettncr
1796 3287 1866 3348 Ant.

326 3388 478 3465 Quedlinb.
502 3394 545 3450 12
565 3394 634 3449 u⁰6
656 3391 720 3468 (opi.
740 3410 773 3464 p.
793 3391 867 3468 692)
888 3409 945 3451 oris
961 3393 997 3451 Α.
1023 3423 1061 3434 -
1086 3390 1202 3465 Borinq
1219 3391 1318 3451 Clariis
1340 3391 1411 3463 dipl.
1436 3391 1479 3449 ed.
1499 3398 1523 3462 Ι,
1548 3396 1589 3452 19
1611 3395 1685 3451 122
1705 3392 1804 3451 aasA
1829 3416 1867 3444 =

326 3491 369 3550 ed.
394 3499 434 3565 11,
459 3498 499 3553 15
522 3499 557 3550 „a
578 3500 608 3554 2.
632 3527 674 3536 -
697 3495 825 3553 Bobener
846 3496 918 3568 Rei.
942 3499 1014 3558 123.
1038 3527 1081 3538 -
1104 3494 1232 3568 Strempf
1248 3496 1319 3568 Ray.
1344 3496 1416 3553 118.

329 3631 462 3702 Vcrfosst
483 3632 548 3691 aad
566 3633 752 3706 pesoliriebea
773 3650 828 3691 ion
851 3632 918 3692 BB.

325 3818 383 3895 (0.)
407 3817 421 3897 ἴς
442 3817 481 3881 In
503 3819 634 3882 nomine
658 3830 790 3883 sanctae
813 3827 846 3883 et
867 3817 1054 3883 individuae
1077 3819 1240 3882 trinitatis.
1279 3816 1358 3882 Otto
1381 3817 1432 3883 dei
1451 3821 1556 3902 gratia
1574 3842 1643 3884 rex.
1731 3819 1869 3885 Noverit
1885 3836 1914 3884 to

222 3923 365 3986 omnium
386 3920 531 3985 fidelium
553 3931 737 3986 nostrorum
761 3932 826 3986 tam
850 3923 1049 4006 presentium
1073 3943 1170 4006 quam
1193 3930 1224 3984 et
1246 3920 1428 3986 futurorum
1456 3922 1631 4005 industria,
1661 3921 1752 4009 quod
1772 3944 1835 3986 nos
1856 3921 1870 4000 ᾖ

221 4024 264 4088 ad
286 4025 518 4087 monasterium
538 4023 807 4106 Quidilingaburc
831 4033 1063 4106 constructum,
1086 4023 1142 4088 ubi
1165 4023 1304 4089 domnus
1327 4046 1366 4088 ac
1389 4026 1516 4107 genitor
1538 4036 1651 4090 noster
1672 4028 1725 4110 pie
1748 4048 1869 4091 memo-

220 4128 287 4190 riae
310 4148 369 4189 rex
391 4125 564 4190 Heinricus
587 4137 679 4191 extat
701 4127 893 4209 tumulatus,
929 4148 987 4211 pro
1018 4125 1162 4191 remedio
1187 4129 1314 4191 animae
1342 4126 1444 4209 illius,
1479 4137 1610 4193 nostrae
1639 4130 1738 4193 etiam
1769 4150 1871 4195 causa

222 4229 353 4312 salutis,
388 4233 464 4314 quin
488 4240 519 4293 et
541 4232 575 4294 in
598 4230 775 4294 elemosina
797 4229 884 4293 filiae
906 4238 1038 4293 nostrae
1062 4228 1261 4311 Liutgardae
1283 4250 1342 4314 pro
1366 4230 1458 4293 cuius
1481 4229 1668 4295 infirmitate
1689 4230 1772 4295 haec
1795 4254 1869 4318 spo·

220 4331 404 4417 pendimus,
427 4332 575 4418 predium
593 4332 745 4396 videlicet
768 4333 856 4417 quod
870 4332 1028 4396 hactenus
1044 4333 1077 4394 in
1092 4331 1248 4415 Kinlinga
1263 4331 1407 4415 Aginoni
1431 4332 1661 4401 beneficiatum
1683 4333 1869 4418 habuimus,
1887 4356 1919 4404 ao

220 4459 295 4502 cum
326 4436 476 4501 omnibus
503 4435 580 4502 illuc
609 4439 677 4500 iure
708 4434 957 4520 pcrtinentibus,
993 4437 1079 4518 agris
1108 4434 1264 4498 aedificiis
1294 4438 1465 4521 mancipiis
1495 4439 1598 4521 pratis
1621 4440 1753 4523 pascuis
1778 4437 1869 4502 silvis

220 4542 313 4625 aquis
343 4562 563 4624 aquarumque
593 4538 782 4604 decursibus
813 4536 1006 4602 molendinis
1035 4537 1176 4602 exitibus
1209 4549 1241 4602 et
1266 4538 1422 4603 reditibus
1447 4540 1579 4624 quesitis
1602 4551 1634 4604 et
1657 4540 1868 4626 inquirendis,

219 4645 252 4707 in
282 4666 359 4708 usus
386 4645 546 4726 virginum
574 4642 654 4707 inibi
684 4641 745 4707 deo
774 4641 999 4706 famrdantium
1026 4641 1095 4705 iure
1118 4643 1250 4725 perenni
1272 4642 1307 4705 in
1330 4644 1497 4726 proprium
1520 4641 1724 4708 donavimus.
1768 4644 1868 4710 Iussi·

218 4769 289 4812 mus
314 4769 441 4832 quoque
463 4746 525 4810 hoc
549 4756 737 4831 preceptum
760 4744 835 4808 inde
858 4743 1020 4808 conscribi
1044 4765 1142 4808 manu
1164 4754 1277 4808 nostra
1305 4746 1468 4828 signatum
1497 4754 1530 4810 et
1558 4745 1646 4810 anuli
1676 4749 1781 4812 nostri
1810 4749 1868 4812 im·

220 4851 387 4934 pressione
409 4847 607 4914 roboratum.
1885 4870 1918 4918 3⁶

320 4985 491 5071 {Signum
514 4986 623 5051 domni
649 4984 779 5050 Ottonis
804 4985 893 5064 (MP.)
919 4985 1114 5048 serenissimi
1137 4987 1270 5071 regis}

319 5089 333 5170 i
354 5092 444 5156 Brun
460 5088 675 5154 cancellarius
692 5089 841 5152 advicem
855 5089 1016 5152 Fridurici
1034 5088 1309 5181 archicappellani
1324 5090 1511 5173 recognovi.
1526 5093 1540 5173 ξ
1556 5091 1625 5168 (SR.
1642 5089 1719 5169 NN.)
1748 5091 1807 5169 (Sl.
1824 5091 1866 5170 1.)

319 5227 408 5291 Data
437 5243 472 5290 11.
495 5225 562 5289 kal.
593 5236 657 5289 oct.
689 5247 774 5288 anno
805 5226 1038 5288 incarnationis
1068 5225 1189 5290 domini
1218 5241 1449 5310 Dccccxulm,
1483 5227 1660 5292 indictione
1683 5236 1739 5311 ν’,
1777 5250 1865 5293 anno

219 5326 328 5392 domni
352 5327 481 5392 Ottonis
506 5345 602 5410 v11113
630 5336 739 5391 actum
762 5329 795 5390 in
818 5326 1017 5391 Tarncburc.

321 5513 361 5570 to.
391 5514 485 5584 [solta]
583 5519 609 5582 a)
627 5516 650 5566 A
738 5518 765 5581 b)
784 5533 849 5565 corr.
868 5531 915 5564 aaa
933 5515 964 5564 tir
1051 5520 1075 5579 c)
1093 5517 1179 5567 indens
1196 5514 1238 5567 dis
1255 5516 1369 5582 Deduay
1387 5519 1422 5566 mi
1439 5519 1469 5566 in
1487 5518 1529 5568 ein
1546 5516 1617 5569 Lech
1636 5517 1682 5569 dee
1698 5517 1867 5584 Pei-qemun
1883 5518 1917 5566 40

386 5584 483 5649 peristi
488 5623 496 5647 ,
520 5585 607 5636 werde
624 5587 662 5635 sie
680 5585 812 5635 nechmola
828 5583 985 5635 wiederlrolt.

320 5684 361 5738 tl.
392 5686 498 5755 [Sickel]
603 5691 630 5750 a)
648 5704 698 5739 ven
716 5688 776 5738 BB.
795 5687 957 5753 ampeloeeen
974 5687 1028 5738 end
1044 5703 1094 5739 oen
1112 5687 1222 5738 σπάσεν
1239 5687 1322 5739 Herod
1339 5687 1533 5754 emmeram.
