4500 6420
242 430 307 496 546
834 434 1285 492 KAISERURKUNDEN.

242 628 380 683 avocato
404 640 463 682 suo
487 627 519 681 et
540 614 685 680 eiusdem
708 615 896 678 monasterii
919 636 975 677 seu
999 613 1042 677 ad
1064 622 1156 697 parte
1179 611 1316 697 predicti
1338 614 1541 694 monasterii,
1565 621 1601 677 ut
1623 614 1650 676 si
1671 635 1825 699 umquam
1848 615 1886 677 in

243 731 388 806 tempore
412 730 526 785 contra
548 718 633 783 hunc
658 740 753 782 suurn
775 718 896 781 factum
920 738 1016 800 agere
1038 726 1096 782 aut
1118 739 1254 781 causare
1276 714 1329 778 vel
1352 736 1519 779 removere
1547 718 1796 800 presumpserit,
1825 737 1887 800 per

242 847 276 888 se
298 826 370 908 ipso
394 832 450 886 aut
472 845 530 907 per
553 823 618 886 suis
641 820 717 884 filiis
739 820 791 884 vel
816 820 951 885 heredes
973 820 1026 885 vel
1055 843 1166 885 eorum
1195 821 1431 885 summittentes
1460 840 1617 902 personas
1640 828 1672 883 et
1695 820 1782 882 omni
1804 828 1886 882 tem-

242 947 321 1010 pore
339 923 457 988 exinde
480 924 570 987 taeiti
594 933 626 986 et
648 924 736 986 conti
749 932 762 959 ¹¹
785 944 851 986 non
873 925 1111 1007 permanserint
1132 921 1185 985 vel
1208 922 1235 985 si
1258 921 1446 1007 adparucrit
1468 921 1569 986 ullum
1592 922 1714 987 dietum
1736 920 1786 985 vel
1814 920 1885 985 fae·

241 1038 309 1091 tum
331 1026 418 1112 quod
440 1027 527 1111 ipsiv
549 1028 583 1089 in
607 1025 674 1089 alia
696 1034 788 1110 parte
811 1024 930 1089 exinde
952 1026 1107 1089 fecissent
1130 1035 1161 1089 et
1183 1023 1349 1107 claruerit,
1382 1035 1417 1089 ut
1438 1034 1515 1089 tunc
1539 1033 1716 1109 componat
1737 1026 1797 1087 iste
1818 1024 1921 1088 Ro-o

241 1129 331 1193 dulfo
362 1130 492 1213 suisque
523 1127 597 1192 filiis
620 1127 672 1192 vel
700 1127 835 1191 heredes
866 1126 908 1191 ad
930 1138 1022 1212 parte
1045 1127 1181 1212 predicti
1205 1129 1391 1192 monasterii
1415 1138 1549 1192 sanetae
1571 1126 1669 1191 Flore
1691 1126 1744 1190 vel
1769 1136 1885 1191 contra

241 1254 303 1317 que
326 1232 445 1295 exinde
468 1233 668 1312 causaverit,
703 1229 810 1295 dublis
834 1232 899 1293 iam
923 1229 1017 1294 dictis
1040 1232 1125 1293 casis
1149 1238 1181 1293 et
1202 1230 1300 1295 rebus
1324 1253 1386 1315 que
1409 1252 1508 1315 supra
1532 1230 1663 1314 legitur,
1697 1239 1730 1294 et
1750 1231 1886 1315 insuper

240 1356 358 1419 penam
387 1343 556 1417 argentum
586 1332 708 1397 solidos
739 1342 879 1396 eentum.
923 1333 985 1396 His
1015 1336 1098 1397 actis
1126 1342 1159 1397 et
1186 1334 1407 1399 manifestatio
1434 1343 1471 1397 ut
1493 1356 1592 1418 supra
1620 1333 1724 1414 facta,
1758 1343 1884 1398 rectum

240 1459 352 1501 eorum
374 1436 518 1501 iudicum
540 1446 573 1499 et
595 1434 799 1499 auditoribus
822 1436 930 1519 paruit
952 1457 1024 1498 esse
1047 1444 1079 1500 et
1104 1434 1338 1516 iudicaverunt,
1361 1445 1398 1498 ut
1420 1457 1531 1499 eorum
1554 1434 1830 1499 altercationem'
1851 1444 1886 1500 et

241 1539 345 1603 cidem
368 1538 498 1604 Rodulli
522 1539 724 1621 professione
747 1548 780 1600 et
803 1537 1079 1619 manifestatione,
1109 1548 1144 1601 ut
1172 1538 1235 1622 ipsi
1264 1538 1377 1601 Petrus
1407 1536 1510 1602 abbas
1539 1548 1571 1601 et
1597 1536 1753 1602 Amulfus
1782 1537 1884 1602 iudex
1906 1556 1939 1603 ιο

241 1653 381 1707 avocato
405 1665 463 1707 suo
488 1652 519 1704 et
541 1643 644 1726 ipsius
666 1642 856 1705 monasterii
879 1641 944 1703 iam
968 1638 1063 1703 dictis
1086 1641 1173 1703 casis
1196 1650 1229 1703 et
1250 1638 1348 1704 rebus
1371 1661 1433 1725 que
1456 1641 1488 1702 in
1512 1661 1550 1703 eo
1575 1639 1691 1724 legitur
1708 1641 1883 1721 monimen,

241 1747 347 1830 ipsum
370 1746 534 1808 monimen
557 1744 600 1807 ad
622 1754 749 1828 partem
772 1745 873 1827 ipsius
896 1744 1082 1807 monasterii
1105 1742 1203 1807 abere
1226 1752 1258 1806 et
1281 1743 1440 1825 pertinere
1464 1742 1618 1807 deberent
1640 1744 1883 1826 proprietatem,

240 1859 273 1912 et
291 1849 360 1932 ipse
374 1845 536 1911 Rodulfus
555 1868 685 1910 nransre
704 1845 821 1910 exinde
845 1846 943 1909 tacito
969 1854 1000 1909 et
1024 1854 1216 1926 eontento‘3
1241 1854 1272 1910 et
1294 1844 1387 1909 finita
1409 1854 1460 1909 est
1481 1866 1582 1909 eausa
1605 1855 1637 1908 et
1658 1845 1744 1908 hune
1767 1846 1884 1909 notitia

240 1972 299 2032 pro
323 1951 496 2013 securitate
519 1950 731 2034 suprascripti
754 1948 840 2011 Petri
863 1946 967 2012 abbas
990 1948 1059 2011 fieri
1082 1949 1186 2011 iussit.
1226 1946 1365 2027 Quidem
1380 1957 1412 2011 ct
1428 1970 1488 2032 ogo
1506 1947 1712 2013 (lherardum
1735 1950 1883 2013 notarius

241 2062 273 2116 et
294 2053 420 2116 iudexy
445 2051 554 2115 domni
578 2053 783 2136 imperatoris
806 2073 848 2114 ex
871 2051 1013 2114 iussione
1037 2051 1249 2135 suprascripti
1279 2053 1388 2114 comiti
1420 2051 1532 2135 palatii
1561 2073 1617 2115 seu
1646 2051 1788 2116 iudicum
1816 2073 1883 2115 am·
1904 2069 1938 2115 15

241 2156 416 2218 monitione
440 2155 570 2238 scripsi,
599 2176 685 2218 anno
708 2154 834 2237 imperii
858 2153 968 2217 domni
992 2152 1122 2216 Ottonis
1145 2174 1249 2233 nono,
1278 2153 1403 2237 imperii
1427 2155 1504 2216 item
1527 2153 1637 2217 domni
1663 2152 1793 2218 Ottonis
1815 2153 1883 2217 filio

241 2256 385 2320 eiusdem
401 2257 563 2341 propitio²
579 2258 683 2338 tertio,
703 2257 799 2321 tertia
815 2255 866 2319 die
882 2257 996 2319 messis
1012 2255 1199 2320 novembris
1210 2265 1232 2338 ¹,
1249 2255 1425 2320 indictione
1443 2266 1559 2340 quarta
1575 2256 1718 2337 decima,
1736 2257 1882 2321 feliciter.

344 2393 388 2472 (i)
414 2392 569 2458 Otbertus
592 2416 702 2458 comes
726 2391 844 2478 palacii
869 2392 1057 2476 subscripsi.
1147 2393 1191 2473 (i)
1217 2393 1419 2477 Teutpaldus
1442 2392 1542 2456 iudex
1565 2392 1756 2457 domnorum
1783 2395 1882 2478 impe·

240 2504 385 2559 ratorum
412 2496 552 2560 interfui.
654 2495 698 2576 (†)
723 2497 834 2559 Benzo
863 2494 963 2559 iudex
992 2496 1101 2558 sacri²²
1128 2493 1241 2579 palatii
1272 2495 1426 2560 interfuit.
1525 2495 1570 2575 (†)
1595 2496 1755 2561 Aistulfus
1784 2496 1883 2560 iudex

241 2598 434 2662 domnorum
467 2600 698 2682 imperatorum
735 2599 875 2662 interfui.
979 2597 1024 2677 (†)
1055 2597 1281 2683 Giscprandus
1318 2599 1418 2662 iudex
1456 2602 1539 2664 sacri
1578 2599 1690 2684 palatii
1728 2601 1936 2665 interfuit-10

244 2700 290 2781 (†)
315 2699 411 2764 Ebbo
435 2700 534 2765 iudex
557 2701 751 2765 domnorum
774 2704 994 2786 inperatorunr
1017 2701 1157 2766 interfui.
1255 2700 1300 2781 (†)
1324 2699 1456 2764 Bonitio
1486 2701 1585 2764 iudex
1614 2701 1808 2767 domnorum
1835 2704 1881 2766 in·

240 2813 426 2888 paratorum
448 2802 587 2867 interfui.
677 2801 722 2883 (†)
746 2804 906 2869 Martinus
930 2803 1030 2868 iudex
1053 2804 1246 2870 domnorum
1268 2807 1501 2889 imperatorum
1523 2805 1678 2869 interfuit.

1016 3044 1103 3118 101.

248 3196 328 3272 Otto
355 3198 500 3271 verleilrt
525 3196 591 3269 der
615 3196 844 3270 Klabene-rin
872 3198 1159 3296 Hermerporidc
1185 3197 1311 3275 Sclautz
1338 3202 1418 3274 arrd
1443 3202 1509 3275 dns
1536 3202 1644 3277 Reebt
1675 3205 1747 3278 siclt
1778 3205 1883 3277 einen

249 3317 337 3417 Vopt
360 3344 406 3391 zu
431 3319 580 3392 wellen.
1355 3341 1466 3413 Apud
1489 3340 1587 3402 Colle
1610 3347 1670 3403 971
1695 3344 1786 3402 Mera
1808 3349 1837 3403 1.
1900 3357 1934 3403 ro

339 3526 431 3584 Laterii
451 3526 533 3585 dion.
551 3526 615 3584 ecel.
632 3525 834 3595 Florentinae,
857 3528 888 3595 2,
906 3528 990 3585 1380
1006 3524 1069 3603 (A.)
1090 3560 1132 3568 -
1156 3528 1284 3585 Bolimer
1305 3530 1378 3602 lieu.
1402 3534 1475 3589 360.
1499 3564 1541 3571 —
1564 3531 1695 3604 stauos·
1711 3533 1784 3605 Req.
1809 3535 1881 3593 495.

340 3663 407 3721 Dus
429 3663 676 3735 lenrleiqerndsse
697 3662 845 3720 ΡνοίοΙτοΙί
867 3661 931 3718 iered
953 3662 1083 3720 ruebrere
1101 3662 1253 3736 Anlldnqe
1275 3683 1315 3721 an
1338 3665 1392 3724 due
1407 3666 1509 3725 Dictat
1532 3668 1582 3725 des
1606 3669 1644 3727 It.
1661 3669 1699 3727 B.
1723 3671 1883 3742 rerbdruen

342 3764 411 3822 cluss
434 3765 499 3822 dem
522 3764 752 3837 ›zcrclrtblperulen
769 3764 857 3822 Teate
879 3765 943 3821 eine
965 3765 1042 3822 eelite
1063 3766 1204 3824 Urkunde
1221 3785 1261 3825 eu
1281 3770 1404 3828 Grumle
1426 3773 1502 3844 licut.
1538 3774 1616 3831 Ater
1638 3774 1716 3832 diosc
1739 3776 1777 3832 ist
1799 3775 1883 3832 stari·

341 3865 404 3922 tend
428 3868 459 3922 iu
481 3884 514 3923 so
536 3865 792 3939 ciumrtbdmlielrer
814 3866 908 3924 Weise
929 3869 1124 3926 iiberurbeitct
1147 3870 1264 3927 worden
1286 3873 1355 3931 dass
1378 3876 1441 3932 sicli
1459 3875 1506 3933 die
1521 3878 1766 3948 urspribrplielrrn
1785 3878 1882 3936 llreile

341 3967 432 4023 lcum
452 3968 525 4025 tiocli
547 3986 603 4025 cus
625 3968 678 4025 cler
692 3969 841 4041 junqeren
861 3968 1062 4043 Verbrd'munp
1085 3972 1310 4031 lteruussclui'lcn
1328 3975 1433 4033 lusson.
1469 3977 1612 4035 Eineelnc
1628 3981 1787 4037 teulerisclrc
1802 3982 1881 4038 Aus-
1900 3996 1933 4041 30

342 4070 451 4127 drdckc
474 4070 537 4128 utut
559 4071 606 4128 die
628 4070 814 4140 Poent'ormel
837 4070 889 4148 (ru
911 4072 1007 4130 dieser
1028 4075 1083 4146 apl.
1107 4075 1217 4132 Fictor
1239 4076 1307 4134 Ital.
1333 4078 1542 4151 Forseleunpcn
1565 4085 1594 4149 1,
1619 4080 1671 4159 80)
1694 4082 1800 4140 liessea
1820 4083 1882 4140 siclt

342 4173 501 4245 cllerdinus
528 4173 573 4231 ala
601 4177 739 4245 sprtteren
766 4173 1011 4233 Jaa-ruumlerten
1040 4179 1198 4251 cruelebriy
1225 4181 1279 4237 ruit
1308 4180 1524 4239 Bestinrmtbeit
1553 4185 1752 4242 aussclreiden.
1803 4186 1883 4243 noer

340 4276 420 4333 nicht
443 4293 474 4333 so
497 4276 580 4333 leiclrt
603 4275 652 4333 die
679 4277 862 4335 eulrlrcae'cbeu
887 4277 1054 4350 pletelrfulls
1077 4282 1188 4353 jdrzper
1209 4284 1434 4342 crsclreiaemlen
1457 4286 1554 4345 Worte
1576 4288 1640 4344 send
1661 4288 1797 4347 Plrrcsen
1818 4290 1883 4346 iered

341 4381 415 4438 tiocli
443 4381 568 4451 wer-iper
597 4380 690 4451 einiqe
718 4380 774 4436 den
802 4384 1050 4454 ursprr'inpliehen
1077 4384 1316 4458 Gedunlcenpuup
1343 4387 1595 4446 ‹lurclrbreelieade
1623 4389 1686 4447 arrd
1714 4390 1800 4449 selbot
1827 4392 1882 4449 dus

343 4481 551 4540 Verstdadniss
582 4481 794 4539 erselrweremle
823 4484 919 4542 Setae.
964 4485 1028 4542 Der
1049 4485 1238 4558 iiberliefette
1261 4489 1407 4547 Wortluut
1435 4493 1478 4548 sei
1505 4491 1568 4549 ulso
1596 4493 1660 4549 lucr
1681 4494 1879 4551 rcazrrdndert
1898 4512 1932 4561 35

340 4584 527 4656 abycdrucbt,
550 4582 614 4640 iuml
637 4600 665 4641 es
688 4586 731 4641 sei
750 4587 916 4657 qeyeotitber
937 4589 1033 4644 seiae·
1050 4588 1289 4662 Zweicleutiqlreit
1305 4609 1366 4649 rtur
1381 4592 1432 4650 der
1448 4593 1575 4652 Versueb
1588 4597 1721 4666 quaracla
1739 4595 1786 4654 die
1801 4598 1882 4669 obipe

341 4686 570 4760 lrrltultsunqcbe
590 4704 631 4744 eu
652 4688 869 4760 reclrtt'crtiqen.
904 4690 947 4747 Es
969 4690 1076 4748 beneito
1097 4690 1248 4763 ullenfulls
1271 4695 1319 4750 ein
1341 4694 1394 4751 der
1408 4695 1517 4753 Kirclae
1535 4697 1565 4755 S.
1582 4697 1714 4755 Miniuto
1737 4699 1882 4757 ertbeiltcs

340 4788 379 4846 D.
404 4790 568 4861 vorpelepeu
596 4791 689 4847 leuben
718 4790 781 4847 urat
809 4789 914 4861 beleuss
942 4792 1181 4867 Verlaerrlicliunp
1204 4798 1284 4853 etrier
1305 4801 1385 4855 scrut
1408 4800 1441 4855 in
1464 4798 1521 4856 den
1544 4799 1735 4858 Florentiner
1761 4801 1882 4875 Quellea

342 4893 422 4949 nield
448 4893 646 4966 bcyepnerulcn
669 4894 903 4967 Her-memerato
930 4897 1112 4955 uernaeeldet
1140 4898 1258 4955 worden
1286 4901 1357 4957 sein.
1395 4899 1476 4958 Aber
1498 4919 1527 4960 es
1550 4903 1589 4959 ist
1611 4903 1688 4960 aucb
1709 4905 1788 4961 uiolet
1811 4921 1881 4963 ures·

338 4994 517 5065 pesclrlossen
540 4996 609 5055 class
632 4998 712 5053 etrier
727 4997 914 5055 lflcusaeria
936 5000 984 5055 ein
1006 4998 1198 5071 Sclrutrbrics
1215 5002 1381 5074 uusqestellt
1405 5004 1522 5061 worden
1543 5005 1586 5061 sci
1609 5002 1664 5073 silr
1685 5007 1748 5063 flere
1769 5007 1882 5065 Persou
1899 5023 1933 5071 40

341 5097 405 5153 tend
428 5096 483 5167 fiir
504 5100 569 5155 cine
591 5099 639 5155 ilrr
660 5116 724 5156 rom
746 5097 876 5169 Biseleos
893 5102 1090 5172 rupcwieseue
1105 5104 1223 5161 Kirclre.
1259 5106 1289 5163 S.
1305 5106 1445 5175 illimato,
1469 5110 1568 5163 rueret
1585 5108 1714 5164 errcdlmt
1729 5109 1763 5165 in
1778 5109 1880 5165 Mum-

340 5200 445 5257 buclier
465 5201 537 5273 Rey.
554 5202 630 5259 Kar.
645 5206 719 5271 272,
743 5202 826 5260 darm
849 5204 879 5259 in
903 5204 1031 5261 Be'limer
1051 5204 1122 5277 Ray.
1140 5207 1214 5265 Kar.
1232 5210 1326 5277 1285,
1350 5212 1444 5279 1311,
1465 5210 1582 5282 octubrio
1604 5207 1657 5265 der
1679 5210 1881 5280 bisclrblliclieu

324 5382 382 5435 4⁰⁰.
409 5382 437 5448 u)
454 5383 477 5433 A
494 5391 554 5435 etate
572 5388 688 5437 contenti
768 5392 794 5448 v)
814 5404 880 5436 corr.
893 5404 940 5437 aas
957 5391 1030 5455 ipsos
1111 5392 1145 5451 w)
1163 5397 1224 5441 statt
1241 5394 1315 5443 iuxta
1327 5408 1417 5443 eorum
1435 5393 1632 5443 altercationem
1720 5408 1746 5455 x)
1767 5402 1879 5459 conlcto,

409 5455 531 5503 uovebris
549 5454 614 5505 ohne
631 5455 897 5520 nomemqmelm
991 5458 1019 5523 y)
1037 5457 1085 5507 der
1103 5457 1238 5510 Schrader
1254 5460 1416 5511 wiedrrbolte
1432 5461 1565 5512 nocbmcle
1582 5463 1610 5509 iu
1628 5460 1693 5511 edne
1711 5478 1737 5511 es
1754 5482 1785 5513 za
1802 5465 1880 5528 tityon

409 5520 434 5584 z)
453 5538 484 5570 aa
501 5527 624 5586 crudum
647 5524 697 5573 deo
795 5534 821 5585 a)
840 5526 894 5588 aas
905 5525 999 5588 Ram,
1028 5542 1105 5576 aecor
1122 5527 1335 5579 watrahunlat
1360 5531 1514 5581 domnorum
1521 5550 1528 5591 ;
1555 5528 1608 5591 cus
1626 5531 1742 5579 interfuit
1761 5533 1823 5582 oder·
1841 5537 1878 5582 in-
1897 5535 1930 5582 46

409 5590 486 5639 terfui
497 5589 568 5655 selqt
585 5591 642 5642 hier
658 5592 712 5642 aad
729 5594 759 5642 in
774 5592 906 5644 meliro-en
923 5595 970 5645 der
986 5596 1106 5645 usuam
1122 5595 1324 5659 Uaterrehnflon
1335 5600 1377 5649 ein
1389 5596 1532 5650 Sedndrleel
1549 5597 1596 5648 dor
1608 5604 1672 5646 elwa
1689 5600 1753 5648 necle
1773 5605 1801 5650 in
1819 5603 1878 5652 sub-

409 5661 501 5723 scripsi
519 5659 643 5725 aufyelb'rt
660 5662 763 5712 woden
780 5662 880 5713 kbnma
