4298 6414
923 442 1116 501 KONRAD
1139 444 1162 499 I.
1188 439 1259 498 913.

1068 623 1128 700 15.

282 780 422 859 Kourad
444 781 607 880 bestdtipt
629 780 708 854 (ἔθνη
729 779 871 855 Kloster
893 778 1064 879 Hersfeld
1085 778 1143 852 die
1165 778 1387 869 Inernan'ffdt.
1449 818 1563 877 Kassa
1579 820 1642 878 913
1662 817 1804 877 stim„-
1819 821 1869 879 18.

367 989 631 1067 Oripinaldiplom
652 991 696 1050 im
718 991 746 1053 lc.
771 989 982 1050 Stcotsarclie‘v
1002 1006 1043 1048 aa
1067 987 1222 1062 Moriere
1246 986 1310 1067 (A).

363 1127 542 1190 schmincke
568 1126 797 1202 Beschreibaaq
822 1143 882 1186 eon
910 1123 1030 1198 Caesel,
1070 1125 1158 1201 Beyl.
1186 1130 1204 1185 1
1232 1133 1267 1185 a⁰
1290 1130 1309 1186 1
1339 1144 1398 1189 aas
1425 1127 1516 1185 A:
1540 1127 1671 1187 Belitae·
1693 1127 1731 1188 A.
1758 1129 1849 1191 t'onr.
1874 1133 1914 1189 18

260 1249 272 1298 t
363 1239 399 1292 πθ
414 1234 465 1293 14.
490 1267 532 1276 -
554 1232 686 1291 Bdtmer
709 1232 787 1306 Rea.
811 1231 890 1306 Imp.
915 1234 966 1305 13,
990 1233 1066 1310 Rep.
1089 1231 1168 1293 Kor.
1193 1232 1286 1290 tete.

372 1370 573 1433 Gescbrieben
596 1387 655 1430 eon
676 1369 735 1432 SB.
759 1370 839 1430 nach
863 1370 993 1443 concept
1014 1386 1072 1429 eoo
1094 1364 1157 1431 SD.

367 1560 426 1639 (C.)
449 1559 464 1643 l
485 1558 524 1624 In
546 1559 676 1624 nomine
700 1566 834 1623 sanctae
857 1567 889 1622 et
911 1556 1098 1622 individuae
1122 1558 1286 1622 trinitatis.
1309 1554 1548 1623 Choonradusu
1569 1558 1679 1623 divina
1702 1559 1832 1623 favente
1852 1558 1914 1624 cle-

281 1663 385 1728 mentia
406 1684 476 1727 rex.
563 1661 700 1727 Noverit
728 1661 872 1726 omnium
901 1660 1046 1725 fidelium
1075 1670 1259 1725 nostrorum
1288 1661 1508 1746 praesentium
1533 1660 1658 1725 scilicet
1680 1671 1712 1726 et
1735 1662 1915 1726 futurorum

280 1763 464 1848 industrial,
495 1765 635 1851 qualiter
662 1766 779 1831 fratres
808 1763 957 1830 coenobii
988 1767 1091 1829 sancti
1116 1763 1293 1829 Uuicberdi
1317 1788 1391 1829 cum
1414 1766 1555 1831 assiduis
1579 1765 1751 1850 praecibus
1775 1767 1915 1851 patroci-

247 1884 268 1932 ιο
280 1872 354 1937 nium
367 1871 510 1935 inierunt
526 1867 656 1935 Ottonis
678 1867 692 1949 Ε
713 1868 890 1934 venerandi
915 1869 1007 1933 ducis
1030 1870 1081 1931 cui
1099 1866 1299 1953 temporibus
1317 1868 1427 1934 domui
1443 1868 1642 1934 Hludouuici
1658 1871 1745 1954 regis
1762 1869 1916 1934 subdidi·

279 1975 410 2054 luerunt,
444 1995 506 2038 nec
539 1995 605 2038 non
635 1982 668 2037 et
696 1971 860 2038 Hathonis
893 1969 1023 2036 sublimi
1058 1970 1296 2055 archiepiscopi
1329 1980 1427 2056 atquo
1461 1978 1624 2053 nostrum,
1659 1981 1736 2037 tunc
1770 1982 1915 2058 tempore

277 2078 370 2155 ducis,
396 2078 657 2162 supplementum
686 2077 909 2162 quaesierunt,
933 2084 969 2139 ut
990 2075 1111 2139 nostris
1135 2073 1368 2138 interventibus
1391 2074 1480 2159 apud
1502 2097 1611 2160 rogem
1634 2077 1846 2142 immunitas⁰
1867 2080 1914 2144 eis

275 2180 380 2266 regalis
404 2180 654 2260 concederetur,
686 2189 847 2265 quatenus
869 2189 945 2265 post
973 2180 1096 2243 obitum
1126 2177 1265 2263 praefati
1294 2177 1386 2242 ducis
1415 2176 1570 2242 abbatem
1599 2178 1738 2264 eligendi
1769 2182 1852 2247 inter
1880 2205 1915 2246 se

274 2295 299 2349 et
323 2307 441 2349 causas
470 2284 514 2348 ad
542 2284 775 2347 monasterium
803 2283 863 2346 rite
893 2284 1090 2369 pertinentes
1118 2280 1250 2366 regendi
1280 2291 1475 2366 potestatem
1504 2281 1662 2364 habeant,
1690 2283 1777 2369 quod
1800 2284 1913 2351 libenti

240 2390 386 2470 itanimo,
418 2389 495 2474 quia
518 2389 647 2452 animae
669 2396 801 2452 nostrae
824 2388 1007 2471 profectum
1029 2385 1104 2449 inde
1128 2407 1274 2449 creseere
1302 2409 1367 2450 non
1391 2385 1593 2468 dubitamus,
1616 2409 1642 2456 a
1664 2409 1741 2471 rege
1764 2389 1914 2473 impetra-

271 2496 376 2557 vimus
412 2493 507 2557 Nunc
536 2501 645 2556 autem
674 2491 750 2576 quia
778 2491 906 2556 fautore
930 2491 1072 2555 omniurn
1095 2488 1224 2553 Christo
1249 2489 1389 2575 propitio
1413 2490 1504 2573 regni
1528 2489 1749 2573 gubernacula
1773 2494 1914 2576 suscepi-

270 2619 349 2676 mus,
380 2595 539 2661 admoniti
564 2617 684 2678 surnus,
714 2617 788 2659 eum
819 2591 1047 2659 immunitated
1074 2614 1232 2657 concessa
1264 2593 1344 2677 ipsis
1367 2593 1432 2656 iarn
1455 2592 1550 2656 dictis
1573 2592 1728 2658 fratribus
1752 2594 1785 2658 id
1808 2596 1914 2679 ipsum

269 2702 361 2764 nostri
387 2700 514 2785 imperii
537 2700 732 2763 auctoritate
754 2698 922 2763 firmamus
945 2707 977 2763 et
1000 2720 1058 2783 pro
1083 2719 1194 2762 amore
1217 2697 1339 2760 aeterni
1361 2697 1448 2779 regis
1465 2704 1715 2782 sanctorumque
1731 2698 1800 2761 eius
1816 2708 1914 2784 atquo

268 2814 435 2868 aucmento
464 2804 556 2887 regni
585 2803 687 2867 nostri
710 2803 772 2867 hoc
796 2803 842 2867 eis
866 2803 1003 2889 pleniter
1026 2813 1059 2867 et
1081 2801 1271 2867 inconvulse
1294 2801 1510 2865 concedentes
1532 2800 1617 2865 hanc
1640 2802 1740 2866 nostri
1769 2805 1913 2887 precepti

231 2916 254 2961 2⁸⁰
266 2910 334 2975 inde
358 2910 588 2974 auctoritatem
612 2904 773 2971 conscribi
796 2909 1002 2992 precepimus
1025 2915 1057 2970 et
1079 2927 1178 2970 manu
1206 2906 1339 2991 propria
1361 2914 1473 2970 nostra
1497 2926 1569 2968 earn
1592 2904 1793 2970 firmavimus
1816 2916 1914 2992 atque

265 3015 348 3080 anuli
373 3015 477 3079 nostri
501 3015 714 3099 impressione
737 3013 898 3097 assignari
922 3011 1085 3075 iussimus

363 3151 377 3235 }{
401 3150 538 3234 Signum
560 3149 669 3214 domni
694 3148 882 3213 Chuonradi
907 3149 997 3228 (MP.)
1022 3148 1159 3232 piissimi
1182 3144 1316 3231 regis}

363 3253 557 3335 {Salouron
591 3253 806 3317 cancellarius
840 3252 989 3317 adricem
1019 3250 1177 3337 Piligrimi
1212 3248 1465 3334 archicapellani
1501 3251 1691 3333 recognovit
1726 3260 1758 3314 et
1785 3254 1799 3336 ll
1829 3253 1912 3330 (SR.)

1780 3355 1836 3433 (si.
1860 3356 1911 3433 e.)

225 3516 248 3561 ιη’,
364 3496 457 3559 Data.
479 3511 540 3558 ΧΗ.
563 3494 630 3558 kal.
654 3517 734 3559 urar.
758 3517 843 3558 arnro
868 3493 1101 3557 incarnationis
1125 3491 1247 3557 domini
1267 3505 1459 3574 pccccxm,
1482 3492 1659 3556 indictione
1675 3508 1703 3572 1,
1726 3514 1811 3556 anno
1835 3513 1912 3556 vero

263 3600 350 3681 regni
374 3598 487 3663 domni
510 3596 697 3663 Chuonradi
723 3597 918 3662 serenissimi
942 3596 1028 3679 regis
1053 3612 1095 3677 113
1126 3604 1235 3659 actum
1259 3593 1449 3677 Chassalla3
1478 3593 1615 3660 feliciter
1643 3595 1674 3659 in
1704 3594 1755 3659 dei
1782 3595 1912 3659 nomine

264 3723 367 3766 amen.

1059 3854 1117 3929 lli.

263 4010 420 4085 Konrud
444 4011 589 4085 eerleilet
611 4011 723 4111 pleicle
748 4012 870 4085 scineae
897 4010 1131 4108 Vorpc'tnpera
1158 4009 1228 4082 deu
1255 4010 1418 4082 Nemcen
1444 4034 1516 4080 vore
1543 4007 1724 4082 Meecleede
1751 4007 1810 4081 die
1836 4008 1912 4080 lm-

223 4149 249 4200 ³e
263 4133 417 4206 munitet
443 4131 522 4205 ried
547 4131 612 4205 dus
640 4131 850 4206 Welvlrcclet.
1433 4165 1546 4227 Kassa
1569 4169 1632 4227 913
1655 4166 1795 4227 pegma,
1818 4166 1869 4227 13·

365 4339 626 4414 Oripinoldiplom
648 4342 691 4400 im
713 4342 741 4399 lc.
767 4338 978 4400 Stcatsarcbie
999 4357 1040 4398 eu
1063 4340 1207 4399 Mitnster
1232 4339 1296 4418 (A).

363 4479 523 4552 Stonpesol
545 4478 628 4541 Aac.
649 4479 781 4553 Westpb.
806 4483 836 4550 2,
861 4481 923 4538 172
945 4495 1004 4538 aus
1020 4479 1058 4551 Α,
1081 4478 1135 4536 mit
1156 4488 1216 4537 ΧΗ,
1240 4479 1279 4541 id.
1303 4481 1447 4539 mart:
1470 4478 1601 4540 Scitotea
1619 4478 1702 4539 Aere.
1720 4477 1848 4539 Pedere.
1865 4477 1911 4538 ed.

363 4589 387 4650 I,
411 4587 440 4653 1,
464 4573 536 4653 244,
561 4607 602 4637 =
625 4581 1073 4643 Kucteeeecterneal.11ass.
1090 4585 1119 4653 4,
1137 4584 1208 4653 258,
1233 4606 1273 4636 =
1296 4581 1554 4653 siccaneae,
1579 4586 1607 4653 1,
1634 4584 1705 4646 165,
1723 4616 1764 4625 -
1780 4581 1912 4642 Seibertr

366 4686 471 4758 Wests.
499 4685 560 4745 UB.
585 4690 613 4757 1,
637 4689 656 4746 6
679 4692 714 4745 πθ
736 4687 756 4746 5
784 4704 843 4746 orte
864 4686 892 4742 A
917 4708 956 4738 =
979 4686 1112 4745 Bebrrter
1134 4688 1173 4750 Α.
1199 4684 1289 4747 Coar.
1314 4687 1355 4748 19
1378 4694 1413 4746 πθ
1435 4688 1487 4748 15.
1510 4719 1552 4731 -
1574 4686 1705 4746 Behmer
1727 4688 1802 4761 Rae.
1831 4687 1910 4760 Imp.

224 4801 252 4850 s
368 4792 418 4861 14,
441 4790 516 4865 ree.
539 4790 616 4849 Kar.
642 4792 734 4850 1246.

371 4927 569 4988 Geeclrrieben
592 4944 650 4986 eoa
673 4927 732 4989 SB.
755 4928 835 4987 nach
859 4923 989 5001 eoncept
1010 4944 1068 4987 eon
1092 4929 1154 4989 SD.

368 5098 425 5178 (C.)
448 5099 463 5168 a*
484 5097 522 5162 In
545 5099 675 5162 nomine
699 5105 833 5162 sanctae
856 5105 889 5160 et
911 5096 1099 5161 individuae
1123 5099 1287 5163 trinitatis.
1320 5097 1540 5164 Ohunradus*
1562 5098 1672 5164 divina
1696 5098 1826 5162 favente
1849 5097 1911 5162 cle-

268 5201 385 5264 mentia
406 5223 475 5265 rex.
562 5201 699 5266 Noverit
729 5202 871 5265 omnium
894 5198 1038 5264 fidelium
1068 5211 1252 5267 nostrorum
1276 5203 1495 5287 praesentium
1526 5201 1649 5267 scilicet
1672 5210 1704 5265 et
1730 5201 1911 5265 futurorum

269 5302 433 5387 industria,
456 5304 595 5390 qualiter
616 5301 630 5384 ξ
651 5329 711 5370 nos
735 5304 845 5370 divino
869 5305 1086 5370 adrnoninitit
1111 5308 1266 5371 instinctu
1288 5328 1347 5392 pro
1371 5315 1523 5371 aeternae
1539 5306 1810 5370 remunerationis
1826 5327 1911 5369 corn-

223 5421 254 5469 4e
269 5409 385 5472 mercio
408 5409 601 5493 cogitantes,
624 5410 767 5474 maxime
791 5409 831 5474 de
851 5410 1057 5474 monasteriis
1072 5408 1114 5476 ab
1131 5409 1393 5475 antecessoribus
1408 5410 1528 5474 nostris
1544 5409 1739 5490 constitutis,
1762 5417 1798 5471 ut
1814 5409 1912 5472 etiarn

371 5579 406 5633 15.
435 5579 529 5648 [l'oltz]
610 5579 679 5643 alil
757 5582 1029 5644 minurientem
1045 5581 1291 5649 nichteerldnqcrten
1312 5580 1476 5632 Buclutalen
1499 5581 1560 5631 dher
1576 5580 1625 5631 dar
1641 5581 1710 5634 Zeila
1726 5580 1912 5647 rwchyetropen

390 5686 393 5691 -
435 5653 461 5712 c)
479 5666 545 5701 corr.
562 5667 610 5701 osce
627 5653 777 5703 immanitas
863 5652 891 5714 d)
909 5667 975 5704 corr.
993 5667 1040 5702 coe
1057 5653 1230 5703 inmonitate.

370 5740 409 5796 tc.
436 5743 530 5812 [sua]
616 5747 644 5814 a)
662 5743 693 5797 s.
