4500 6420
1011 457 1136 515 ΟΤΤΟ
1158 461 1182 514 1.
1206 456 1278 515 962.
1903 453 1967 517 329

321 657 437 706 omnium
459 655 576 706 fidelium
599 650 730 706 sanctae⁸
752 657 794 706 dei
817 655 944 706 ecclesiae
966 662 1169 720 nostrorumque
1190 657 1352 721 presentium
1375 672 1406 706 ac
1428 656 1576 707 futurorum
1599 657 1731 706 industria
1752 659 1864 720 noverit,
1887 659 1967 708 abba·

320 766 373 810 tem
396 766 423 811 et
444 760 587 810 monachos
609 762 637 809 in
660 762 788 811 coenobio
811 761 909 809 domini
933 766 959 809 et
980 759 1120 808 salvatoris
1142 761 1225 809 nostri
1248 761 1309 809 Iesu
1326 760 1423 810 Christi
1446 761 1589 812 militantes
1611 763 1639 810 in
1662 770 1750 813 monte
1765 763 1868 813 llmiate
1889 764 1967 812 nobis

320 864 517 914 lacrimabiliter
542 864 697 928 protulisse,
731 864 801 929 quod
824 863 901 912 samis
923 878 954 912 ac
976 861 1104 911 nuditatis
1127 861 1274 927 indigentia
1296 863 1393 914 ibidem
1417 865 1466 914 dee
1489 867 1587 914 servire
1609 880 1662 914 non
1685 871 1806 930 possent,
1841 882 1872 916 eo
1894 866 1967 931 quod

319 972 405 1017 cortes
427 972 454 1016 et
476 966 542 1032 cellq
563 983 616 1033 que
638 982 653 1015 a
675 967 872 1030 precessoribus
894 983 910 1014 a
932 966 966 1015 ad
989 970 1121 1029 sumptum
1145 981 1236 1015 eorum
1258 967 1362 1017 conlate
1384 974 1459 1029 sunt,
1489 983 1505 1017 a
1528 970 1617 1032 pravis
1639 969 1751 1019 inissent
1773 969 1897 1035 dishactq
1919 968 1964 1019 ho·

286 1069 443 1120 bminibus.
487 1071 543 1120 Noe
565 1071 670 1135 quidem
693 1087 740 1135 pro
763 1072 805 1120 dei
828 1086 917 1139 amere
940 1071 1139 1135 animarumque
1160 1075 1309 1120 nostrarum
1337 1072 1467 1133 remedio,
1501 1073 1626 1136 quoniam
1655 1072 1723 1122 idem
1752 1074 1909 1122 coenobium
1937 1073 1964 1120 in

319 1180 434 1224 nostram
459 1174 601 1224 devenerat
622 1179 779 1238 potestatem
802 1190 833 1224 ac
856 1175 1057 1238 proprietatem,
1092 1189 1134 1223 res
1157 1178 1183 1223 et
1205 1174 1297 1238 predia
1319 1190 1370 1240 que
1393 1190 1409 1223 a
1434 1176 1531 1223 nostrie
1553 1175 1750 1240 precessoribus
1778 1174 1875 1224 collata
1903 1182 1965 1224 sunt

319 1284 345 1327 et
367 1277 520 1327 confirmata
543 1293 574 1327 ac
597 1278 780 1337 corroborata,
814 1276 968 1326 confirmare
992 1282 1018 1326 et
1041 1278 1211 1327 corroborare
1234 1277 1384 1327 studuimus
1407 1284 1433 1327 et
1455 1278 1488 1328 de
1510 1261 1632 1327 nostrisb
1661 1280 1726 1327 iuris
1754 1280 1914 1343 proprietate
1936 1279 1963 1326 in

318 1381 505 1429 monachornm
529 1386 660 1444 sumptum
684 1385 769 1430 cortes
792 1385 818 1429 et
840 1380 921 1429 cellas
944 1381 1117 1439 contulimus,
1152 1382 1277 1446 quatinus
1307 1381 1398 1431 sedulo
1428 1382 1560 1431 orationes
1585 1398 1633 1446 pro
1657 1383 1733 1431 niihis
1762 1368 1964 1451 coningeque

317 1479 430 1532 nostra
453 1468 634 1533 Adelheida
656 1468 789 1554 filioque
813 1479 923 1533 nostro
947 1491 1022 1553 rege
1047 1469 1191 1534 01101111ο
1218 1485 1316 1535 ibidem
1345 1485 1379 1534 ad
1406 1485 1540 1534 dominum
1568 1485 1723 1550 dirigantur.
1767 1485 1851 1550 Igitur
1880 1489 1965 1534 certos

268 1594 300 1639 10
318 1594 349 1638 et
366 1588 446 1637 cellas
468 1590 607 1638 aimaricia
630 1596 656 1638 et
677 1596 761 1638 sortes
783 1589 962 1653 familiamque
985 1590 1123 1653 utriusque
1146 1604 1224 1638 sexus
1246 1603 1298 1653 quq
1320 1593 1430 1637 actenus
1452 1594 1594 1638 tennerunt
1616 1590 1757 1653 omniaque
1779 1594 1903 1652 precepta
1930 1588 1964 1636 ab

317 1693 528 1741 antecessoribus
551 1693 647 1742 nostrie
671 1692 776 1741 conlata
800 1694 940 1757 omniaque
962 1694 1136 1742 instrumenta
1166 1690 1350 1741 confirmamus
1379 1692 1544 1756 pleniterque
1573 1673 1799 1742 corroboramusd
1828 1696 1868 1751 et,
1902 1706 1965 1755 quo·

317 1797 386 1845 niam
409 1794 541 1859 prefatum
563 1796 720 1845 coenobium
743 1797 769 1844 in
792 1802 908 1844 nostram
931 1795 1038 1845 devenit
1059 1800 1216 1860 potestatem
1239 1799 1265 1845 et
1287 1797 1481 1859 proprietatem,
1505 1801 1531 1845 et
1553 1812 1604 1861 quq
1627 1789 1666 1845 a⁰
1688 1797 1777 1860 pravis
1796 1794 1886 1845 ablata
1904 1799 1965 1843 sunt

316 1899 467 1948 hominibus
490 1905 515 1948 et
538 1899 591 1948 alia
612 1900 709 1964 quibus
732 1899 903 1964 indigentiam
927 1899 1032 1963 explere
1054 1899 1174 1961 valeant,
1209 1900 1236 1946 in
1266 1914 1342 1947 risum
1370 1898 1480 1948 fratrum
1511 1915 1557 1963 per
1584 1900 1636 1949 hoc
1663 1904 1781 1949 nostrum
1811 1904 1964 1962 preceptum

317 2002 485 2052 coricedimus
515 2002 643 2051 donamus
672 2001 759 2066 adque
785 2002 911 2065 largimus
924 1985 941 2063 ¹,
975 2003 1098 2053 videlicet
1121 2001 1214 2051 cellam
1237 2017 1253 2048 a
1275 2002 1426 2063 Benedicti,
1461 2008 1558 2052 cortem
1582 2002 1614 2052 de
1636 2002 1730 2063 Palea,
1764 2001 1857 2051 cellam
1880 2002 1963 2051 sancti

266 2107 298 2153 15
316 2104 443 2169 Stephani
466 2106 493 2152 in
517 2105 643 2154 Monticlo
668 2112 694 2154 et
716 2105 809 2154 cellam
832 2112 939 2155 sanctae
963 2107 1045 2170 llario,¹
1067 2107 1095 2154 in
1118 2104 1244 2154 Lainnlas
1267 2111 1343 2153 eum
1359 2092 1426 2153 suis
1442 2091 1643 2174 pertinentiis
1656 2099 1679 2171 ⁸,
1703 2110 1801 2155 cortem
1817 2105 1849 2154 de
1864 2106 1963 2154 Mustia

315 2215 341 2259 et
369 2190 556 2258 corticellamll
585 2209 617 2258 de
645 2209 770 2258 Titinano
800 2216 826 2258 et
854 2211 881 2258 in
909 2209 981 2258 Cerri
1011 2209 1158 2274 angariales
1182 2213 1208 2257 ct
1230 2207 1391 2257 curticellam
1416 2208 1443 2255 in
1465 2208 1613 2256 Fereniano
1636 2223 1685 2255 nec
1706 2223 1760 2255 non
1782 2212 1809 2255 et
1831 2205 1924 2256 cellam
1947 2223 1963 2254 a

315 2313 460 2361 salvatoris
488 2314 515 2361 in
538 2295 756 2381 Uibugnanoi
784 2318 810 2361 et
840 2312 1000 2362 corticellam
1024 2313 1056 2361 de
1079 2311 1190 2361 Cuniclo
1220 2327 1279 2360 curn
1309 2312 1367 2374 ipso
1397 2311 1482 2359 calolo
1506 2310 1538 2359 de
1563 2310 1688 2359 Portiano
1712 2316 1738 2358 et
1761 2309 1855 2359 cellam
1877 2312 1960 2358 saricti

314 2416 441 2478 Stephani
464 2416 490 2463 in
513 2415 646 2479 'l'erqnino
669 2430 717 2464 seu
740 2417 819 2464 ctiam
842 2415 934 2464 cellam
958 2417 1041 2463 sancti
1066 2414 1157 2464 Seueri
1180 2430 1259 2478 snper
1281 2414 1367 2463 lacurn
1387 2430 1445 2463 (nim
1469 2415 1527 2477 ipsa
1549 2413 1684 2463 corticella
1706 2413 1738 2462 de
1761 2413 1887 2473 Bisontio,
1911 2412 1961 2461 cel-

314 2518 366 2567 lam
390 2519 467 2567 etiarn
491 2519 575 2566 sancti
598 2519 702 2566 bliniati
725 2525 784 2566 nee
808 2514 840 2565 et
862 2502 977 2566 celiam
1002 2504 1105 2566 sancti
1123 2503 1208 2565 Petri
1225 2503 1258 2564 in
1275 2498 1488 2565 Garmarita*
1511 2523 1536 2565 et
1559 2508 1670 2576 ccillam]
1694 2522 1784 2581 sancte
1806 2517 1906 2565 Mariae
1929 2515 1961 2564 de

261 2621 295 2667 ‘20
313 2622 457 2671 Ualeriano
481 2637 539 2670 crim
564 2622 627 2685 ipsis
651 2622 729 2671 rebus
752 2621 784 2670 de
808 2621 957 2671 Corticinne
981 2638 1040 2671 cuin
1064 2622 1186 2670 oiniiibus
1210 2621 1365 2670 adiacentiis
1388 2628 1415 2669 et
1440 2620 1604 2683 pertinentiis
1627 2634 1716 2667 eartnn
1739 2624 1819 2682 atique
1842 2599 1964 2683 cortemf

313 2731 403 2790 sancte
424 2726 509 2789 blariq
532 2724 565 2773 ad
588 2724 681 2774 Offena
703 2730 729 2773 et
751 2724 912 2773 corticellam
935 2727 1018 2773 sancti
1043 2724 1172 2773 Simeonis
1202 2731 1228 2774 et
1257 2731 1377 2773 sanctuni
1407 2723 1513 2772 Petrum
1543 2724 1570 2771 in
1599 2722 1725 2772 Ceruaria
1753 2737 1813 2771 eum
1839 2722 1961 2771 omnibus

313 2831 392 2880 relius
415 2835 441 2878 et
463 2829 569 2877 laniiliis
592 2829 626 2878 ad
649 2844 693 2877 eas
720 2829 747 2876 in
775 2829 905 2891 integrum
935 2828 1128 2891 pertinentibus
1157 2828 1198 2877 vel
1230 2827 1447 2890 respicientilius;
1481 2825 1594 2890 donique
1623 2825 1701 2874 ctiam
1731 2824 1899 2874 concedimus
1927 2824 1960 2872 ad

312 2933 458 2997 predictum
483 2933 640 2981 coenobium
663 2933 751 2981 omnia
774 2931 874 2981 decima
897 2932 953 2979 frea
976 2938 1002 2979 et
1024 2930 1163 2979 iudiciaria
1185 2938 1210 2979 ct
1233 2947 1336 2979 omnern
1360 2930 1568 2994 conpositionem
1593 2935 1619 2979 ct
1641 2929 1809 2977 exibitionem
1826 2927 1959 2992 publicani

311 3052 344 3085 cx
367 3037 489 3084 omnibus
511 3035 679 3084 nannentibus
702 3034 812 3099 predicti
836 3035 985 3082 moriasterii
1010 3034 1044 3082 ob
1068 3034 1210 3082 remedium
1233 3035 1380 3083 animarum
1403 3039 1551 3081 nostrarum
1574 3049 1590 3079 s
1613 3033 1640 3079 in
1663 3047 1739 3079 iisnm
1762 3032 1959 3095 peregrinorum

260 3143 292 3189 25
312 3138 346 3187 ad
368 3144 469 3201 portam
493 3139 644 3187 monasterii
667 3137 845 3186 clamantium.
885 3138 1055 3200 Preccpimus
1077 3137 1156 3185 etiam
1179 3144 1205 3186 et
1228 3138 1368 3186 statuimus
1391 3144 1421 3185 nt
1443 3136 1567 3200 deinceps
1590 3137 1617 3183 in
1640 3134 1758 3183 futurum
1781 3134 1846 3183 liaec
1869 3140 1960 3182 nostra

311 3241 474 3290 confirmatio
498 3248 577 3305 atque
600 3241 707 3291 ‹lonatio
731 3256 747 3289 a
769 3241 880 3304 posteris
903 3241 999 3289 nostris
1021 3240 1178 3289 inconvulsa
1201 3248 1305 3290 maneat
1328 3246 1354 3288 et
1376 3239 1502 3301 inlibata,
1533 3244 1559 3288 et
1588 3242 1618 3287 ut
1645 3237 1735 3286 nullus
1765 3237 1819 3284 dux
1842 3237 1958 3285 marchio

311 3337 417 3404 clornlcs
439 3362 455 3392 11
477 3354 523 3394 urit
546 3345 600 3393 ulla
624 3346 698 3409 regni
722 3345 803 3393 niistri
827 3358 922 3407 magna
944 3359 1078 3408 parvaque
1101 3359 1214 3408 persona
1236 3345 1263 3391 in
1287 3343 1378 3392 domos
1400 3341 1442 3390 vel
1466 3357 1507 3390 res
1529 3342 1640 3405 predicti
1664 3341 1785 3390 coenobii
1804 3339 1957 3388 violentiam

310 3448 405 3496 inserat
433 3457 480 3496 aut
508 3447 621 3497 famulos
648 3447 782 3512 flagellare
811 3448 854 3497 vel
883 3448 1020 3512 angariare
1048 3454 1182 3512 presumat
1210 3462 1295 3511 neque
1324 3446 1356 3494 de
1386 3444 1511 3510 predictis
1539 3446 1618 3494 rebus
1648 3444 1730 3493 ullam
1756 3443 1958 3492 minorationem

310 3552 396 3600 faeere
420 3556 530 3615 satagat,
555 3551 600 3600 sed
622 3550 702 3600 liceat
724 3552 847 3600 abbatem
870 3556 1040 3614 satietarnqne
1063 3553 1292 3616 congregationem
1316 3549 1447 3613 predictas
1469 3554 1555 3597 cortes
1578 3554 1604 3598 et
1626 3548 1706 3597 cellae
1729 3563 1788 3597 curn
1810 3561 1901 3596 earum
1918 3548 1957 3595 in-

259 3657 292 3703 30
310 3656 478 3717 tegritatilius
501 3662 590 3703 tenere
612 3655 729 3702 omnium
753 3653 934 3718 inquietudine
957 3659 1064 3703 remota.
1104 3652 1131 3701 Si
1155 3655 1214 3717 quis
1236 3671 1252 3701 a
1275 3654 1324 3701 hoe
1348 3660 1465 3701 iiostruni
1488 3658 1640 3716 preceptum
1663 3652 1763 3701 violare
1782 3651 1956 3715 temptaverit,

309 3775 325 3805 11
341 3739 387 3805 sel
410 3758 609 3821 tnnlpusiinrtlm
631 3758 688 3806 auri
713 3757 805 3821 optiini
828 3757 909 3805 libras
932 3762 1046 3817 centum,
1069 3755 1235 3805 medietatem
1259 3757 1365 3822 kamere
1387 3761 1476 3821 heistre
1499 3760 1525 3805 et
1547 3754 1713 3805 medietatem
1737 3760 1827 3820 sancte
1848 3770 1955 3819 congre-

308 3862 413 3923 gacioni
437 3859 546 3925 prqdicti
570 3861 699 3909 coenobii.
736 3859 815 3921 Qiiod
838 3864 867 3908 nt
889 3859 977 3908 verius
1000 3858 1122 3908 credatur
1145 3865 1172 3908 et
1194 3859 1347 3925 diligentius
1370 3861 1541 3921 observetur,
1575 3859 1698 3908 manibus
1726 3859 1839 3924 propriis
1870 3874 1956 3907 corro-

309 3965 432 4013 borantes
455 3963 527 4012 cartidi
551 3965 633 4011 nostri
656 3964 819 4027 inpressione
842 3964 933 4013 subter
956 3965 1080 4013 iussimus
1103 3965 1232 4029 insigniri.

411 4100 425 4182 ξ
447 4100 582 4185 Signum
606 4101 716 4166 domni
741 4101 870 4167 Ottonis
894 4105 1096 4167 invictissimi
1120 4103 1324 4186 imperatoris
1346 4101 1360 4181 {l
1384 4101 1448 4181 (Μ.)

412 4219 425 4301 }{
449 4221 613 4286 Liutnlfus
630 4222 845 4287 cancellarius
861 4223 1010 4288 adviccm
1023 4224 1186 4287 Brunonis
1203 4220 1478 4306 archicappellani
1495 4223 1670 4305 recognovi
1687 4231 1718 4284 ct
1735 4220 1922 4304 subscripsi.
1940 4219 1954 4299 ἃ

1721 4327 1803 4404 (SR.)
1827 4326 1884 4405 (SI.
1901 4326 1951 4402 D.)

411 4462 500 4524 Data
524 4480 610 4526 vnn.
634 4463 701 4527 kal.
725 4486 804 4527 mar.
828 4486 914 4528 anno
938 4463 1120 4527 dominicae
1142 4464 1375 4528 incarnationis
1399 4478 1593 4544 nccccnxn,
1618 4461 1793 4526 indictione
1811 4479 1842 4543 v,
1866 4482 1951 4524 anno

308 4567 396 4647 regni
421 4567 614 4629 serenissimi
638 4569 722 4650 regis
747 4564 878 4630 Ottonis
902 4584 1011 4648 xxvn,
1035 4567 1161 4651 imperii
1185 4567 1306 4650 prim03
1332 4575 1440 4629 actum
1456 4565 1614 4648 Rigian03
1636 4567 1670 4628 in
1687 4562 1805 4629 Christi
1823 4566 1951 4628 nominc

308 4669 444 4733 feliciter
468 4691 573 4732 amen.

257 4865 289 4910 411
394 4854 452 4908 237.
481 4854 651 4923 [Lascliitzer]
755 4862 781 4918 a)
800 4875 861 4908 scae
885 4858 950 4908 ohne
974 4856 1241 4923 acaemetensium
1343 4862 1370 4917 b)
1390 4859 1425 4920 A,
1453 4861 1535 4909 nostri
1558 4859 1612 4909 VU.
1722 4859 1747 4918 c)
1765 4872 1815 4907 oea
1837 4861 1953 4921 cpltterer·

478 4926 559 4975 Hand
583 4929 611 4975 ia
633 4926 735 4976 Octonc
758 4927 914 4977 emeandelt
1017 4928 1045 4987 d)
1064 4945 1092 4977 ro
1115 4928 1177 4977 liber
1201 4926 1248 4976 der
1266 4927 1335 4976 Zeila
1356 4928 1543 4993 coelipetrapea
1646 4928 1670 4991 e)
1689 4943 1706 4978 a
1728 4925 1791 4976 iiber
1813 4925 1860 4976 der·
1882 4925 1952 4976 zoile

479 4994 664 5059 ricchpetrapcn
768 4996 828 5053 tJA
938 4999 964 5062 g)
985 5012 1035 5046 oon
1059 4996 1113 5047 La.
1137 4998 1191 5058 auf
1207 4996 1295 5047 linear
1315 4996 1477 5060 puchrieben
1578 4996 1606 5055 h)
1630 5012 1695 5045 corr.
1719 5012 1766 5045 arce
1791 4995 1951 5045 curticellam

479 5067 497 5119 i)
517 5081 545 5111 so
562 5081 611 5114 coa
628 5069 745 5127 spiiterer
763 5064 856 5122 Hand,
886 5082 914 5113 eo
939 5065 1000 5114 dces
1022 5063 1070 5114 der
1092 5064 1302 5129 arapriinplr'eltc,
1330 5065 1406 5115 tbcila
1429 5064 1574 5115 armcdirte
1596 5065 1651 5115 aad
1672 5064 1748 5114 theth
1770 5065 1816 5112 mn
1835 5062 1952 5125 friarder

481 5132 553 5181 'l‘inte
570 5134 721 5196 dlmopene
741 5133 822 5183 Nonae
839 5132 910 5183 nicht
927 5133 1000 5183 nicar
1017 5150 1047 5182 cu
1065 5133 1197 5199 onaeffl'cm
1215 5135 1248 5184 et
1329 5135 1356 5195 k)
1376 5135 1438 5185 oder
1450 5135 1606 5185 Garmarina
1692 5134 1710 5197 l)
1726 5133 1793 5182 noch
1811 5131 1865 5183 VtJ.
1884 5135 1951 5183 sciat

478 5218 507 5249 en
526 5206 656 5266 erpdnzen.

358 5822 542 5863 Kaisernrkunden
558 5824 574 5863 l.
