<?xml version="1.0" encoding="UTF-8"?>
<!DOCTYPE html PUBLIC "-//W3C//DTD XHTML 1.0 Transitional//EN"
    "http://www.w3.org/TR/xhtml1/DTD/xhtml1-transitional.dtd">
<html xmlns="http://www.w3.org/1999/xhtml" xml:lang="en" lang="en">
 <head>
  <title>
</title>
<meta http-equiv="Content-Type" content="text/html;charset=utf-8" />
  <meta name='ocr-system' content='tesseract 3.04.00' />
  <meta name='ocr-capabilities' content='ocr_page ocr_carea ocr_par ocr_line ocrx_word'/>
</head>
<body>
  <div class='ocr_page' id='page_1' title='image "./conradiiheinric00ottogoog_0442.png"; bbox 0 0 4500 6420; ppageno 0'>
   <div class='ocr_carea' id='block_1_1' title="bbox 913 438 1365 497">
    <p class='ocr_par' dir='ltr' id='par_1_1' title="bbox 913 438 1365 497">
     <span class='ocr_line' id='line_1_1' title="bbox 913 438 1365 497; baseline 0 -3"><span class='ocrx_word' id='word_1_1' title='bbox 913 438 1365 497; x_wconf 85' lang='lat' dir='ltr'><strong>KAISERURKUNDEN.</strong></span> 
     </span>
    </p>
   </div>
   <div class='ocr_carea' id='block_1_2' title="bbox 391 619 1934 902">
    <p class='ocr_par' dir='ltr' id='par_1_2' title="bbox 391 619 1934 902">
     <span class='ocr_line' id='line_1_2' title="bbox 391 619 1934 699; baseline -0.003 -13"><span class='ocrx_word' id='word_1_2' title='bbox 391 629 474 699; x_wconf 69' lang='lat' dir='ltr'><strong>oure.</strong></span> <span class='ocrx_word' id='word_1_3' title='bbox 500 626 544 685; x_wconf 87' lang='lat' dir='ltr'><strong>ed.</strong></span> <span class='ocrx_word' id='word_1_4' title='bbox 569 632 587 684; x_wconf 87' lang='lat'><em>1</em></span> <span class='ocrx_word' id='word_1_5' title='bbox 592 670 599 695; x_wconf 87' lang='lat'><strong>,</strong></span> <span class='ocrx_word' id='word_1_6' title='bbox 624 625 664 684; x_wconf 80' lang='grc'><strong>15</strong></span> <span class='ocrx_word' id='word_1_7' title='bbox 693 622 913 695; x_wconf 76' lang='lat' dir='ltr'><strong>narollstttadr&#39;p</strong></span> <span class='ocrx_word' id='word_1_8' title='bbox 942 639 998 680; x_wconf 81' lang='lat' dir='ltr'><strong>aas</strong></span> <span class='ocrx_word' id='word_1_9' title='bbox 1026 620 1094 681; x_wconf 83' lang='lat' dir='ltr'><strong>Ms.</strong></span> <span class='ocrx_word' id='word_1_10' title='bbox 1124 620 1175 679; x_wconf 83' lang='lat' dir='ltr'><strong>des</strong></span> <span class='ocrx_word' id='word_1_11' title='bbox 1198 619 1333 680; x_wconf 79' lang='lat' dir='ltr'><strong>olearias</strong></span> <span class='ocrx_word' id='word_1_12' title='bbox 1357 646 1396 674; x_wconf 92' lang='lat'><strong><em>=</em></strong></span> <span class='ocrx_word' id='word_1_13' title='bbox 1422 621 1465 680; x_wconf 88' lang='lat' dir='ltr'><strong>ed.</strong></span> <span class='ocrx_word' id='word_1_14' title='bbox 1485 627 1533 692; x_wconf 85' lang='lat'><strong>11,</strong></span> <span class='ocrx_word' id='word_1_15' title='bbox 1557 624 1598 682; x_wconf 80' lang='lat'><strong>34</strong></span> <span class='ocrx_word' id='word_1_16' title='bbox 1623 644 1664 676; x_wconf 94' lang='lat'><strong><em>=</em></strong></span> <span class='ocrx_word' id='word_1_17' title='bbox 1688 619 1871 697; x_wconf 74' lang='lat' dir='ltr'><strong>Saptttarias</strong></span> <span class='ocrx_word' id='word_1_18' title='bbox 1899 624 1934 681; x_wconf 80' lang='lat' dir='ltr'><strong>in</strong></span> 
     </span>
     <span class='ocr_line' id='line_1_3' title="bbox 391 723 1931 806; baseline -0.004 -15"><span class='ocrx_word' id='word_1_19' title='bbox 391 730 896 806; x_wconf 75' lang='lat' dir='ltr'><strong>Bopserrdllp.Maparirr1,100.</strong></span> <span class='ocrx_word' id='word_1_20' title='bbox 920 761 962 770; x_wconf 82' lang='lat'>-</span> <span class='ocrx_word' id='word_1_21' title='bbox 985 723 1389 786; x_wconf 60' lang='lat' dir='ltr'><strong>arremarensem.</strong></span> <span class='ocrx_word' id='word_1_22' title='bbox 1414 729 1444 795; x_wconf 89' lang='lat'><strong>1,</strong></span> <span class='ocrx_word' id='word_1_23' title='bbox 1466 727 1506 784; x_wconf 85' lang='lat'><strong>31</strong></span> <span class='ocrx_word' id='word_1_24' title='bbox 1531 730 1566 782; x_wconf 81' lang='lat' dir='ltr'><strong>rr⁰</strong></span> <span class='ocrx_word' id='word_1_25' title='bbox 1581 727 1622 784; x_wconf 79' lang='lat'><strong>40</strong></span> <span class='ocrx_word' id='word_1_26' title='bbox 1644 742 1702 784; x_wconf 80' lang='lat' dir='ltr'><strong>aaa</strong></span> <span class='ocrx_word' id='word_1_27' title='bbox 1720 725 1756 783; x_wconf 78' lang='lat' dir='ltr'><strong>A.</strong></span> <span class='ocrx_word' id='word_1_28' title='bbox 1780 758 1822 769; x_wconf 88' lang='lat'>-</span> <span class='ocrx_word' id='word_1_29' title='bbox 1843 725 1931 785; x_wconf 77' lang='lat' dir='ltr'><strong>Face.</strong></span> 
     </span>
     <span class='ocr_line' id='line_1_4' title="bbox 392 825 1761 902; baseline -0.004 -8"><span class='ocrx_word' id='word_1_30' title='bbox 392 839 424 894; x_wconf 57' lang='grc' dir='ltr'><strong>εἴη</strong></span> <span class='ocrx_word' id='word_1_31' title='bbox 446 834 585 893; x_wconf 80' lang='lat' dir='ltr'><strong>Berliner</strong></span> <span class='ocrx_word' id='word_1_32' title='bbox 608 832 723 892; x_wconf 72' lang='lat' dir='ltr'><strong>Attila.</strong></span> <span class='ocrx_word' id='word_1_33' title='bbox 747 836 777 902; x_wconf 86' lang='lat'><strong>3,</strong></span> <span class='ocrx_word' id='word_1_34' title='bbox 805 829 872 902; x_wconf 80' lang='lat' dir='ltr'><strong>Tus.</strong></span> <span class='ocrx_word' id='word_1_35' title='bbox 895 833 948 890; x_wconf 84' lang='grc'><strong>28.</strong></span> <span class='ocrx_word' id='word_1_36' title='bbox 972 863 1016 871; x_wconf 90' lang='lat'><em>-</em></span> <span class='ocrx_word' id='word_1_37' title='bbox 1037 830 1166 888; x_wconf 75' lang='lat' dir='ltr'><strong>Borma</strong></span> <span class='ocrx_word' id='word_1_38' title='bbox 1186 830 1259 902; x_wconf 67' lang='lat' dir='ltr'><strong>Rea.</strong></span> <span class='ocrx_word' id='word_1_39' title='bbox 1282 831 1356 889; x_wconf 85' lang='grc'><strong>297.</strong></span> <span class='ocrx_word' id='word_1_40' title='bbox 1380 861 1421 870; x_wconf 93' lang='grc'>-</span> <span class='ocrx_word' id='word_1_41' title='bbox 1445 825 1574 900; x_wconf 78' lang='lat' dir='ltr'><strong>Stamps</strong></span> <span class='ocrx_word' id='word_1_42' title='bbox 1590 828 1663 901; x_wconf 73' lang='lat' dir='ltr'><strong>ch.</strong></span> <span class='ocrx_word' id='word_1_43' title='bbox 1688 831 1761 888; x_wconf 84' lang='lat'><strong><em>373.</em></strong></span> 
     </span>
    </p>
   </div>
   <div class='ocr_carea' id='block_1_3' title="bbox 389 991 1987 2193">
    <p class='ocr_par' dir='ltr' id='par_1_3' title="bbox 389 991 1987 2193">
     <span class='ocr_line' id='line_1_5' title="bbox 395 991 1937 1070; baseline -0.004 -12"><span class='ocrx_word' id='word_1_44' title='bbox 395 998 528 1069; x_wconf 74' lang='lat' dir='ltr'><strong>Versasst</strong></span> <span class='ocrx_word' id='word_1_45' title='bbox 551 997 616 1056; x_wconf 80' lang='lat' dir='ltr'><strong>aad</strong></span> <span class='ocrx_word' id='word_1_46' title='bbox 635 996 820 1070; x_wconf 72' lang='lat' dir='ltr'><strong>praebrieben</strong></span> <span class='ocrx_word' id='word_1_47' title='bbox 840 1010 896 1052; x_wconf 82' lang='lat' dir='ltr'><strong>rou</strong></span> <span class='ocrx_word' id='word_1_48' title='bbox 918 992 973 1053; x_wconf 78' lang='lat' dir='ltr'><strong>M.</strong></span> <span class='ocrx_word' id='word_1_49' title='bbox 1019 992 1185 1051; x_wconf 69' lang='lat' dir='ltr'><strong>Felsctdtelr</strong></span> <span class='ocrx_word' id='word_1_50' title='bbox 1206 992 1311 1066; x_wconf 78' lang='lat' dir='ltr'><strong>verlept</strong></span> <span class='ocrx_word' id='word_1_51' title='bbox 1334 992 1430 1051; x_wconf 77' lang='lat' dir='ltr'><strong>dieser</strong></span> <span class='ocrx_word' id='word_1_52' title='bbox 1456 993 1504 1050; x_wconf 81' lang='lat' dir='ltr'><strong>die</strong></span> <span class='ocrx_word' id='word_1_53' title='bbox 1532 992 1636 1050; x_wconf 66' lang='lat' dir='ltr'><strong>baden</strong></span> <span class='ocrx_word' id='word_1_54' title='bbox 1661 991 1850 1064; x_wconf 80' lang='lat' dir='ltr'><strong>Ortschcstea</strong></span> <span class='ocrx_word' id='word_1_55' title='bbox 1875 992 1937 1064; x_wconf 69' lang='lat' dir='ltr'><strong>aas</strong></span> 
     </span>
     <span class='ocr_line' id='line_1_6' title="bbox 394 1094 1968 1170; baseline -0.004 -9"><span class='ocrx_word' id='word_1_56' title='bbox 394 1103 447 1161; x_wconf 83' lang='lat' dir='ltr'><strong>doe</strong></span> <span class='ocrx_word' id='word_1_57' title='bbox 477 1100 618 1160; x_wconf 78' lang='lat' dir='ltr'><strong>wortliche</strong></span> <span class='ocrx_word' id='word_1_58' title='bbox 646 1097 785 1169; x_wconf 64' lang='lat' dir='ltr'><strong>Elbufea</strong></span> <span class='ocrx_word' id='word_1_59' title='bbox 815 1096 954 1155; x_wconf 64' lang='lat' dir='ltr'><strong>wabrensi</strong></span> <span class='ocrx_word' id='word_1_60' title='bbox 982 1113 1015 1154; x_wconf 87' lang='lat' dir='ltr'><strong>cr</strong></span> <span class='ocrx_word' id='word_1_61' title='bbox 1035 1096 1118 1154; x_wconf 71' lang='lat' dir='ltr'><strong>daron</strong></span> <span class='ocrx_word' id='word_1_62' title='bbox 1145 1097 1179 1153; x_wconf 78' lang='lat' dir='ltr'><strong>in</strong></span> <span class='ocrx_word' id='word_1_63' title='bbox 1199 1094 1266 1155; x_wconf 78' lang='grc' dir='ltr'><strong>ΒΟ.</strong></span> <span class='ocrx_word' id='word_1_64' title='bbox 1287 1099 1353 1156; x_wconf 80' lang='grc'><strong>298</strong></span> <span class='ocrx_word' id='word_1_65' title='bbox 1378 1095 1615 1155; x_wconf 80' lang='lat' dir='ltr'><strong>Grosstaohber&#39;m</strong></span> <span class='ocrx_word' id='word_1_66' title='bbox 1637 1097 1743 1170; x_wconf 76' lang='lat' dir='ltr'><strong>richtip</strong></span> <span class='ocrx_word' id='word_1_67' title='bbox 1765 1097 1810 1156; x_wconf 81' lang='lat' dir='ltr'><strong>ale</strong></span> <span class='ocrx_word' id='word_1_68' title='bbox 1832 1096 1968 1156; x_wconf 78' lang='lat' dir='ltr'><strong>totlicbo</strong></span> 
     </span>
     <span class='ocr_line' id='line_1_7' title="bbox 392 1198 1934 1277; baseline -0.004 -13"><span class='ocrx_word' id='word_1_69' title='bbox 392 1206 445 1264; x_wconf 83' lang='lat' dir='ltr'><strong>der</strong></span> <span class='ocrx_word' id='word_1_70' title='bbox 472 1205 548 1263; x_wconf 80' lang='lat' dir='ltr'><strong>Elbo</strong></span> <span class='ocrx_word' id='word_1_71' title='bbox 575 1204 690 1277; x_wconf 73' lang='lat' dir='ltr'><strong>pelopea</strong></span> <span class='ocrx_word' id='word_1_72' title='bbox 719 1202 888 1261; x_wconf 74' lang='lat' dir='ltr'><strong>bezeichaet.</strong></span> <span class='ocrx_word' id='word_1_73' title='bbox 934 1201 992 1258; x_wconf 81' lang='lat' dir='ltr'><strong>Bet</strong></span> <span class='ocrx_word' id='word_1_74' title='bbox 1015 1200 1209 1271; x_wconf 65' lang='lat' dir='ltr'><strong>Erworaorn</strong></span> <span class='ocrx_word' id='word_1_75' title='bbox 1237 1216 1293 1257; x_wconf 78' lang='lat' dir='ltr'><strong>corr</strong></span> <span class='ocrx_word' id='word_1_76' title='bbox 1318 1198 1394 1258; x_wconf 83' lang='lat' dir='ltr'><strong>Gcro</strong></span> <span class='ocrx_word' id='word_1_77' title='bbox 1421 1201 1528 1257; x_wconf 81' lang='lat' dir='ltr'><strong>aimmt</strong></span> <span class='ocrx_word' id='word_1_78' title='bbox 1552 1215 1585 1257; x_wconf 84' lang='lat' dir='ltr'><strong>er</strong></span> <span class='ocrx_word' id='word_1_79' title='bbox 1606 1199 1709 1271; x_wconf 78' lang='lat' dir='ltr'><strong>femor</strong></span> <span class='ocrx_word' id='word_1_80' title='bbox 1730 1201 1794 1258; x_wconf 80' lang='lat' dir='ltr'><strong>hier</strong></span> <span class='ocrx_word' id='word_1_81' title='bbox 1816 1200 1880 1258; x_wconf 79' lang='lat' dir='ltr'><strong>aad</strong></span> <span class='ocrx_word' id='word_1_82' title='bbox 1900 1203 1934 1258; x_wconf 81' lang='lat' dir='ltr'><strong>in</strong></span> 
     </span>
     <span class='ocr_line' id='line_1_8' title="bbox 391 1301 1932 1376; baseline -0.001 -9"><span class='ocrx_word' id='word_1_83' title='bbox 391 1307 457 1367; x_wconf 89' lang='lat' dir='ltr'><strong>DO.</strong></span> <span class='ocrx_word' id='word_1_84' title='bbox 480 1310 545 1367; x_wconf 84' lang='grc'><strong>298</strong></span> <span class='ocrx_word' id='word_1_85' title='bbox 573 1325 628 1366; x_wconf 81' lang='lat' dir='ltr'><strong>ron</strong></span> <span class='ocrx_word' id='word_1_86' title='bbox 656 1307 759 1365; x_wconf 79' lang='lat' dir='ltr'><strong>desero</strong></span> <span class='ocrx_word' id='word_1_87' title='bbox 784 1306 861 1363; x_wconf 78' lang='lat' dir='ltr'><strong>leura</strong></span> <span class='ocrx_word' id='word_1_88' title='bbox 887 1322 979 1362; x_wconf 81' lang='lat' dir='ltr'><strong>anaor</strong></span> <span class='ocrx_word' id='word_1_89' title='bbox 1004 1301 1148 1376; x_wconf 74' lang='lat' dir='ltr'><strong>erfolyterr</strong></span> <span class='ocrx_word' id='word_1_90' title='bbox 1176 1301 1254 1361; x_wconf 77' lang='lat' dir='ltr'><strong>Tode</strong></span> <span class='ocrx_word' id='word_1_91' title='bbox 1274 1303 1355 1361; x_wconf 80' lang='lat' dir='ltr'><strong>nieht</strong></span> <span class='ocrx_word' id='word_1_92' title='bbox 1380 1304 1480 1364; x_wconf 71' lang='lat' dir='ltr'><strong>Notis.</strong></span> <span class='ocrx_word' id='word_1_93' title='bbox 1532 1306 1627 1364; x_wconf 84' lang='lat' dir='ltr'><strong>Werm</strong></span> <span class='ocrx_word' id='word_1_94' title='bbox 1651 1305 1758 1363; x_wconf 70' lang='lat' dir='ltr'><strong>Frater</strong></span> <span class='ocrx_word' id='word_1_95' title='bbox 1784 1305 1878 1365; x_wconf 83' lang='lat' dir='ltr'><strong>Beitr.</strong></span> <span class='ocrx_word' id='word_1_96' title='bbox 1901 1308 1932 1376; x_wconf 86' lang='grc'><strong>2,</strong></span> 
     </span>
     <span class='ocr_line' id='line_1_9' title="bbox 389 1403 1932 1481; baseline -0.002 -11"><span class='ocrx_word' id='word_1_97' title='bbox 389 1416 450 1472; x_wconf 85' lang='grc'><strong>181</strong></span> <span class='ocrx_word' id='word_1_98' title='bbox 479 1411 608 1469; x_wconf 78' lang='lat' dir='ltr'><strong>letrteres</strong></span> <span class='ocrx_word' id='word_1_99' title='bbox 631 1410 724 1468; x_wconf 79' lang='lat' dir='ltr'><strong>durch</strong></span> <span class='ocrx_word' id='word_1_100' title='bbox 748 1410 961 1481; x_wconf 71' lang='lat' dir='ltr'><strong>Noelrtropurrp</strong></span> <span class='ocrx_word' id='word_1_101' title='bbox 990 1406 1043 1465; x_wconf 84' lang='lat' dir='ltr'><strong>der</strong></span> <span class='ocrx_word' id='word_1_102' title='bbox 1068 1403 1316 1475; x_wconf 78' lang='lat' dir='ltr'><strong>Scblnssformrta</strong></span> <span class='ocrx_word' id='word_1_103' title='bbox 1343 1406 1477 1465; x_wconf 61' lang='lat' dir='ltr'><strong>atterere</strong></span> <span class='ocrx_word' id='word_1_104' title='bbox 1499 1408 1600 1478; x_wconf 81' lang='lat' dir='ltr'><strong>wollte,</strong></span> <span class='ocrx_word' id='word_1_105' title='bbox 1631 1424 1663 1466; x_wconf 91' lang='grc'><em>30</em></span> <span class='ocrx_word' id='word_1_106' title='bbox 1685 1408 1760 1467; x_wconf 83' lang='lat' dir='ltr'><strong>steht</strong></span> <span class='ocrx_word' id='word_1_107' title='bbox 1781 1408 1847 1466; x_wconf 88' lang='lat' dir='ltr'><strong>dem</strong></span> <span class='ocrx_word' id='word_1_108' title='bbox 1870 1413 1932 1467; x_wconf 81' lang='lat' dir='ltr'><strong>ent-</strong></span> 
     </span>
     <span class='ocr_line' id='line_1_10' title="bbox 390 1508 1935 1589; baseline -0.002 -16"><span class='ocrx_word' id='word_1_109' title='bbox 390 1533 480 1589; x_wconf 76' lang='lat' dir='ltr'><strong>qepen</strong></span> <span class='ocrx_word' id='word_1_110' title='bbox 507 1515 575 1573; x_wconf 78' lang='grc'><em>8033</em></span> <span class='ocrx_word' id='word_1_111' title='bbox 604 1513 685 1572; x_wconf 80' lang='lat' dir='ltr'><strong>bride</strong></span> <span class='ocrx_word' id='word_1_112' title='bbox 707 1512 844 1585; x_wconf 72' lang='lat' dir='ltr'><strong>Deplome</strong></span> <span class='ocrx_word' id='word_1_113' title='bbox 872 1513 906 1569; x_wconf 80' lang='lat' dir='ltr'><strong>r&#39;rr</strong></span> <span class='ocrx_word' id='word_1_114' title='bbox 933 1512 1027 1568; x_wconf 78' lang='lat' dir='ltr'><strong>cirtem</strong></span> <span class='ocrx_word' id='word_1_115' title='bbox 1052 1509 1134 1583; x_wconf 74' lang='lat' dir='ltr'><strong>Zuqe</strong></span> <span class='ocrx_word' id='word_1_116' title='bbox 1158 1510 1344 1582; x_wconf 78' lang='lat' dir='ltr'><strong>peschrr&#39;cberr</strong></span> <span class='ocrx_word' id='word_1_117' title='bbox 1370 1509 1488 1568; x_wconf 79' lang='lat' dir='ltr'><strong>worden</strong></span> <span class='ocrx_word' id='word_1_118' title='bbox 1514 1510 1592 1569; x_wconf 82' lang='lat' dir='ltr'><strong>eiad.</strong></span> <span class='ocrx_word' id='word_1_119' title='bbox 1638 1508 1719 1569; x_wconf 82' lang='lat' dir='ltr'><strong>Aber</strong></span> <span class='ocrx_word' id='word_1_120' title='bbox 1741 1511 1935 1570; x_wconf 78' lang='lat' dir='ltr'><strong>circundare</strong></span> 
     </span>
     <span class='ocr_line' id='line_1_11' title="bbox 391 1613 1987 1700; baseline -0.001 -24"><span class='ocrx_word' id='word_1_121' title='bbox 391 1619 681 1700; x_wconf 78' lang='lat' dir='ltr'><strong>Moplielrlreitracss</strong></span> <span class='ocrx_word' id='word_1_122' title='bbox 703 1618 751 1673; x_wconf 82' lang='lat' dir='ltr'><strong>ine</strong></span> <span class='ocrx_word' id='word_1_123' title='bbox 774 1614 859 1689; x_wconf 76' lang='lat' dir='ltr'><strong>dape</strong></span> <span class='ocrx_word' id='word_1_124' title='bbox 879 1615 993 1688; x_wconf 77' lang='lat' dir='ltr'><strong>pesosst</strong></span> <span class='ocrx_word' id='word_1_125' title='bbox 1016 1614 1148 1685; x_wconf 78' lang='lat' dir='ltr'><strong>werdere,</strong></span> <span class='ocrx_word' id='word_1_126' title='bbox 1182 1613 1230 1672; x_wconf 77' lang='lat' dir='ltr'><strong>dic</strong></span> <span class='ocrx_word' id='word_1_127' title='bbox 1251 1614 1321 1673; x_wconf 74' lang='lat' dir='ltr'><strong>does</strong></span> <span class='ocrx_word' id='word_1_128' title='bbox 1344 1614 1424 1673; x_wconf 79' lang='lat' dir='ltr'><strong>bride</strong></span> <span class='ocrx_word' id='word_1_129' title='bbox 1446 1615 1517 1674; x_wconf 89' lang='lat' dir='ltr'><strong>DD.</strong></span> <span class='ocrx_word' id='word_1_130' title='bbox 1543 1620 1602 1674; x_wconf 82' lang='lat' dir='ltr'><strong>erat</strong></span> <span class='ocrx_word' id='word_1_131' title='bbox 1625 1618 1719 1689; x_wconf 64' lang='lat' dir='ltr'><strong>eripe</strong></span> <span class='ocrx_word' id='word_1_132' title='bbox 1743 1616 1809 1674; x_wconf 85' lang='lat' dir='ltr'><strong>Zeit</strong></span> <span class='ocrx_word' id='word_1_133' title='bbox 1834 1621 1936 1689; x_wconf 73' lang='lat' dir='ltr'><strong>operer</strong></span> <span class='ocrx_word' id='word_1_134' title='bbox 1955 1627 1987 1676; x_wconf 89' lang='lat'><strong>10</strong></span> 
     </span>
     <span class='ocr_line' id='line_1_12' title="bbox 393 1716 1936 1793; baseline 0 -15"><span class='ocrx_word' id='word_1_135' title='bbox 393 1717 587 1793; x_wconf 74' lang='lat' dir='ltr'><strong>crespefcrtr&#39;pt</strong></span> <span class='ocrx_word' id='word_1_136' title='bbox 609 1719 679 1777; x_wconf 88' lang='lat' dir='ltr'><strong>oder</strong></span> <span class='ocrx_word' id='word_1_137' title='bbox 702 1720 872 1791; x_wconf 52' lang='lat' dir='ltr'><strong>trimenstres</strong></span> <span class='ocrx_word' id='word_1_138' title='bbox 895 1717 1094 1791; x_wconf 77' lang='lat' dir='ltr'><strong>noclrtrdpb&#39;ch</strong></span> <span class='ocrx_word' id='word_1_139' title='bbox 1116 1716 1249 1790; x_wconf 77' lang='lat' dir='ltr'><strong>besiepelt</strong></span> <span class='ocrx_word' id='word_1_140' title='bbox 1272 1717 1389 1776; x_wconf 80' lang='lat' dir='ltr'><strong><em>worden</em></strong></span> <span class='ocrx_word' id='word_1_141' title='bbox 1410 1718 1489 1777; x_wconf 80' lang='lat' dir='ltr'><strong>sind.</strong></span> <span class='ocrx_word' id='word_1_142' title='bbox 1527 1717 1594 1779; x_wconf 91' lang='lat' dir='ltr'><strong>DO.</strong></span> <span class='ocrx_word' id='word_1_143' title='bbox 1617 1722 1682 1780; x_wconf 86' lang='grc'><strong>298</strong></span> <span class='ocrx_word' id='word_1_144' title='bbox 1704 1721 1785 1779; x_wconf 76' lang='lat' dir='ltr'><strong>wast</strong></span> <span class='ocrx_word' id='word_1_145' title='bbox 1806 1720 1936 1785; x_wconf 77' lang='lat' dir='ltr'><strong>ndmlict</strong></span> 
     </span>
     <span class='ocr_line' id='line_1_13' title="bbox 393 1818 1937 1896; baseline 0.001 -14"><span class='ocrx_word' id='word_1_146' title='bbox 393 1825 450 1883; x_wconf 84' lang='lat' dir='ltr'><strong>den</strong></span> <span class='ocrx_word' id='word_1_147' title='bbox 474 1829 532 1883; x_wconf 85' lang='lat' dir='ltr'><strong>erst</strong></span> <span class='ocrx_word' id='word_1_148' title='bbox 554 1826 596 1882; x_wconf 86' lang='lat' dir='ltr'><strong>r&#39;m</strong></span> <span class='ocrx_word' id='word_1_149' title='bbox 619 1823 651 1882; x_wconf 86' lang='lat' dir='ltr'><strong>J.</strong></span> <span class='ocrx_word' id='word_1_150' title='bbox 675 1825 740 1883; x_wconf 86' lang='grc'><strong>967</strong></span> <span class='ocrx_word' id='word_1_151' title='bbox 761 1822 895 1894; x_wconf 70' lang='lat' dir='ltr'><strong>hdufiper</strong></span> <span class='ocrx_word' id='word_1_152' title='bbox 917 1820 1088 1879; x_wconf 81' lang='lat' dir='ltr'><strong>rrerderrden</strong></span> <span class='ocrx_word' id='word_1_153' title='bbox 1111 1820 1305 1879; x_wconf 81' lang='lat' dir='ltr'><strong>Sterneelraitt</strong></span> <span class='ocrx_word' id='word_1_154' title='bbox 1328 1818 1384 1891; x_wconf 72' lang='lat' dir='ltr'><strong>[etr</strong></span> <span class='ocrx_word' id='word_1_155' title='bbox 1406 1821 1460 1880; x_wconf 81' lang='lat' dir='ltr'><strong>dos</strong></span> <span class='ocrx_word' id='word_1_156' title='bbox 1482 1821 1577 1894; x_wconf 74' lang='lat' dir='ltr'><strong>Siepel</strong></span> <span class='ocrx_word' id='word_1_157' title='bbox 1598 1821 1665 1894; x_wconf 78' lang='lat' dir='ltr'><strong>aas,</strong></span> <span class='ocrx_word' id='word_1_158' title='bbox 1695 1823 1759 1882; x_wconf 78' lang='lat' dir='ltr'><strong>aad</strong></span> <span class='ocrx_word' id='word_1_159' title='bbox 1780 1823 1937 1896; x_wconf 76' lang='lat' dir='ltr'><strong>mopticbcr</strong></span> 
     </span>
     <span class='ocr_line' id='line_1_14' title="bbox 398 1922 1936 1999; baseline -0.003 -12"><span class='ocrx_word' id='word_1_160' title='bbox 398 1929 493 1987; x_wconf 80' lang='lat' dir='ltr'><strong>Weise</strong></span> <span class='ocrx_word' id='word_1_161' title='bbox 515 1930 554 1986; x_wconf 76' lang='lat' dir='ltr'><strong>ist</strong></span> <span class='ocrx_word' id='word_1_162' title='bbox 577 1927 653 1985; x_wconf 81' lang='lat' dir='ltr'><strong>anob</strong></span> <span class='ocrx_word' id='word_1_163' title='bbox 675 1926 730 1986; x_wconf 83' lang='lat' dir='ltr'><strong>doe</strong></span> <span class='ocrx_word' id='word_1_164' title='bbox 752 1927 823 1984; x_wconf 80' lang='lat' dir='ltr'><strong>norb</strong></span> <span class='ocrx_word' id='word_1_165' title='bbox 843 1930 898 1998; x_wconf 75' lang='lat' dir='ltr'><strong>pat</strong></span> <span class='ocrx_word' id='word_1_166' title='bbox 920 1925 1066 1983; x_wconf 82' lang='lat' dir='ltr'><strong>erbcltcrre</strong></span> <span class='ocrx_word' id='word_1_167' title='bbox 1088 1922 1186 1997; x_wconf 70' lang='lat' dir='ltr'><strong>Sicori</strong></span> <span class='ocrx_word' id='word_1_168' title='bbox 1210 1941 1267 1982; x_wconf 83' lang='lat' dir='ltr'><strong>eon</strong></span> <span class='ocrx_word' id='word_1_169' title='bbox 1288 1922 1357 1982; x_wconf 78' lang='grc' dir='ltr'><strong>ΒΟ.</strong></span> <span class='ocrx_word' id='word_1_170' title='bbox 1379 1926 1444 1983; x_wconf 84' lang='grc'><strong>293</strong></span> <span class='ocrx_word' id='word_1_171' title='bbox 1473 1925 1506 1981; x_wconf 82' lang='lat' dir='ltr'><strong>in</strong></span> <span class='ocrx_word' id='word_1_172' title='bbox 1531 1924 1657 1997; x_wconf 81' lang='lat' dir='ltr'><strong>pleiclrer</strong></span> <span class='ocrx_word' id='word_1_173' title='bbox 1679 1926 1774 1984; x_wconf 78' lang='lat' dir='ltr'><strong>Weise</strong></span> <span class='ocrx_word' id='word_1_174' title='bbox 1801 1923 1936 1999; x_wconf 77' lang='lat' dir='ltr'><strong>befestipt</strong></span> 
     </span>
     <span class='ocr_line' id='line_1_15' title="bbox 395 2028 1934 2101; baseline -0.002 -12"><span class='ocrx_word' id='word_1_175' title='bbox 395 2031 521 2090; x_wconf 79' lang='lat' dir='ltr'><strong><em>worden.</em></strong></span> <span class='ocrx_word' id='word_1_176' title='bbox 565 2031 710 2089; x_wconf 80' lang='lat' dir='ltr'><strong>Dadareb</strong></span> <span class='ocrx_word' id='word_1_177' title='bbox 731 2030 807 2088; x_wconf 81' lang='lat' dir='ltr'><strong>roird</strong></span> <span class='ocrx_word' id='word_1_178' title='bbox 829 2028 946 2099; x_wconf 73' lang='lat' dir='ltr'><strong>[redich</strong></span> <span class='ocrx_word' id='word_1_179' title='bbox 968 2028 1015 2086; x_wconf 80' lang='lat' dir='ltr'><strong>dir</strong></span> <span class='ocrx_word' id='word_1_180' title='bbox 1040 2028 1202 2086; x_wconf 73' lang='lat' dir='ltr'><strong>limtsocbe</strong></span> <span class='ocrx_word' id='word_1_181' title='bbox 1223 2029 1304 2086; x_wconf 84' lang='lat' dir='ltr'><strong>nicbt</strong></span> <span class='ocrx_word' id='word_1_182' title='bbox 1326 2028 1455 2100; x_wconf 77' lang='lat' dir='ltr'><strong>beseitr&#39;pt</strong></span> <span class='ocrx_word' id='word_1_183' title='bbox 1477 2028 1551 2086; x_wconf 78' lang='lat' dir='ltr'><strong>rrocfi</strong></span> <span class='ocrx_word' id='word_1_184' title='bbox 1573 2029 1745 2101; x_wconf 74' lang='lat' dir='ltr'><strong>besebonipt,</strong></span> <span class='ocrx_word' id='word_1_185' title='bbox 1780 2028 1850 2086; x_wconf 81' lang='lat' dir='ltr'><strong>dass</strong></span> <span class='ocrx_word' id='word_1_186' title='bbox 1879 2028 1934 2086; x_wconf 78' lang='lat' dir='ltr'><strong>LI.</strong></span> 
     </span>
     <span class='ocr_line' id='line_1_16' title="bbox 395 2131 1987 2193; baseline -0.002 0"><span class='ocrx_word' id='word_1_187' title='bbox 395 2152 423 2193; x_wconf 88' lang='lat' dir='ltr'><strong>es</strong></span> <span class='ocrx_word' id='word_1_188' title='bbox 447 2133 633 2193; x_wconf 66' lang='lat' dir='ltr'><strong>ummlosserr</strong></span> <span class='ocrx_word' id='word_1_189' title='bbox 654 2134 706 2192; x_wconf 79' lang='lat' dir='ltr'><strong>bct</strong></span> <span class='ocrx_word' id='word_1_190' title='bbox 724 2133 800 2191; x_wconf 83' lang='lat' dir='ltr'><strong>Gero</strong></span> <span class='ocrx_word' id='word_1_191' title='bbox 823 2133 867 2191; x_wconf 83' lang='lat' dir='ltr'><strong>als</strong></span> <span class='ocrx_word' id='word_1_192' title='bbox 889 2132 1097 2190; x_wconf 85' lang='lat' dir='ltr'><strong>Verstorbeuen</strong></span> <span class='ocrx_word' id='word_1_193' title='bbox 1117 2150 1158 2190; x_wconf 78' lang='lat' dir='ltr'><strong>ru</strong></span> <span class='ocrx_word' id='word_1_194' title='bbox 1180 2131 1359 2190; x_wconf 79' lang='lat' dir='ltr'><strong>bereiebuerr.</strong></span> <span class='ocrx_word' id='word_1_195' title='bbox 1957 2142 1987 2190; x_wconf 81' lang='lat'><strong>15</strong></span> 
     </span>
    </p>
   </div>
   <div class='ocr_carea' id='block_1_4' title="bbox 293 2350 1991 4814">
    <p class='ocr_par' dir='ltr' id='par_1_4' title="bbox 293 2350 1991 4814">
     <span class='ocr_line' id='line_1_17' title="bbox 398 2350 1938 2440; baseline 0 -21"><span class='ocrx_word' id='word_1_196' title='bbox 398 2357 456 2436; x_wconf 82' lang='lat' dir='ltr'>(O.)</span> <span class='ocrx_word' id='word_1_197' title='bbox 479 2358 493 2440; x_wconf 59' lang='lat' dir='ltr'><strong>t</strong></span> <span class='ocrx_word' id='word_1_198' title='bbox 515 2355 553 2419; x_wconf 92' lang='lat' dir='ltr'><strong>In</strong></span> <span class='ocrx_word' id='word_1_199' title='bbox 575 2356 706 2419; x_wconf 90' lang='lat' dir='ltr'><strong>nomine</strong></span> <span class='ocrx_word' id='word_1_200' title='bbox 730 2363 863 2419; x_wconf 88' lang='lat' dir='ltr'><strong>sanctae</strong></span> <span class='ocrx_word' id='word_1_201' title='bbox 886 2362 919 2418; x_wconf 90' lang='lat' dir='ltr'><strong>et</strong></span> <span class='ocrx_word' id='word_1_202' title='bbox 940 2352 1127 2417; x_wconf 79' lang='lat' dir='ltr'><strong>individuae</strong></span> <span class='ocrx_word' id='word_1_203' title='bbox 1146 2353 1310 2418; x_wconf 77' lang='lat' dir='ltr'><strong>trinitatis.</strong></span> <span class='ocrx_word' id='word_1_204' title='bbox 1346 2350 1424 2417; x_wconf 90' lang='lat' dir='ltr'><strong>Otto</strong></span> <span class='ocrx_word' id='word_1_205' title='bbox 1442 2351 1552 2418; x_wconf 90' lang='lat' dir='ltr'><strong>divina</strong></span> <span class='ocrx_word' id='word_1_206' title='bbox 1569 2351 1749 2438; x_wconf 83' lang='lat' dir='ltr'><strong>opitulante</strong></span> <span class='ocrx_word' id='word_1_207' title='bbox 1765 2353 1938 2419; x_wconf 89' lang='lat' dir='ltr'><strong>elementia</strong></span> 
     </span>
     <span class='ocr_line' id='line_1_18' title="bbox 293 2455 1938 2545; baseline -0.002 -20"><span class='ocrx_word' id='word_1_208' title='bbox 293 2464 472 2545; x_wconf 89' lang='lat' dir='ltr'><strong>imperator</strong></span> <span class='ocrx_word' id='word_1_209' title='bbox 493 2468 660 2543; x_wconf 81' lang='lat' dir='ltr'><strong>augustus.</strong></span> <span class='ocrx_word' id='word_1_210' title='bbox 748 2459 782 2523; x_wconf 86' lang='lat' dir='ltr'><strong>Si</strong></span> <span class='ocrx_word' id='word_1_211' title='bbox 806 2460 928 2522; x_wconf 88' lang='lat' dir='ltr'><strong>sanetis</strong></span> <span class='ocrx_word' id='word_1_212' title='bbox 952 2479 991 2521; x_wconf 91' lang='lat' dir='ltr'><strong>ae</strong></span> <span class='ocrx_word' id='word_1_213' title='bbox 1014 2455 1254 2521; x_wconf 88' lang='lat' dir='ltr'><strong>venerabilibus</strong></span> <span class='ocrx_word' id='word_1_214' title='bbox 1276 2455 1358 2519; x_wconf 92' lang='lat' dir='ltr'><strong>locis</strong></span> <span class='ocrx_word' id='word_1_215' title='bbox 1381 2466 1565 2521; x_wconf 86' lang='lat' dir='ltr'><strong>nostrorum</strong></span> <span class='ocrx_word' id='word_1_216' title='bbox 1588 2457 1771 2522; x_wconf 89' lang='lat' dir='ltr'><strong>interventu</strong></span> <span class='ocrx_word' id='word_1_217' title='bbox 1792 2456 1938 2521; x_wconf 89' lang='lat' dir='ltr'><strong>fidelium</strong></span> 
     </span>
     <span class='ocr_line' id='line_1_19' title="bbox 293 2558 1936 2648; baseline -0.003 -19"><span class='ocrx_word' id='word_1_218' title='bbox 293 2588 335 2630; x_wconf 86' lang='lat' dir='ltr'><strong>ex</strong></span> <span class='ocrx_word' id='word_1_219' title='bbox 357 2573 469 2628; x_wconf 89' lang='lat' dir='ltr'><strong>nostra</strong></span> <span class='ocrx_word' id='word_1_220' title='bbox 492 2567 505 2648; x_wconf 66' lang='grc' dir='ltr'><strong>ξ</strong></span> <span class='ocrx_word' id='word_1_221' title='bbox 527 2566 617 2646; x_wconf 83' lang='lat' dir='ltr'><strong>regia</strong></span> <span class='ocrx_word' id='word_1_222' title='bbox 639 2561 690 2625; x_wconf 90' lang='lat' dir='ltr'><strong>vel</strong></span> <span class='ocrx_word' id='word_1_223' title='bbox 713 2562 872 2647; x_wconf 86' lang='lat' dir='ltr'><strong>imperiali</strong></span> <span class='ocrx_word' id='word_1_224' title='bbox 896 2560 1047 2644; x_wconf 85' lang='lat' dir='ltr'><strong>largitate</strong></span> <span class='ocrx_word' id='word_1_225' title='bbox 1069 2560 1193 2646; x_wconf 90' lang='lat' dir='ltr'><strong>aliquid</strong></span> <span class='ocrx_word' id='word_1_226' title='bbox 1218 2560 1390 2644; x_wconf 81' lang='lat' dir='ltr'><strong>largimur,</strong></span> <span class='ocrx_word' id='word_1_227' title='bbox 1425 2558 1459 2622; x_wconf 91' lang='lat' dir='ltr'><strong>id</strong></span> <span class='ocrx_word' id='word_1_228' title='bbox 1480 2560 1576 2624; x_wconf 87' lang='lat' dir='ltr'><strong>nobis</strong></span> <span class='ocrx_word' id='word_1_229' title='bbox 1600 2560 1644 2625; x_wconf 86' lang='lat' dir='ltr'><strong>ad</strong></span> <span class='ocrx_word' id='word_1_230' title='bbox 1667 2563 1847 2645; x_wconf 87' lang='lat' dir='ltr'><strong>praesentis</strong></span> <span class='ocrx_word' id='word_1_231' title='bbox 1870 2564 1936 2646; x_wconf 69' lang='lat' dir='ltr'><strong>vite</strong></span> 
     </span>
     <span class='ocr_line' id='line_1_20' title="bbox 294 2662 1937 2748; baseline -0.002 -16"><span class='ocrx_word' id='word_1_232' title='bbox 294 2677 414 2732; x_wconf 88' lang='lat' dir='ltr'><strong>statum</strong></span> <span class='ocrx_word' id='word_1_233' title='bbox 436 2676 467 2730; x_wconf 92' lang='lat' dir='ltr'><strong>et</strong></span> <span class='ocrx_word' id='word_1_234' title='bbox 490 2677 641 2730; x_wconf 79' lang='lat' dir='ltr'><strong>aeternae</strong></span> <span class='ocrx_word' id='word_1_235' title='bbox 664 2664 885 2729; x_wconf 79' lang='lat' dir='ltr'><strong>retributionis</strong></span> <span class='ocrx_word' id='word_1_236' title='bbox 908 2664 1160 2729; x_wconf 90' lang='lat' dir='ltr'><strong>emolumentum</strong></span> <span class='ocrx_word' id='word_1_237' title='bbox 1184 2664 1421 2748; x_wconf 91' lang='lat' dir='ltr'><strong>capessendum</strong></span> <span class='ocrx_word' id='word_1_238' title='bbox 1443 2662 1599 2748; x_wconf 79' lang='lat' dir='ltr'><strong>prodesse</strong></span> <span class='ocrx_word' id='word_1_239' title='bbox 1623 2664 1826 2729; x_wconf 88' lang='lat' dir='ltr'><strong>confidimus.</strong></span> <span class='ocrx_word' id='word_1_240' title='bbox 1851 2664 1937 2747; x_wconf 79' lang='lat' dir='ltr'><strong>Qua·</strong></span> 
     </span>
     <span class='ocr_line' id='line_1_21' title="bbox 293 2765 1990 2856; baseline -0.001 -22"><span class='ocrx_word' id='word_1_241' title='bbox 293 2780 427 2856; x_wconf 88' lang='lat' dir='ltr'><strong>propter</strong></span> <span class='ocrx_word' id='word_1_242' title='bbox 456 2769 606 2833; x_wconf 87' lang='lat' dir='ltr'><strong>omnibus</strong></span> <span class='ocrx_word' id='word_1_243' title='bbox 637 2768 787 2833; x_wconf 88' lang='lat' dir='ltr'><strong>fidelibus</strong></span> <span class='ocrx_word' id='word_1_244' title='bbox 815 2769 934 2832; x_wconf 88' lang='lat' dir='ltr'><strong>nostris</strong></span> <span class='ocrx_word' id='word_1_245' title='bbox 962 2765 1167 2851; x_wconf 73' lang='lat' dir='ltr'><strong>presentibus</strong></span> <span class='ocrx_word' id='word_1_246' title='bbox 1198 2765 1383 2830; x_wconf 85' lang='lat' dir='ltr'><strong>scilicetne</strong></span> <span class='ocrx_word' id='word_1_247' title='bbox 1407 2766 1523 2831; x_wconf 91' lang='lat' dir='ltr'><strong>futuris</strong></span> <span class='ocrx_word' id='word_1_248' title='bbox 1546 2776 1658 2831; x_wconf 88' lang='lat' dir='ltr'><strong>notum</strong></span> <span class='ocrx_word' id='word_1_249' title='bbox 1682 2790 1753 2832; x_wconf 90' lang='lat' dir='ltr'><strong>esse</strong></span> <span class='ocrx_word' id='word_1_250' title='bbox 1776 2767 1936 2852; x_wconf 91' lang='lat' dir='ltr'><strong>volumus,</strong></span> <span class='ocrx_word' id='word_1_251' title='bbox 1956 2786 1990 2833; x_wconf 83' lang='lat'><strong>20</strong></span> 
     </span>
     <span class='ocr_line' id='line_1_22' title="bbox 294 2868 1937 2958; baseline -0.001 -21"><span class='ocrx_word' id='word_1_252' title='bbox 294 2871 457 2958; x_wconf 91' lang='lat' dir='ltr'><strong>quomodo</strong></span> <span class='ocrx_word' id='word_1_253' title='bbox 481 2893 542 2936; x_wconf 90' lang='lat' dir='ltr'><strong>nos</strong></span> <span class='ocrx_word' id='word_1_254' title='bbox 568 2870 610 2934; x_wconf 94' lang='lat' dir='ltr'><strong>ob</strong></span> <span class='ocrx_word' id='word_1_255' title='bbox 635 2892 726 2955; x_wconf 90' lang='lat' dir='ltr'><strong>spem</strong></span> <span class='ocrx_word' id='word_1_256' title='bbox 749 2868 877 2933; x_wconf 87' lang='lat' dir='ltr'><strong>divinae</strong></span> <span class='ocrx_word' id='word_1_257' title='bbox 900 2869 1169 2932; x_wconf 85' lang='lat' dir='ltr'><strong>remunerationis</strong></span> <span class='ocrx_word' id='word_1_258' title='bbox 1192 2877 1441 2953; x_wconf 88' lang='lat' dir='ltr'><strong>nostrorumque</strong></span> <span class='ocrx_word' id='word_1_259' title='bbox 1464 2869 1635 2934; x_wconf 88' lang='lat' dir='ltr'><strong>criminum</strong></span> <span class='ocrx_word' id='word_1_260' title='bbox 1653 2892 1712 2955; x_wconf 95' lang='lat' dir='ltr'><strong>pro</strong></span> <span class='ocrx_word' id='word_1_261' title='bbox 1731 2869 1937 2937; x_wconf 89' lang='lat' dir='ltr'><strong>absolutione</strong></span> 
     </span>
     <span class='ocr_line' id='line_1_23' title="bbox 294 2970 1936 3059; baseline 0 -19"><span class='ocrx_word' id='word_1_262' title='bbox 294 2978 327 3040; x_wconf 89' lang='lat' dir='ltr'><strong>in</strong></span> <span class='ocrx_word' id='word_1_263' title='bbox 349 2976 457 3040; x_wconf 92' lang='lat' dir='ltr'><strong>futuro</strong></span> <span class='ocrx_word' id='word_1_264' title='bbox 481 2976 592 3057; x_wconf 83' lang='lat' dir='ltr'><strong>magui</strong></span> <span class='ocrx_word' id='word_1_265' title='bbox 615 2973 725 3038; x_wconf 89' lang='lat' dir='ltr'><strong>iudicii</strong></span> <span class='ocrx_word' id='word_1_266' title='bbox 750 2972 812 3054; x_wconf 92' lang='lat' dir='ltr'><strong>die,</strong></span> <span class='ocrx_word' id='word_1_267' title='bbox 840 2995 898 3057; x_wconf 93' lang='lat' dir='ltr'><strong>pro</strong></span> <span class='ocrx_word' id='word_1_268' title='bbox 923 2981 1009 3037; x_wconf 88' lang='lat' dir='ltr'><strong>statu</strong></span> <span class='ocrx_word' id='word_1_269' title='bbox 1033 2994 1163 3058; x_wconf 91' lang='lat' dir='ltr'><strong>quoque</strong></span> <span class='ocrx_word' id='word_1_270' title='bbox 1186 2980 1218 3034; x_wconf 92' lang='lat' dir='ltr'><strong>et</strong></span> <span class='ocrx_word' id='word_1_271' title='bbox 1239 2970 1463 3037; x_wconf 83' lang='lat' dir='ltr'><strong>incolomitate</strong></span> <span class='ocrx_word' id='word_1_272' title='bbox 1485 2974 1575 3057; x_wconf 87' lang='lat' dir='ltr'><strong>regni</strong></span> <span class='ocrx_word' id='word_1_273' title='bbox 1599 2973 1651 3037; x_wconf 92' lang='lat' dir='ltr'><strong>vel</strong></span> <span class='ocrx_word' id='word_1_274' title='bbox 1674 2975 1800 3059; x_wconf 91' lang='lat' dir='ltr'><strong>imperii</strong></span> <span class='ocrx_word' id='word_1_275' title='bbox 1823 2977 1936 3057; x_wconf 87' lang='lat' dir='ltr'><strong>nostri,</strong></span> 
     </span>
     <span class='ocr_line' id='line_1_24' title="bbox 294 3073 1938 3164; baseline 0 -22"><span class='ocrx_word' id='word_1_276' title='bbox 294 3101 353 3164; x_wconf 89' lang='lat' dir='ltr'><strong>pro</strong></span> <span class='ocrx_word' id='word_1_277' title='bbox 377 3081 516 3143; x_wconf 89' lang='lat' dir='ltr'><strong>sanitate</strong></span> <span class='ocrx_word' id='word_1_278' title='bbox 538 3079 636 3142; x_wconf 86' lang='lat' dir='ltr'><strong>etiam</strong></span> <span class='ocrx_word' id='word_1_279' title='bbox 657 3086 770 3141; x_wconf 87' lang='lat' dir='ltr'><strong>nostra</strong></span> <span class='ocrx_word' id='word_1_280' title='bbox 794 3075 995 3162; x_wconf 86' lang='lat' dir='ltr'><strong>dilectaeque</strong></span> <span class='ocrx_word' id='word_1_281' title='bbox 1018 3076 1165 3158; x_wconf 86' lang='lat' dir='ltr'><strong>coniugis</strong></span> <span class='ocrx_word' id='word_1_282' title='bbox 1188 3084 1320 3139; x_wconf 89' lang='lat' dir='ltr'><strong>nostrae</strong></span> <span class='ocrx_word' id='word_1_283' title='bbox 1335 3073 1538 3140; x_wconf 86' lang='lat' dir='ltr'><strong>Athelheidis</strong></span> <span class='ocrx_word' id='word_1_284' title='bbox 1556 3076 1608 3141; x_wconf 88' lang='lat' dir='ltr'><strong>vel</strong></span> <span class='ocrx_word' id='word_1_285' title='bbox 1631 3077 1689 3140; x_wconf 92' lang='lat' dir='ltr'><strong>filii</strong></span> <span class='ocrx_word' id='word_1_286' title='bbox 1713 3087 1745 3142; x_wconf 90' lang='lat' dir='ltr'><strong>et</strong></span> <span class='ocrx_word' id='word_1_287' title='bbox 1767 3081 1938 3164; x_wconf 81' lang='lat' dir='ltr'><strong>aequivoci</strong></span> 
     </span>
     <span class='ocr_line' id='line_1_25' title="bbox 294 3177 1937 3266; baseline 0 -20"><span class='ocrx_word' id='word_1_288' title='bbox 294 3183 396 3246; x_wconf 91' lang='lat' dir='ltr'><strong>nestri</strong></span> <span class='ocrx_word' id='word_1_289' title='bbox 425 3183 600 3263; x_wconf 86' lang='lat' dir='ltr'><strong>carissimi,</strong></span> <span class='ocrx_word' id='word_1_290' title='bbox 635 3183 720 3265; x_wconf 78' lang='lat' dir='ltr'><strong>regis</strong></span> <span class='ocrx_word' id='word_1_291' title='bbox 749 3180 900 3244; x_wconf 90' lang='lat' dir='ltr'><strong>videlicet</strong></span> <span class='ocrx_word' id='word_1_292' title='bbox 930 3177 1074 3260; x_wconf 89' lang='lat' dir='ltr'><strong>Ottonis,</strong></span> <span class='ocrx_word' id='word_1_293' title='bbox 1109 3199 1169 3241; x_wconf 90' lang='lat' dir='ltr'><strong>nec</strong></span> <span class='ocrx_word' id='word_1_294' title='bbox 1192 3201 1258 3242; x_wconf 91' lang='lat' dir='ltr'><strong>non</strong></span> <span class='ocrx_word' id='word_1_295' title='bbox 1281 3188 1313 3242; x_wconf 91' lang='lat' dir='ltr'><strong>et</strong></span> <span class='ocrx_word' id='word_1_296' title='bbox 1335 3179 1517 3243; x_wconf 89' lang='lat' dir='ltr'><strong>interventu</strong></span> <span class='ocrx_word' id='word_1_297' title='bbox 1541 3201 1580 3244; x_wconf 91' lang='lat' dir='ltr'><strong>ac</strong></span> <span class='ocrx_word' id='word_1_298' title='bbox 1607 3181 1762 3266; x_wconf 88' lang='lat' dir='ltr'><strong>petitione</strong></span> <span class='ocrx_word' id='word_1_299' title='bbox 1792 3182 1937 3246; x_wconf 87' lang='lat' dir='ltr'><strong>eiusdem</strong></span> 
     </span>
     <span class='ocr_line' id='line_1_26' title="bbox 294 3283 1989 3371; baseline 0.002 -23"><span class='ocrx_word' id='word_1_300' title='bbox 294 3284 499 3350; x_wconf 85' lang='lat' dir='ltr'><strong>Athelheidis</strong></span> <span class='ocrx_word' id='word_1_301' title='bbox 522 3294 654 3349; x_wconf 88' lang='lat' dir='ltr'><strong>nostrae</strong></span> <span class='ocrx_word' id='word_1_302' title='bbox 677 3285 844 3367; x_wconf 81' lang='lat' dir='ltr'><strong>carissime</strong></span> <span class='ocrx_word' id='word_1_303' title='bbox 868 3284 1015 3368; x_wconf 85' lang='lat' dir='ltr'><strong>coniugis</strong></span> <span class='ocrx_word' id='word_1_304' title='bbox 1039 3293 1284 3369; x_wconf 89' lang='lat' dir='ltr'><strong>ceterorumque</strong></span> <span class='ocrx_word' id='word_1_305' title='bbox 1306 3292 1492 3348; x_wconf 89' lang='lat' dir='ltr'><strong>nostrorum</strong></span> <span class='ocrx_word' id='word_1_306' title='bbox 1515 3283 1669 3366; x_wconf 88' lang='lat' dir='ltr'><strong>fidelium,</strong></span> <span class='ocrx_word' id='word_1_307' title='bbox 1693 3285 1830 3350; x_wconf 89' lang='lat' dir='ltr'><strong>consilio</strong></span> <span class='ocrx_word' id='word_1_308' title='bbox 1855 3286 1938 3371; x_wconf 92' lang='lat' dir='ltr'><strong>Pop·</strong></span> <span class='ocrx_word' id='word_1_309' title='bbox 1956 3303 1989 3351; x_wconf 78' lang='lat' dir='ltr'><strong>ro</strong></span> 
     </span>
     <span class='ocr_line' id='line_1_27' title="bbox 295 3385 1938 3472; baseline 0.002 -20"><span class='ocrx_word' id='word_1_310' title='bbox 295 3389 389 3472; x_wconf 89' lang='lat' dir='ltr'><strong>ponis</strong></span> <span class='ocrx_word' id='word_1_311' title='bbox 413 3390 511 3451; x_wconf 89' lang='lat' dir='ltr'><strong>etiam</strong></span> <span class='ocrx_word' id='word_1_312' title='bbox 527 3386 812 3470; x_wconf 84' lang='lat' dir='ltr'><strong>Uuireiburgeusis</strong></span> <span class='ocrx_word' id='word_1_313' title='bbox 835 3386 995 3469; x_wconf 73' lang='lat' dir='ltr'><strong>ecelesiae</strong></span> <span class='ocrx_word' id='word_1_314' title='bbox 1017 3388 1164 3472; x_wconf 88' lang='lat' dir='ltr'><strong>episcopi</strong></span> <span class='ocrx_word' id='word_1_315' title='bbox 1187 3395 1284 3471; x_wconf 88' lang='lat' dir='ltr'><strong>atque</strong></span> <span class='ocrx_word' id='word_1_316' title='bbox 1301 3385 1441 3451; x_wconf 84' lang='lat' dir='ltr'><strong>Geronis</strong></span> <span class='ocrx_word' id='word_1_317' title='bbox 1464 3387 1661 3453; x_wconf 90' lang='lat' dir='ltr'><strong>marchionis</strong></span> <span class='ocrx_word' id='word_1_318' title='bbox 1685 3388 1766 3454; x_wconf 90' lang='lat' dir='ltr'><strong>duas</strong></span> <span class='ocrx_word' id='word_1_319' title='bbox 1790 3391 1938 3455; x_wconf 89' lang='lat' dir='ltr'><strong>civitates</strong></span> 
     </span>
     <span class='ocr_line' id='line_1_28' title="bbox 294 3488 1939 3575; baseline 0.002 -21"><span class='ocrx_word' id='word_1_320' title='bbox 294 3500 426 3554; x_wconf 89' lang='lat' dir='ltr'><strong>nostrae</strong></span> <span class='ocrx_word' id='word_1_321' title='bbox 448 3492 557 3575; x_wconf 83' lang='lat' dir='ltr'><strong>regiae</strong></span> <span class='ocrx_word' id='word_1_322' title='bbox 580 3489 632 3554; x_wconf 90' lang='lat' dir='ltr'><strong>vel</strong></span> <span class='ocrx_word' id='word_1_323' title='bbox 656 3491 883 3573; x_wconf 86' lang='lat' dir='ltr'><strong>imperatoriae</strong></span> <span class='ocrx_word' id='word_1_324' title='bbox 908 3492 1114 3575; x_wconf 86' lang='lat' dir='ltr'><strong>proprietatis</strong></span> <span class='ocrx_word' id='word_1_325' title='bbox 1133 3488 1269 3554; x_wconf 92' lang='lat' dir='ltr'><strong>Luborn</strong></span> <span class='ocrx_word' id='word_1_326' title='bbox 1291 3498 1323 3553; x_wconf 89' lang='lat' dir='ltr'><strong>et</strong></span> <span class='ocrx_word' id='word_1_327' title='bbox 1342 3488 1500 3554; x_wconf 73' lang='lat' dir='ltr'><strong>&#39;lirchime</strong></span> <span class='ocrx_word' id='word_1_328' title='bbox 1523 3493 1708 3556; x_wconf 88' lang='lat' dir='ltr'><strong>nominatas</strong></span> <span class='ocrx_word' id='word_1_329' title='bbox 1731 3493 1765 3556; x_wconf 90' lang='lat' dir='ltr'><strong>in</strong></span> <span class='ocrx_word' id='word_1_330' title='bbox 1788 3493 1939 3558; x_wconf 88' lang='lat' dir='ltr'><strong>occiden-</strong></span> 
     </span>
     <span class='ocr_line' id='line_1_29' title="bbox 295 3593 1937 3681; baseline 0.001 -23"><span class='ocrx_word' id='word_1_331' title='bbox 295 3595 352 3658; x_wconf 88' lang='lat' dir='ltr'><strong>tali</strong></span> <span class='ocrx_word' id='word_1_332' title='bbox 380 3606 472 3679; x_wconf 89' lang='lat' dir='ltr'><strong>parte</strong></span> <span class='ocrx_word' id='word_1_333' title='bbox 503 3593 598 3677; x_wconf 79' lang='lat' dir='ltr'><strong>filbie</strong></span> <span class='ocrx_word' id='word_1_334' title='bbox 626 3594 767 3658; x_wconf 88' lang='lat' dir='ltr'><strong>fluminis</strong></span> <span class='ocrx_word' id='word_1_335' title='bbox 797 3603 828 3657; x_wconf 90' lang='lat' dir='ltr'><strong>et</strong></span> <span class='ocrx_word' id='word_1_336' title='bbox 856 3595 889 3656; x_wconf 92' lang='lat' dir='ltr'><strong>in</strong></span> <span class='ocrx_word' id='word_1_337' title='bbox 917 3615 1004 3678; x_wconf 86' lang='lat' dir='ltr'><strong>pago</strong></span> <span class='ocrx_word' id='word_1_338' title='bbox 1032 3594 1304 3657; x_wconf 86' lang='lat' dir='ltr'><strong>Moroszauorum</strong></span> <span class='ocrx_word' id='word_1_339' title='bbox 1333 3593 1413 3656; x_wconf 89' lang='lat' dir='ltr'><strong>sitas</strong></span> <span class='ocrx_word' id='word_1_340' title='bbox 1442 3602 1541 3679; x_wconf 90' lang='lat' dir='ltr'><strong>atque</strong></span> <span class='ocrx_word' id='word_1_341' title='bbox 1564 3596 1595 3658; x_wconf 92' lang='lat' dir='ltr'><strong>in</strong></span> <span class='ocrx_word' id='word_1_342' title='bbox 1620 3596 1776 3659; x_wconf 90' lang='lat' dir='ltr'><strong>comitatu</strong></span> <span class='ocrx_word' id='word_1_343' title='bbox 1800 3596 1937 3681; x_wconf 76' lang='lat' dir='ltr'><strong>predicti</strong></span> 
     </span>
     <span class='ocr_line' id='line_1_30' title="bbox 295 3696 1940 3784; baseline 0.001 -22"><span class='ocrx_word' id='word_1_344' title='bbox 295 3697 492 3763; x_wconf 87' lang='lat' dir='ltr'><strong>marchionis</strong></span> <span class='ocrx_word' id='word_1_345' title='bbox 517 3696 656 3761; x_wconf 83' lang='lat' dir='ltr'><strong>Geronis</strong></span> <span class='ocrx_word' id='word_1_346' title='bbox 680 3718 755 3761; x_wconf 91' lang='lat' dir='ltr'><strong>cum</strong></span> <span class='ocrx_word' id='word_1_347' title='bbox 779 3696 928 3760; x_wconf 89' lang='lat' dir='ltr'><strong>omnibus</strong></span> <span class='ocrx_word' id='word_1_348' title='bbox 951 3696 1154 3781; x_wconf 88' lang='lat' dir='ltr'><strong>appendiciis</strong></span> <span class='ocrx_word' id='word_1_349' title='bbox 1177 3697 1259 3778; x_wconf 89' lang='lat' dir='ltr'><strong>suis,</strong></span> <span class='ocrx_word' id='word_1_350' title='bbox 1290 3704 1359 3759; x_wconf 88' lang='lat' dir='ltr'><strong>tam</strong></span> <span class='ocrx_word' id='word_1_351' title='bbox 1387 3697 1420 3759; x_wconf 91' lang='lat' dir='ltr'><strong>in</strong></span> <span class='ocrx_word' id='word_1_352' title='bbox 1449 3699 1622 3782; x_wconf 90' lang='lat' dir='ltr'><strong>mancipiis</strong></span> <span class='ocrx_word' id='word_1_353' title='bbox 1651 3700 1818 3784; x_wconf 88' lang='lat' dir='ltr'><strong>utriusque</strong></span> <span class='ocrx_word' id='word_1_354' title='bbox 1842 3722 1940 3763; x_wconf 84' lang='lat' dir='ltr'><strong>sexus</strong></span> 
     </span>
     <span class='ocr_line' id='line_1_31' title="bbox 296 3798 1991 3888; baseline 0.002 -21"><span class='ocrx_word' id='word_1_355' title='bbox 296 3825 394 3888; x_wconf 91' lang='lat' dir='ltr'><strong>quam</strong></span> <span class='ocrx_word' id='word_1_356' title='bbox 423 3801 581 3865; x_wconf 84' lang='lat' dir='ltr'><strong>aedificiis</strong></span> <span class='ocrx_word' id='word_1_357' title='bbox 610 3801 712 3884; x_wconf 90' lang='lat' dir='ltr'><strong>pratis</strong></span> <span class='ocrx_word' id='word_1_358' title='bbox 740 3803 871 3885; x_wconf 82' lang='lat' dir='ltr'><strong>pascuis</strong></span> <span class='ocrx_word' id='word_1_359' title='bbox 896 3799 984 3863; x_wconf 90' lang='lat' dir='ltr'><strong>silvis</strong></span> <span class='ocrx_word' id='word_1_360' title='bbox 1008 3798 1236 3864; x_wconf 89' lang='lat' dir='ltr'><strong>venationibus</strong></span> <span class='ocrx_word' id='word_1_361' title='bbox 1259 3799 1496 3882; x_wconf 88' lang='lat' dir='ltr'><strong>piseationibus</strong></span> <span class='ocrx_word' id='word_1_362' title='bbox 1520 3802 1612 3865; x_wconf 89' lang='lat' dir='ltr'><strong>terris</strong></span> <span class='ocrx_word' id='word_1_363' title='bbox 1636 3801 1731 3867; x_wconf 90' lang='lat' dir='ltr'><strong>cultis</strong></span> <span class='ocrx_word' id='word_1_364' title='bbox 1755 3811 1787 3866; x_wconf 91' lang='lat' dir='ltr'><strong>et</strong></span> <span class='ocrx_word' id='word_1_365' title='bbox 1808 3801 1938 3867; x_wconf 88' lang='lat' dir='ltr'><strong>incultis</strong></span> <span class='ocrx_word' id='word_1_366' title='bbox 1957 3824 1991 3871; x_wconf 84' lang='lat'><strong>30</strong></span> 
     </span>
     <span class='ocr_line' id='line_1_32' title="bbox 296 3902 1940 3991; baseline 0 -23"><span class='ocrx_word' id='word_1_367' title='bbox 296 3907 384 3987; x_wconf 84' lang='lat' dir='ltr'><strong>agris</strong></span> <span class='ocrx_word' id='word_1_368' title='bbox 407 3906 532 3989; x_wconf 86' lang='lat' dir='ltr'><strong>eampis</strong></span> <span class='ocrx_word' id='word_1_369' title='bbox 554 3905 617 3968; x_wconf 88' lang='lat' dir='ltr'><strong>viis</strong></span> <span class='ocrx_word' id='word_1_370' title='bbox 640 3914 671 3967; x_wconf 89' lang='lat' dir='ltr'><strong>et</strong></span> <span class='ocrx_word' id='word_1_371' title='bbox 693 3906 791 3968; x_wconf 88' lang='lat' dir='ltr'><strong>inviis</strong></span> <span class='ocrx_word' id='word_1_372' title='bbox 814 3906 909 3991; x_wconf 89' lang='lat' dir='ltr'><strong>aquis</strong></span> <span class='ocrx_word' id='word_1_373' title='bbox 932 3926 1131 3988; x_wconf 86' lang='lat' dir='ltr'><strong>aquarumve</strong></span> <span class='ocrx_word' id='word_1_374' title='bbox 1155 3902 1345 3968; x_wconf 90' lang='lat' dir='ltr'><strong>decursibus</strong></span> <span class='ocrx_word' id='word_1_375' title='bbox 1368 3903 1563 3969; x_wconf 89' lang='lat' dir='ltr'><strong>molendinis</strong></span> <span class='ocrx_word' id='word_1_376' title='bbox 1585 3904 1761 3970; x_wconf 89' lang='lat' dir='ltr'><strong>mobilibus</strong></span> <span class='ocrx_word' id='word_1_377' title='bbox 1779 3916 1811 3970; x_wconf 89' lang='lat' dir='ltr'><strong>ct</strong></span> <span class='ocrx_word' id='word_1_378' title='bbox 1828 3907 1940 3969; x_wconf 91' lang='lat' dir='ltr'><strong>immo·</strong></span> 
     </span>
     <span class='ocr_line' id='line_1_33' title="bbox 295 4004 1939 4093; baseline 0.001 -23"><span class='ocrx_word' id='word_1_379' title='bbox 295 4006 415 4071; x_wconf 91' lang='lat' dir='ltr'><strong>bilibus</strong></span> <span class='ocrx_word' id='word_1_380' title='bbox 438 4005 580 4070; x_wconf 85' lang='lat' dir='ltr'><strong>exitibus</strong></span> <span class='ocrx_word' id='word_1_381' title='bbox 603 4014 635 4069; x_wconf 91' lang='lat' dir='ltr'><strong>et</strong></span> <span class='ocrx_word' id='word_1_382' title='bbox 657 4004 815 4071; x_wconf 89' lang='lat' dir='ltr'><strong>reditibus</strong></span> <span class='ocrx_word' id='word_1_383' title='bbox 839 4008 972 4093; x_wconf 75' lang='lat' dir='ltr'><strong>quesitis</strong></span> <span class='ocrx_word' id='word_1_384' title='bbox 996 4017 1028 4071; x_wconf 92' lang='lat' dir='ltr'><strong>et</strong></span> <span class='ocrx_word' id='word_1_385' title='bbox 1055 4007 1255 4092; x_wconf 90' lang='lat' dir='ltr'><strong>inquirendis</strong></span> <span class='ocrx_word' id='word_1_386' title='bbox 1278 4006 1329 4071; x_wconf 91' lang='lat' dir='ltr'><strong>vel</strong></span> <span class='ocrx_word' id='word_1_387' title='bbox 1360 4006 1509 4072; x_wconf 93' lang='lat' dir='ltr'><strong>omnibus</strong></span> <span class='ocrx_word' id='word_1_388' title='bbox 1539 4007 1733 4074; x_wconf 90' lang='lat' dir='ltr'><strong>utilitatibus</strong></span> <span class='ocrx_word' id='word_1_389' title='bbox 1764 4008 1841 4074; x_wconf 90' lang='lat' dir='ltr'><strong>illue</strong></span> <span class='ocrx_word' id='word_1_390' title='bbox 1871 4011 1939 4072; x_wconf 92' lang='lat' dir='ltr'><strong>iure</strong></span> 
     </span>
     <span class='ocr_line' id='line_1_34' title="bbox 296 4107 1940 4196; baseline 0.002 -23"><span class='ocrx_word' id='word_1_391' title='bbox 296 4108 538 4194; x_wconf 87' lang='lat' dir='ltr'><strong>aspicientibus,</strong></span> <span class='ocrx_word' id='word_1_392' title='bbox 569 4107 630 4172; x_wconf 89' lang='lat' dir='ltr'><strong>deo</strong></span> <span class='ocrx_word' id='word_1_393' title='bbox 654 4119 832 4196; x_wconf 90' lang='lat' dir='ltr'><strong>sanctoque</strong></span> <span class='ocrx_word' id='word_1_394' title='bbox 855 4112 977 4174; x_wconf 88' lang='lat' dir='ltr'><strong>martiri</strong></span> <span class='ocrx_word' id='word_1_395' title='bbox 1002 4111 1172 4193; x_wconf 81' lang='lat' dir='ltr'><strong>Mauricio,</strong></span> <span class='ocrx_word' id='word_1_396' title='bbox 1195 4120 1306 4175; x_wconf 89' lang='lat' dir='ltr'><strong>nostro</strong></span> <span class='ocrx_word' id='word_1_397' title='bbox 1331 4110 1455 4174; x_wconf 87' lang='lat' dir='ltr'><strong>scilicet</strong></span> <span class='ocrx_word' id='word_1_398' title='bbox 1477 4119 1627 4195; x_wconf 90' lang='lat' dir='ltr'><strong>patrono,</strong></span> <span class='ocrx_word' id='word_1_399' title='bbox 1656 4114 1690 4176; x_wconf 92' lang='lat' dir='ltr'><strong>iu</strong></span> <span class='ocrx_word' id='word_1_400' title='bbox 1712 4111 1940 4196; x_wconf 84' lang='lat' dir='ltr'><strong>Magadaburg</strong></span> 
     </span>
     <span class='ocr_line' id='line_1_35' title="bbox 296 4213 1940 4301; baseline 0.001 -22"><span class='ocrx_word' id='word_1_401' title='bbox 296 4213 473 4279; x_wconf 88' lang='lat' dir='ltr'><strong>liberaliter</strong></span> <span class='ocrx_word' id='word_1_402' title='bbox 501 4215 531 4276; x_wconf 92' lang='lat' dir='ltr'><strong>in</strong></span> <span class='ocrx_word' id='word_1_403' title='bbox 563 4225 752 4297; x_wconf 88' lang='lat' dir='ltr'><strong>perpetuam</strong></span> <span class='ocrx_word' id='word_1_404' title='bbox 775 4216 1007 4298; x_wconf 82' lang='lat' dir='ltr'><strong>proprietatem</strong></span> <span class='ocrx_word' id='word_1_405' title='bbox 1029 4214 1285 4279; x_wconf 88' lang='lat' dir='ltr'><strong>transfundimus</strong></span> <span class='ocrx_word' id='word_1_406' title='bbox 1308 4222 1340 4277; x_wconf 92' lang='lat' dir='ltr'><strong>et</strong></span> <span class='ocrx_word' id='word_1_407' title='bbox 1363 4213 1522 4279; x_wconf 88' lang='lat' dir='ltr'><strong>donamus</strong></span> <span class='ocrx_word' id='word_1_408' title='bbox 1546 4223 1578 4278; x_wconf 93' lang='lat' dir='ltr'><strong>et</strong></span> <span class='ocrx_word' id='word_1_409' title='bbox 1600 4215 1644 4280; x_wconf 88' lang='lat' dir='ltr'><strong>ad</strong></span> <span class='ocrx_word' id='word_1_410' title='bbox 1666 4238 1748 4301; x_wconf 92' lang='lat' dir='ltr'><strong>opus</strong></span> <span class='ocrx_word' id='word_1_411' title='bbox 1770 4215 1822 4281; x_wconf 90' lang='lat' dir='ltr'><strong>vel</strong></span> <span class='ocrx_word' id='word_1_412' title='bbox 1845 4238 1940 4281; x_wconf 91' lang='lat' dir='ltr'><strong>usum</strong></span> 
     </span>
     <span class='ocr_line' id='line_1_36' title="bbox 296 4315 1990 4403; baseline 0.002 -23"><span class='ocrx_word' id='word_1_413' title='bbox 296 4319 432 4381; x_wconf 84' lang='lat' dir='ltr'><strong>fratrum</strong></span> <span class='ocrx_word' id='word_1_414' title='bbox 454 4315 576 4380; x_wconf 90' lang='lat' dir='ltr'><strong>ibidem</strong></span> <span class='ocrx_word' id='word_1_415' title='bbox 600 4316 660 4381; x_wconf 91' lang='lat' dir='ltr'><strong>deo</strong></span> <span class='ocrx_word' id='word_1_416' title='bbox 686 4318 894 4382; x_wconf 88' lang='lat' dir='ltr'><strong>servientium</strong></span> <span class='ocrx_word' id='word_1_417' title='bbox 917 4318 1125 4403; x_wconf 89' lang='lat' dir='ltr'><strong>deputamus,</strong></span> <span class='ocrx_word' id='word_1_418' title='bbox 1156 4319 1246 4383; x_wconf 91' lang='lat' dir='ltr'><strong>utin</strong></span> <span class='ocrx_word' id='word_1_419' title='bbox 1269 4325 1462 4403; x_wconf 90' lang='lat' dir='ltr'><strong>perpetuum</strong></span> <span class='ocrx_word' id='word_1_420' title='bbox 1486 4326 1617 4382; x_wconf 89' lang='lat' dir='ltr'><strong>teneant</strong></span> <span class='ocrx_word' id='word_1_421' title='bbox 1639 4327 1672 4382; x_wconf 90' lang='lat' dir='ltr'><strong>et</strong></span> <span class='ocrx_word' id='word_1_422' title='bbox 1694 4318 1885 4403; x_wconf 87' lang='lat' dir='ltr'><strong>possideant</strong></span> <span class='ocrx_word' id='word_1_423' title='bbox 1907 4329 1940 4384; x_wconf 91' lang='lat' dir='ltr'><strong>et</strong></span> <span class='ocrx_word' id='word_1_424' title='bbox 1957 4347 1990 4394; x_wconf 76' lang='lat'><strong>35</strong></span> 
     </span>
     <span class='ocr_line' id='line_1_37' title="bbox 297 4419 1939 4509; baseline 0.003 -25"><span class='ocrx_word' id='word_1_425' title='bbox 297 4422 363 4485; x_wconf 90' lang='lat' dir='ltr'><strong>suis</strong></span> <span class='ocrx_word' id='word_1_426' title='bbox 387 4419 499 4485; x_wconf 85' lang='lat' dir='ltr'><strong>usibus</strong></span> <span class='ocrx_word' id='word_1_427' title='bbox 523 4422 615 4484; x_wconf 87' lang='lat' dir='ltr'><strong>iuxta</strong></span> <span class='ocrx_word' id='word_1_428' title='bbox 639 4419 766 4484; x_wconf 89' lang='lat' dir='ltr'><strong>libitum</strong></span> <span class='ocrx_word' id='word_1_429' title='bbox 789 4420 978 4505; x_wconf 80' lang='lat' dir='ltr'><strong>adiungant.</strong></span> <span class='ocrx_word' id='word_1_430' title='bbox 1022 4422 1066 4486; x_wconf 85' lang='lat' dir='ltr'><strong>Et</strong></span> <span class='ocrx_word' id='word_1_431' title='bbox 1088 4430 1124 4486; x_wconf 93' lang='lat' dir='ltr'><strong>ut</strong></span> <span class='ocrx_word' id='word_1_432' title='bbox 1145 4421 1209 4486; x_wconf 91' lang='lat' dir='ltr'><strong>hoc</strong></span> <span class='ocrx_word' id='word_1_433' title='bbox 1231 4431 1363 4486; x_wconf 91' lang='lat' dir='ltr'><strong>nostrae</strong></span> <span class='ocrx_word' id='word_1_434' title='bbox 1385 4419 1619 4505; x_wconf 87' lang='lat' dir='ltr'><strong>magnitudinis</strong></span> <span class='ocrx_word' id='word_1_435' title='bbox 1643 4434 1853 4509; x_wconf 89' lang='lat' dir='ltr'><strong>praeceptum</strong></span> <span class='ocrx_word' id='word_1_436' title='bbox 1882 4447 1939 4489; x_wconf 89' lang='lat' dir='ltr'><strong>scu</strong></span> 
     </span>
     <span class='ocr_line' id='line_1_38' title="bbox 295 4523 1939 4609; baseline 0.002 -21"><span class='ocrx_word' id='word_1_437' title='bbox 295 4533 425 4588; x_wconf 86' lang='lat' dir='ltr'><strong>nostrae</strong></span> <span class='ocrx_word' id='word_1_438' title='bbox 454 4523 693 4587; x_wconf 87' lang='lat' dir='ltr'><strong>munificentiae</strong></span> <span class='ocrx_word' id='word_1_439' title='bbox 723 4523 843 4588; x_wconf 87' lang='lat' dir='ltr'><strong>donum</strong></span> <span class='ocrx_word' id='word_1_440' title='bbox 873 4546 893 4586; x_wconf 89' lang='lat' dir='ltr'><strong>a</strong></span> <span class='ocrx_word' id='word_1_441' title='bbox 921 4527 1046 4589; x_wconf 91' lang='lat' dir='ltr'><strong>cunetis</strong></span> <span class='ocrx_word' id='word_1_442' title='bbox 1074 4524 1225 4590; x_wconf 88' lang='lat' dir='ltr'><strong>fidelibus</strong></span> <span class='ocrx_word' id='word_1_443' title='bbox 1253 4526 1287 4589; x_wconf 92' lang='lat' dir='ltr'><strong>in</strong></span> <span class='ocrx_word' id='word_1_444' title='bbox 1313 4525 1422 4589; x_wconf 89' lang='lat' dir='ltr'><strong>futuro</strong></span> <span class='ocrx_word' id='word_1_445' title='bbox 1445 4534 1593 4609; x_wconf 89' lang='lat' dir='ltr'><strong>tempore</strong></span> <span class='ocrx_word' id='word_1_446' title='bbox 1616 4525 1744 4591; x_wconf 91' lang='lat' dir='ltr'><strong>firmum</strong></span> <span class='ocrx_word' id='word_1_447' title='bbox 1767 4536 1799 4591; x_wconf 88' lang='lat' dir='ltr'><strong>et</strong></span> <span class='ocrx_word' id='word_1_448' title='bbox 1822 4527 1939 4593; x_wconf 88' lang='lat' dir='ltr'><strong>stabile</strong></span> 
     </span>
     <span class='ocr_line' id='line_1_39' title="bbox 294 4626 1942 4716; baseline 0.002 -25"><span class='ocrx_word' id='word_1_449' title='bbox 294 4637 499 4712; x_wconf 88' lang='lat' dir='ltr'><strong>permaneat,</strong></span> <span class='ocrx_word' id='word_1_450' title='bbox 530 4626 615 4690; x_wconf 89' lang='lat' dir='ltr'><strong>hane</strong></span> <span class='ocrx_word' id='word_1_451' title='bbox 639 4635 763 4691; x_wconf 87' lang='lat' dir='ltr'><strong>cartam</strong></span> <span class='ocrx_word' id='word_1_452' title='bbox 787 4626 884 4691; x_wconf 87' lang='lat' dir='ltr'><strong>scribi</strong></span> <span class='ocrx_word' id='word_1_453' title='bbox 909 4627 1061 4712; x_wconf 89' lang='lat' dir='ltr'><strong>anulique</strong></span> <span class='ocrx_word' id='word_1_454' title='bbox 1085 4629 1186 4692; x_wconf 84' lang='lat' dir='ltr'><strong>nostri</strong></span> <span class='ocrx_word' id='word_1_455' title='bbox 1210 4629 1424 4712; x_wconf 88' lang='lat' dir='ltr'><strong>impressione</strong></span> <span class='ocrx_word' id='word_1_456' title='bbox 1448 4629 1569 4712; x_wconf 84' lang='lat' dir='ltr'><strong>signari</strong></span> <span class='ocrx_word' id='word_1_457' title='bbox 1592 4629 1760 4711; x_wconf 89' lang='lat' dir='ltr'><strong>iussimus,</strong></span> <span class='ocrx_word' id='word_1_458' title='bbox 1789 4653 1886 4716; x_wconf 92' lang='lat' dir='ltr'><strong>quam</strong></span> <span class='ocrx_word' id='word_1_459' title='bbox 1909 4641 1942 4695; x_wconf 90' lang='lat' dir='ltr'><strong>et</strong></span> 
     </span>
     <span class='ocr_line' id='line_1_40' title="bbox 296 4729 920 4814; baseline 0.002 -21"><span class='ocrx_word' id='word_1_460' title='bbox 296 4753 394 4794; x_wconf 88' lang='lat' dir='ltr'><strong>manu</strong></span> <span class='ocrx_word' id='word_1_461' title='bbox 418 4731 550 4814; x_wconf 90' lang='lat' dir='ltr'><strong>propria</strong></span> <span class='ocrx_word' id='word_1_462' title='bbox 573 4729 687 4793; x_wconf 83' lang='lat' dir='ltr'><strong>subtus</strong></span> <span class='ocrx_word' id='word_1_463' title='bbox 709 4731 920 4795; x_wconf 88' lang='lat' dir='ltr'><strong>firmavimus.</strong></span> 
     </span>
    </p>
   </div>
   <div class='ocr_carea' id='block_1_5' title="bbox 399 4892 1992 4982">
    <p class='ocr_par' dir='ltr' id='par_1_5' title="bbox 399 4892 1992 4982">
     <span class='ocr_line' id='line_1_41' title="bbox 399 4892 1992 4982; baseline 0.004 -24"><span class='ocrx_word' id='word_1_464' title='bbox 399 4892 413 4974; x_wconf 66' lang='grc' dir='ltr'>Ε</span> <span class='ocrx_word' id='word_1_465' title='bbox 436 4892 569 4977; x_wconf 80' lang='lat' dir='ltr'><strong>Signum</strong></span> <span class='ocrx_word' id='word_1_466' title='bbox 594 4892 704 4958; x_wconf 90' lang='lat' dir='ltr'><strong>domni</strong></span> <span class='ocrx_word' id='word_1_467' title='bbox 728 4892 859 4960; x_wconf 89' lang='lat' dir='ltr'><strong>Ottonis</strong></span> <span class='ocrx_word' id='word_1_468' title='bbox 882 4897 991 4980; x_wconf 84' lang='lat' dir='ltr'><strong>magni</strong></span> <span class='ocrx_word' id='word_1_469' title='bbox 1015 4903 1047 4959; x_wconf 93' lang='lat' dir='ltr'><strong>et</strong></span> <span class='ocrx_word' id='word_1_470' title='bbox 1068 4896 1272 4960; x_wconf 89' lang='lat' dir='ltr'><strong>invictissimi</strong></span> <span class='ocrx_word' id='word_1_471' title='bbox 1294 4895 1382 4978; x_wconf 73' lang='lat' dir='ltr'>(MP.)</span> <span class='ocrx_word' id='word_1_472' title='bbox 1404 4895 1610 4981; x_wconf 87' lang='lat' dir='ltr'><strong>imperatoris</strong></span> <span class='ocrx_word' id='word_1_473' title='bbox 1634 4896 1811 4982; x_wconf 56' lang='lat' dir='ltr'><strong>augustii</strong></span> <span class='ocrx_word' id='word_1_474' title='bbox 1958 4916 1992 4964; x_wconf 78' lang='lat'><strong>40</strong></span> 
     </span>
    </p>
   </div>
   <div class='ocr_carea' id='block_1_6' title="bbox 401 5020 1943 5212">
    <p class='ocr_par' dir='ltr' id='par_1_6' title="bbox 401 5020 1943 5212">
     <span class='ocr_line' id='line_1_42' title="bbox 401 5020 1943 5111; baseline 0.003 -25"><span class='ocrx_word' id='word_1_475' title='bbox 401 5020 610 5099; x_wconf 64' lang='lat' dir='ltr'><strong>llLiudolfus</strong></span> <span class='ocrx_word' id='word_1_476' title='bbox 637 5024 851 5089; x_wconf 86' lang='lat' dir='ltr'><strong>cancellarius</strong></span> <span class='ocrx_word' id='word_1_477' title='bbox 878 5024 1027 5089; x_wconf 90' lang='lat' dir='ltr'><strong>advicem</strong></span> <span class='ocrx_word' id='word_1_478' title='bbox 1053 5025 1218 5090; x_wconf 91' lang='lat' dir='ltr'><strong>Brunonis</strong></span> <span class='ocrx_word' id='word_1_479' title='bbox 1245 5025 1498 5110; x_wconf 87' lang='lat' dir='ltr'><strong>archicapellani</strong></span> <span class='ocrx_word' id='word_1_480' title='bbox 1526 5027 1637 5091; x_wconf 87' lang='lat' dir='ltr'><strong>notavi</strong></span> <span class='ocrx_word' id='word_1_481' title='bbox 1664 5034 1696 5090; x_wconf 92' lang='lat' dir='ltr'><strong>et</strong></span> <span class='ocrx_word' id='word_1_482' title='bbox 1720 5024 1943 5111; x_wconf 59' lang='lat' dir='ltr'><strong>recognovit</strong></span> 
     </span>
     <span class='ocr_line' id='line_1_43' title="bbox 1723 5130 1942 5212; baseline 0 -19"><span class='ocrx_word' id='word_1_483' title='bbox 1723 5130 1779 5209; x_wconf 88' lang='lat' dir='ltr'>(SI.</span> <span class='ocrx_word' id='word_1_484' title='bbox 1797 5130 1839 5210; x_wconf 83' lang='lat'><strong>4.)</strong></span> <span class='ocrx_word' id='word_1_485' title='bbox 1861 5130 1942 5212; x_wconf 83' lang='lat' dir='ltr'>(SR.)</span> 
     </span>
    </p>
   </div>
   <div class='ocr_carea' id='block_1_7' title="bbox 296 5293 1941 5484">
    <p class='ocr_par' dir='ltr' id='par_1_7' title="bbox 296 5293 1941 5484">
     <span class='ocr_line' id='line_1_44' title="bbox 399 5293 1941 5376; baseline 0.001 -20"><span class='ocrx_word' id='word_1_486' title='bbox 399 5293 487 5358; x_wconf 85' lang='lat' dir='ltr'><strong>Data</strong></span> <span class='ocrx_word' id='word_1_487' title='bbox 511 5310 568 5356; x_wconf 82' lang='lat' dir='ltr'><strong>xv.</strong></span> <span class='ocrx_word' id='word_1_488' title='bbox 592 5293 659 5357; x_wconf 86' lang='lat' dir='ltr'><strong>kal.</strong></span> <span class='ocrx_word' id='word_1_489' title='bbox 683 5293 750 5357; x_wconf 93' lang='lat' dir='ltr'><strong>iulii</strong></span> <span class='ocrx_word' id='word_1_490' title='bbox 774 5316 859 5360; x_wconf 89' lang='lat' dir='ltr'><strong>anuo</strong></span> <span class='ocrx_word' id='word_1_491' title='bbox 885 5293 1069 5358; x_wconf 89' lang='lat' dir='ltr'><strong>dominicae</strong></span> <span class='ocrx_word' id='word_1_492' title='bbox 1091 5293 1326 5359; x_wconf 90' lang='lat' dir='ltr'><strong>incarnationis</strong></span> <span class='ocrx_word' id='word_1_493' title='bbox 1348 5307 1541 5376; x_wconf 75' lang='lat' dir='ltr'><strong>nccccnxv,</strong></span> <span class='ocrx_word' id='word_1_494' title='bbox 1564 5293 1742 5357; x_wconf 90' lang='lat' dir='ltr'><strong>indictione</strong></span> <span class='ocrx_word' id='word_1_495' title='bbox 1758 5310 1832 5376; x_wconf 85' lang='lat' dir='ltr'><strong>vm,</strong></span> <span class='ocrx_word' id='word_1_496' title='bbox 1855 5314 1941 5357; x_wconf 91' lang='lat' dir='ltr'><strong>anno</strong></span> 
     </span>
     <span class='ocr_line' id='line_1_45' title="bbox 296 5395 1940 5484; baseline 0.005 -26"><span class='ocrx_word' id='word_1_497' title='bbox 296 5397 420 5480; x_wconf 88' lang='lat' dir='ltr'><strong>imperii</strong></span> <span class='ocrx_word' id='word_1_498' title='bbox 444 5397 554 5462; x_wconf 91' lang='lat' dir='ltr'><strong>domui</strong></span> <span class='ocrx_word' id='word_1_499' title='bbox 578 5398 709 5463; x_wconf 88' lang='lat' dir='ltr'><strong>Ottonis</strong></span> <span class='ocrx_word' id='word_1_500' title='bbox 733 5416 801 5482; x_wconf 92' lang='lat'><strong>1111,</strong></span> <span class='ocrx_word' id='word_1_501' title='bbox 833 5400 924 5484; x_wconf 83' lang='lat' dir='ltr'><strong>regni</strong></span> <span class='ocrx_word' id='word_1_502' title='bbox 947 5407 1057 5463; x_wconf 91' lang='lat' dir='ltr'><strong>autem</strong></span> <span class='ocrx_word' id='word_1_503' title='bbox 1079 5415 1171 5480; x_wconf 82' lang='lat' dir='ltr'>xxx3</span> <span class='ocrx_word' id='word_1_504' title='bbox 1201 5406 1311 5462; x_wconf 90' lang='lat' dir='ltr'><strong>actum</strong></span> <span class='ocrx_word' id='word_1_505' title='bbox 1332 5418 1409 5462; x_wconf 89' lang='lat' dir='ltr'><strong>vero</strong></span> <span class='ocrx_word' id='word_1_506' title='bbox 1433 5396 1645 5481; x_wconf 83' lang='lat' dir='ltr'><strong>Thomburg3</strong></span> <span class='ocrx_word' id='word_1_507' title='bbox 1676 5395 1813 5461; x_wconf 89' lang='lat' dir='ltr'><strong>feliciter</strong></span> <span class='ocrx_word' id='word_1_508' title='bbox 1835 5419 1940 5467; x_wconf 88' lang='lat' dir='ltr'><strong>amen.</strong></span> 
     </span>
    </p>
   </div>
   <div class='ocr_carea' id='block_1_8' title="bbox 382 5599 1993 5671">
    <p class='ocr_par' dir='ltr' id='par_1_8' title="bbox 382 5599 1993 5671">
     <span class='ocr_line' id='line_1_46' title="bbox 382 5599 1993 5671; baseline -0.003 -16"><span class='ocrx_word' id='word_1_509' title='bbox 382 5599 440 5656; x_wconf 68' lang='lat'><strong>2⁹³.</strong></span> <span class='ocrx_word' id='word_1_510' title='bbox 469 5602 574 5671; x_wconf 66' lang='lat' dir='ltr'><strong>[Foltzt</strong></span> <span class='ocrx_word' id='word_1_511' title='bbox 1910 5608 1912 5613; x_wconf 90' lang='lat'>&#39;</span> <span class='ocrx_word' id='word_1_512' title='bbox 1959 5602 1993 5651; x_wconf 77' lang='grc'><strong>46</strong></span> 
     </span>
    </p>
   </div>
   <div class='ocr_carea' id='block_1_9' title="bbox 0 0 2261 6420">
    <p class='ocr_par' dir='ltr' id='par_1_9' title="bbox 0 0 2261 6420">
     <span class='ocr_line' id='line_1_47' title="bbox 0 0 2261 6420; baseline 0 0"><span class='ocrx_word' id='word_1_513' title='bbox 0 0 2261 6420; x_wconf 95' lang='lat' dir='ltr'><strong> </strong></span> 
     </span>
    </p>
   </div>
  </div>
 </body>
</html>
