4500 6420
360 446 424 513 426
955 455 1407 516 KAISERURKUNDEN.

361 637 493 701 nomine
523 635 689 720 quoddam
717 635 887 722 praedium
917 636 957 701 de
984 648 1097 702 nostro
1125 636 1205 702 fisco
1232 639 1266 702 in
1288 638 1457 722 proprium
1479 636 1688 719 donavimus,
1722 639 1757 703 in
1777 637 1857 704 villa
1880 636 2006 704 seilicet

361 738 545 823 Drogobuli
575 761 658 825 quae
689 738 799 804 Salam
827 748 859 803 et
886 738 1038 824 Fon[am]
1073 740 1190 805 fluvios
1224 740 1410 822 interiacet,
1443 739 1478 803 in
1507 741 1664 805 comitatu
1695 740 1841 806 eiusdem
1875 743 2004 807 comitis

361 843 540 908 Thietmari
569 865 644 907 eum
675 842 824 909 omnibus
853 843 1050 929 appenditiis
1079 854 1112 908 et
1138 843 1346 927 utilitatibus,
1381 853 1446 907 tam
1474 845 1507 908 in
1530 842 1687 908 aedificiis
1711 866 1810 930 quam
1832 845 2004 930 mancipiis

362 947 455 1010 terris
478 945 572 1011 cultis
595 955 628 1010 et
653 945 783 1010 incultis
812 947 914 1031 pratis
941 947 1074 1032 pascuis
1103 949 1197 1033 aquis
1226 968 1426 1032 aquarumve
1455 945 1645 1011 decursibus
1672 945 1868 1012 molendinis
1896 949 2002 1032 pisca·

362 1048 504 1114 tionibus
526 1050 589 1113 viis
611 1058 643 1113 et
665 1050 760 1113 inviis
783 1049 924 1115 exitibus
952 1059 984 1114 et
1009 1048 1167 1115 reditibus
1196 1052 1330 1135 quesitis
1359 1059 1391 1115 et
1419 1049 1619 1135 inquirendis
1648 1049 1862 1136 omnibusque
1896 1052 2038 1116 cuius-o

362 1172 500 1236 cumque
523 1151 612 1216 modi
635 1150 828 1217 utilitatibus
851 1172 935 1237 quae
964 1155 1066 1217 nostri
1096 1154 1173 1216 iuris
1203 1174 1275 1216 esse
1296 1151 1507 1235 videbantur,
1542 1162 1578 1216 ut
1605 1155 1871 1238 praenominatus
1899 1152 2004 1217 fidelis

362 1265 472 1318 noster
489 1252 708 1320 Thiemarusd
731 1264 840 1321 teneat
858 1265 889 1321 et
906 1256 1074 1341 possideat
1096 1265 1128 1320 et
1151 1256 1284 1321 liberam
1308 1254 1429 1320 habeat
1451 1265 1647 1341 potestatem
1669 1257 1704 1322 id
1726 1259 1834 1343 ipsum
1856 1257 2004 1343 predium

362 1356 505 1422 donandi
529 1356 690 1423 vendendi
719 1359 940 1424 commutandi
963 1358 1014 1424 vel
1045 1359 1200 1447 quicquid
1228 1360 1289 1425 sibi
1316 1359 1447 1425 libuerit
1475 1359 1594 1423 exinde
1621 1359 1774 1424 faciendi.
1818 1361 1863 1424 Et
1885 1369 1921 1426 ut
1942 1360 2005 1424 boe

361 1461 600 1527 munificentiae
622 1471 754 1528 nostrae
778 1462 899 1528 donum
914 1462 965 1527 vel
981 1464 1184 1528 auctoritatis
1201 1472 1333 1529 nostrae
1356 1472 1566 1549 praeceptum
1589 1463 1718 1528 firmum
1740 1473 1773 1528 et
1795 1462 1911 1528 stabile
1933 1484 2003 1548 per

362 1573 502 1647 maneat,
527 1573 652 1629 cartam
673 1563 758 1628 hone
781 1563 944 1628 conscribi
967 1573 999 1628 et
1021 1564 1110 1630 anuli
1133 1567 1235 1630 nostri
1259 1562 1498 1650 impressione‘¹
1521 1566 1643 1649 signari
1666 1567 1829 1648 iussimus,
1852 1587 1952 1652 quam
1973 1575 2006 1630 et
2024 1582 2057 1629 10

363 1685 461 1729 manu
483 1669 615 1752 propria
639 1666 753 1732 subtus
775 1666 985 1732 firmavimus.

462 1798 476 1882 ξ
499 1801 634 1887 Signum
658 1803 768 1868 domni
793 1802 923 1868 Ottonis
946 1805 1009 1883 (M.)
1034 1806 1143 1889 magni
1166 1815 1198 1869 et
1219 1807 1424 1871 invictissimi
1447 1807 1653 1891 imperatoris
1676 1803 1853 1890 augustii

464 1900 479 1982 ᾖ
500 1904 673 1971 Liudolfus
685 1906 899 1972 cancellarius
911 1906 1061 1972 adviocm
1072 1907 1272 1973 Uuillihelmi
1288 1908 1563 1995 archicappellani
1579 1912 1764 1993 recognovi.
1780 1908 1794 1990 i
1808 1911 1864 1990 (sl.
1874 1912 1915 1992 5.)
1925 1911 2007 1992 (SR)

464 2042 554 2108 Data
571 2062 622 2109 111.
641 2044 708 2109 kal.
732 2045 912 2111 decembris
936 2068 1021 2111 anno
1045 2046 1228 2111 dominicae
1250 2049 1486 2112 incarnationis
1509 2063 1701 2130 Dccccexv,
1724 2046 1901 2111 indictione
1918 2065 2004 2131 v1111,

364 2165 449 2210 anno
472 2148 561 2231 regni
586 2147 694 2212 domni
718 2147 850 2214 Ottonis
872 2130 975 2232 xxxi,
998 2150 1124 2236 imperii
1148 2173 1224 2215 vero
1248 2169 1320 2234 11113
1352 2161 1461 2217 actum
1484 2150 1713 2233 Uualehuson3
1742 2151 1776 2214 in
1800 2150 1851 2214 dei
1874 2152 2005 2215 nomine
2025 2165 2057 2212 lo

362 2248 501 2315 feliciter
526 2273 631 2317 amen.

1143 2492 1229 2568 312.

373 2645 453 2722 Otto
480 2644 626 2721 verledrt
651 2647 721 2720 den
743 2647 916 2722 Brr‘tderu
943 2648 1008 2721 der
1029 2649 1266 2724 Morizlcircbe
1287 2676 1332 2724 ze
1354 2650 1580 2750 Moydeburq
1607 2651 1673 2724 dus
1695 2651 1904 2726 Mdezrecbt
1928 2649 2009 2725 end

365 2765 435 2838 dere
461 2766 652 2840 Marktzoll
676 2768 717 2840 ire
743 2767 904 2843 Gieelde
1480 2789 1622 2864 Bntqqen
1644 2794 1707 2852 965
1729 2792 1889 2852 December
1911 2797 1962 2854 12.

466 2978 559 3036 Liber
574 2978 654 3050 prio.
677 2994 700 3036 a.
717 2977 865 3036 Mourieii
886 2995 943 3036 cus
965 2978 1031 3036 ἀεηι
1052 2978 1139 3037 mede
1161 2979 1211 3038 des
1233 2984 1284 3039 11.
1302 2979 1355 3039 Νι.
1379 2979 1404 3052 f.
1422 2981 1465 3040 25
1488 2981 1530 3037 im
1552 2978 1861 3040 restaurarentur
1883 2981 2008 3055 Mcyde·
2025 2997 2059 3045 eo

466 3082 540 3154 bure
563 3079 624 3160 (0).
646 3113 688 3123 -
711 3080 929 3154 Muqdeburqer
952 3079 1129 3154 Copialbaelr
1151 3081 1202 3141 des
1225 3084 1275 3141 15.
1294 3081 1345 3141 Jb.
1370 3081 1394 3154 f.
1417 3071 1470 3143 24'
1494 3083 1604 3142 ebrado
1628 3082 1694 3162 (D).

467 3219 651 3293 Sapittaries
665 3217 737 3277 Aet.
754 3219 949 3292 eruderare.
966 3218 1010 3278 ed.
1031 3225 1054 3289 I,
1073 3222 1114 3279 48
1138 3243 1176 3270 =
1201 3218 1333 3279 Behreus
1348 3220 1428 3279 Hiet.
1445 3221 1565 3280 Bcsclrr.
1583 3221 1632 3279 des
1648 3222 1766 3280 Herses
1787 3239 1843 3280 eeu
1858 3222 2009 3295 Steiraberq

465 3320 636 3400 (Hennae-er
649 3321 714 3380 aad
731 3320 1153 3399 Wozsenootte11697),13eu.
1170 3326 1221 3392 10,
1241 3346 1278 3375 =
1296 3321 1480 3396 Sapitterius
1492 3323 1563 3383 Ant,
1577 3323 1771 3397 Moqdcburq.
1790 3324 1833 3382 cd.
1852 3331 1892 3394 ll,
1909 3327 1951 3383 36
1969 3347 2007 3375 =

467 3425 570 3499 latnie
580 3425 647 3484 ΒΑ.
664 3419 729 3494 16⁶,
745 3430 765 3486 9
780 3432 814 3483 a⁰
825 3429 876 3495 34,
895 3449 934 3476 =
950 3425 1113 3497 Leaelrfeld
1124 3424 1194 3485 Ant.
1207 3429 1396 3486 cuneatior—iae
1411 3430 1483 3496 155,
1501 3449 1541 3479 =
1557 3426 1739 3498 Suqittorias
1754 3427 1788 3483 in
1800 3426 1916 3499 Boysen
1928 3424 2006 3497 Allq.

467 3529 747 3601 Muqrrain1,104.
770 3562 812 3572 -
834 3529 964 3588 Botere
984 3530 1057 3602 Rey.
1081 3533 1154 3590 309.
1177 3562 1219 3572 -
1243 3528 1370 3603 Stmupf
1388 3531 1460 3603 Rea.
1485 3533 1557 3589 391.
2025 3546 2059 3593 25

470 3664 605 3736 Verfoaat
626 3666 691 3725 aad
709 3643 894 3739 praeterirem
915 3684 971 3725 eoa
992 3665 1062 3727 ΕΗ.

569 3867 608 3931 In
631 3869 759 3931 nomine
783 3876 896 3951 sancte
919 3876 950 3931 et
971 3866 1139 3951 individue
1162 3868 1324 3932 trinitatis.
1370 3866 1448 3933 Otto
1471 3867 1583 3933 divina
1606 3869 1736 3932 favente
1758 3867 1932 3932 elementia
1961 3870 2006 3932 in·

365 3981 497 4058 perator
524 3981 691 4056 augustus.
791 3971 927 4035 Noverit
949 3972 1092 4035 omnium
1119 3969 1264 4034 fidelium
1286 3980 1470 4035 nostrorum
1492 3980 1560 4035 tam
1583 3972 1780 4055 presentium
1804 3992 1901 4056 quam
1925 3971 2007 4035 futu·

366 4097 476 4140 rorum
504 4073 679 4156 industria,
715 4072 853 4158 qualiter
875 4095 934 4137 nos
956 4075 1141 4137 interventu
1163 4071 1280 4158 dilecte
1303 4075 1451 4159 coniugis
1474 4084 1583 4158 nostre
1615 4072 1807 4138 Adalheidis
1841 4073 1882 4137 ob
1917 4095 2007 4158 spem

367 4178 476 4263 divine
504 4177 789 4259 remunerationis,
824 4199 882 4261 pro
906 4185 993 4240 statu
1015 4177 1107 4258 regni
1130 4175 1182 4240 vel
1204 4178 1319 4261 inperii
1343 4178 1460 4259 nostri,
1495 4200 1554 4263 pro
1579 4177 1717 4241 sanitate
1745 4198 1873 4261 quoque
1895 4185 2007 4241 nostra
2026 4199 2059 4246 ao

367 4280 540 4365 dilectique
562 4278 619 4343 filii
642 4281 744 4343 nostri
768 4276 898 4342 Ottonis
922 4277 1131 4364 predicteque
1154 4280 1323 4345 carissime
1351 4281 1498 4364 coniugis
1527 4288 1636 4363 nostre
1660 4277 1851 4343 Adalheidis
1874 4279 1907 4342 in
1930 4277 2009 4342 villa

367 4383 498 4450 Getlide
520 4385 554 4448 in
577 4385 735 4448 comitatu
757 4383 858 4466 Lisgo
883 4383 934 4446 cui
957 4382 1166 4447 Burehardus
1189 4405 1299 4448 eomes
1321 4405 1452 4469 preesse
1475 4382 1618 4466 videtur,
1652 4382 1818 4468 publicam
1844 4393 2008 4446 monetam

368 4512 440 4553 esse
463 4486 671 4554 concedimus
695 4508 870 4570 omnesque
887 4508 928 4549 ex
944 4484 1058 4549 eadem
1080 4495 1211 4550 moneta
1233 4484 1355 4551 reditus
1373 4486 1426 4550 vel
1448 4485 1604 4551 utilitates
1623 4495 1758 4572 ¹quoquo
1774 4484 1872 4550 modo
1895 4485 2008 4570 adqui·

366 4592 484 4657 rendae
507 4590 550 4655 ad
572 4588 746 4675 ecclesiam
770 4590 874 4653 saneti
892 4587 1042 4652 Maurieii
1065 4589 1123 4651 ina
1144 4588 1350 4671 Magdeburg
1372 4590 1425 4654 eui
1447 4589 1618 4653 Richarius
1642 4589 1747 4654 abbas
1769 4611 1900 4674 preesse
1921 4588 2008 4652 vide·

365 4705 432 4778 tur,
462 4695 620 4760 tradimus
647 4702 680 4757 et
707 4692 884 4774 donamus,
918 4690 1081 4756 teloneum
1103 4714 1181 4756 vero
1205 4692 1245 4756 de
1267 4701 1411 4757 mercato
1440 4693 1528 4779 quod
1556 4692 1601 4758 ibi
1631 4693 1701 4756 fieri
1729 4693 1952 4756 concessimus
1975 4694 2008 4756 in
2026 4713 2059 4761 so

367 4799 623 4885 quibuscumque
645 4794 742 4860 rebus
765 4793 991 4880 accipiendum
1013 4792 1066 4857 vel
1089 4796 1307 4859 mercimoniis
1319 4792 1342 4878 l,
1377 4793 1535 4880 prelibatq
1563 4795 1700 4881 ecclesie
1731 4797 1835 4860 saneti
1858 4795 2008 4859 Maurioii

366 4900 521 4967 munifica
547 4899 698 4985 largitate
728 4899 891 4963 offerimus
919 4907 951 4962 et
979 4898 1134 4984 quiequid
1164 4898 1238 4963 inde
1265 4897 1429 4963 fructuum
1457 4899 1510 4963 vel
1539 4900 1687 4965 utilitatis
1717 4899 1760 4964 ad
1790 4909 1936 4964 nostrum
1959 4901 2008 4963 ius

367 5006 527 5090 pertinere
550 5026 647 5089 posse
663 5002 845 5084 videbatur,
869 5010 972 5067 totum
995 5010 1092 5065 etex
1115 5003 1240 5086 integro
1264 5001 1369 5066 eidem
1391 5000 1528 5086 ecclesie
1543 5001 1596 5066 vel
1618 5001 1774 5066 fratribus
1797 4999 1858 5065 deo
1881 5012 2008 5066 sancto·

368 5130 430 5193 que
451 5107 611 5171 Mauricio
634 5104 868 5169 famulantibus
891 5103 1098 5190 Magdaburg
1120 5104 1350 5190 perpetualiter
1377 5102 1532 5168 utendum
1562 5104 1787 5187 concedimus,
1822 5113 1857 5169 ut
1879 5113 2010 5169 teneant

366 5219 400 5274 et
420 5210 611 5295 possideant
632 5218 665 5272 et
687 5210 753 5272 suis
777 5217 813 5272 ut
833 5206 964 5273 libuerit
992 5208 1104 5272 usibus
1133 5207 1322 5290 adiungant.
1367 5208 1411 5272 Et
1433 5217 1471 5273 ut
1490 5206 1554 5271 hoc
1577 5209 1781 5273 auctoritatis
1804 5216 1914 5292 nostre
1937 5230 2007 5293 pre·
2026 5227 2060 5274 4ο

367 5323 497 5398 ceptum
519 5313 648 5379 firmum
663 5322 695 5378 et
714 5311 829 5376 stabile
853 5321 1051 5396 permaneat,
1075 5321 1201 5376 cartam
1221 5311 1308 5376 hane
1330 5310 1492 5376 conscribi
1515 5322 1547 5376 et
1569 5311 1657 5377 anuli
1680 5313 1782 5375 nostri
1805 5313 2008 5398 inpressione

368 5416 489 5500 signari
512 5418 675 5499 iussimus,
698 5436 796 5501 quem
818 5423 851 5479 et
871 5435 972 5480 manu
993 5415 1127 5499 propria
1149 5412 1264 5479 subtus
1286 5414 1496 5481 firmavimus.

453 5603 513 5658 ιιι.
540 5607 557 5656 s
585 5605 618 5659 Δ.

453 5707 512 5762 ³12.
539 5605 635 5779 [dore]
722 5714 748 5777 a)
761 5710 832 5778 seete
847 5714 876 5765 e
893 5711 923 5767 υ
1006 5709 1034 5781 t)
1053 5714 1097 5768 vu
1115 5734 1194 5771 more
1211 5711 1296 5787 accip.
1314 5708 1349 5771 Β.
