4298 6414
218 423 259 486 22
814 428 1266 486 KAISERURKUNDEN.

219 634 286 676 rem
309 621 436 696 partem
458 609 521 674 loci
545 611 599 695 qui
623 610 741 674 dieitur
762 608 1039 689 Adoluesbrunst,
1074 617 1107 672 et
1137 607 1211 672 inde
1240 629 1298 691 per
1325 607 1430 670 rivum
1454 607 1509 691 qui
1539 606 1657 670 dicitur
1687 601 1865 677 Eritibaeh,

218 738 321 800 usque
345 716 377 779 in
399 717 505 779 rivum
528 716 583 799 qui
606 714 724 779 dieitur
747 711 986 789 Snindilibaclr,
1011 721 1042 775 et
1065 733 1123 796 per
1145 713 1251 797 ipsum
1275 733 1376 795 nsque
1400 710 1442 774 ad
1466 710 1586 774 fontem
1611 709 1713 794 ipsius
1737 717 1769 769 et
1793 706 1865 769 inde

218 827 333 883 eontra
355 819 522 883 meridiem
547 839 648 903 usque
672 819 704 881 in
727 817 926 881 Danubium.

1015 1056 1076 1132 23.

220 1212 379 1285 Ir'nnred
402 1213 546 1286 66616111
574 1212 650 1284 dem
680 1212 752 1286 Abt
782 1211 936 1283 Lintea-r
962 1210 1037 1307 eigs
1060 1210 1259 1283 Lebenszeit
1284 1209 1350 1281 (166
1373 1207 1516 1280 Moser
1548 1205 1681 1280 Lorseb
1705 1204 1786 1278 arad
1812 1206 1897 1276 lie-⁵

218 1334 338 1427 61111161
362 1332 516 1428 6666161616
544 1333 613 1406 den
641 1332 817 1406 1116661666
845 1332 911 1404 6166
939 1331 1047 1404 1166161
1073 1330 1137 1403 6166·
1152 1330 1279 1428 freien
1311 1328 1415 1403 Wuld
1440 1327 1532 1401 66616
1557 1326 1730 1399 1116116666
1761 1325 1866 1398 Tode.

1406 1469 1582 1541 Frantfnrt
1605 1470 1667 1528 914
1691 1468 1772 1529 June·
1794 1468 1824 1528 7.

322 1663 422 1721 Codes
444 1661 651 1723 Laui-estam.
675 1660 727 1719 des
750 1664 799 1721 12.
824 1659 876 1721 Ju.
900 1659 923 1732 f.
949 1655 998 1718 14'
1021 1659 1063 1716 im
1088 1659 1114 1717 b.
1140 1657 1419 1718 116161666661666
1441 1656 1596 1716 1111166166
1620 1655 1684 1734 (A).

327 1819 388 1880 01).
413 1816 667 1889 16661616661,
692 1818 755 1876 114
777 1833 836 1874 666
852 1816 889 1876 Α.
914 1849 955 1858 -
981 1814 1044 1873 01).
1064 1814 1268 1876 Lae-restam.
1288 1817 1317 1885 1,
1342 1817 1403 1873 111
1427 1819 1463 1871 a⁰
1485 1815 1528 1872 62
1549 1829 1608 1871 666
1623 1811 1652 1869 Α
1676 1835 1716 1865 =
1739 1811 1871 1870 Krenrer

324 1922 518 1995 0616116666.
536 1924 567 1989 2,
593 1922 634 1980 52
656 1926 690 1978 n⁰
712 1922 764 1990 32,
788 1941 828 1972 =
853 1919 985 1977 11616666
1006 1917 1154 1978 610666.
1180 1921 1220 1978 26
1242 1924 1276 1976 n⁰
1297 1920 1348 1977 23.
1372 1950 1413 1961 -
1437 1918 1524 1977 Mon.
1545 1916 1645 1976 Gerar.
1664 1914 1719 1975 SS.
1737 1918 1788 1984 21,
1805 1917 1868 1973 366
1889 1921 1918 1968 16

322 2041 381 2082 666
404 2023 441 2081 Α.
465 2057 507 2066 -
530 2022 662 2081 11666666
683 2024 758 2096 1166.
780 2023 858 2097 Imp.
884 2026 934 2091 22,
960 2023 1034 2095 1166.
1056 2023 1134 2082 Kar.
1160 2022 1256 2081 1254.

324 2179 468 2252 Fessanp
491 2195 524 2237 so
546 2179 772 2252 formetnrdssip
795 2178 867 2238 dass
883 2179 1040 2237 6661661666
1057 2176 1577 2250 616166661166661166666616661
1588 2176 1649 2236 SD.
1666 2173 1872 2234 6161116616·

326 2281 491 2342 6661166666
513 2283 626 2344 tossen.

428 2487 464 2550 ln
487 2487 616 2549 nomine
641 2494 752 2568 666616
776 2495 808 2548 61
831 2484 997 2569 individue
1021 2486 1185 2551 trinitatis.
1220 2482 1414 2548 Cln'ruradus
1433 2484 1544 2548 diviua
1560 2483 1791 2567 preordinante
1807 2483 1871 2546 cle·

221 2591 343 2654 mentia
371 2612 439 2653 rex.
528 2589 664 2652 Noverit
693 2589 835 2652 omnium
864 2587 1006 2652 tidelium
1036 2598 1220 2652 nostrerum
1249 2589 1446 2673 presentium
1478 2586 1602 2650 seilicet
1631 2597 1662 2650 ct
1688 2587 1871 2650 futurorum
1892 2596 1922 2641 15

221 2694 396 2774 industria,
420 2691 559 2778 qualiter
581 2691 624 2755 ad
646 2702 792 2756 nostram
816 2701 974 2756 venerunt
997 2693 1194 2775 presentiam
1217 2690 1368 2754 monaehi
1393 2691 1432 2755 de
1456 2688 1593 2774 cenobio
1618 2691 1721 2753 sancti
1737 2689 1871 2753 Nazarii

222 2799 390 2882 martyris,
420 2797 544 2880 gratias
566 2795 661 2860 nobis
683 2796 893 2860 multimodas
917 2796 956 2860 de
980 2795 1041 2859 dee
1065 2804 1234 2859 61666616
1258 2794 1401 2858 Nazario
1431 2815 1625 2878 suarumque
1654 2793 1870 2876 frcqueutium

223 2901 331 2965 studia
354 2922 487 2984 precum
510 2899 719 2964 devotissime
742 2899 918 2963 6616666166
942 2920 999 2982 pro
1024 2920 1062 2962 66
1087 2898 1256 2983 66661666
1280 2897 1336 2961 1611
1361 2897 1528 2961 electionis
1549 2897 1672 2961 honore
1688 2896 1870 2981 predictum

202 2984 395 3067 'cenobium
419 3001 595 3066 sublimare
619 3002 838 3083 decrevimus,
863 3002 950 3087 quali
974 3003 1006 3064 in
1029 3012 1273 3065 antecessorum
1295 3011 1497 3082 nostrorum,
1528 3024 1641 3085 regum
1663 3000 1817 3064 videlicet
1840 3011 1872 3063 et

220 3108 469 3193 imperatorum,
504 3106 705 3190 temporib'us
735 3106 854 3170 habere
883 3104 1093 3184 videbantur,
1128 3106 1182 3189 qui
1207 3126 1331 3167 summe
1356 3103 1462 3167 studio
1487 3103 1537 3168 dei
1565 3105 1741 3188 instigante
1763 3105 1922 3188 gratiaco

222 3209 295 3273 loca
312 3218 427 3273 saneta
442 3210 570 3294 magnis
594 3209 779 3273 ditaverunt
802 3207 995 3290 honoribus3
1018 3209 1150 3291 insuper
1173 3207 1270 3269 etiam
1294 3206 1479 3289 flagitantes
1502 3214 1537 3269 ut
1560 3214 1693 3290 propter
1715 3205 1871 3269 honorem

224 3313 276 3376 dei
300 3322 332 3376 et
355 3313 472 3399 prefati
497 3314 601 3377 sancti
623 3335 683 3376 nec
706 3336 770 3377 nen
795 3321 826 3375 61
849 3313 1063 3376 interventum
1088 3310 1204 3394 dilecte
1228 3311 1375 3395 coniugis
1399 3319 1507 3393 666166
1524 3306 1739 3393 Olmnigunde
1761 3311 1871 3392 regine

215 3428 321 3501 atque
344 3417 495 3500 Herigeri
518 3415 755 3501 archiepiscopi
779 3438 818 3479 66
841 3413 1023 3478 Eberhardi
1053 3413 1266 3495 666661116616,
1301 3413 1410 3477 fratris
1439 3411 1592 3477 videlicet
1620 3413 1738 3494 nostri,
1772 3422 1871 3497 atque

224 3517 369 3581 ll'oluiui
393 3516 554 3602 capellani
577 3519 679 3582 nostri
704 3517 737 3581 id
764 3519 870 3601 ipsum
894 3517 1176 3581 Laureshamense
1199 3517 1430 3580 monasterium
1454 3515 1623 3578 Liutlrario
1647 3514 1733 3579 fideli
1758 3525 1871 3579 nostro

225 3620 337 3683 abbati
366 3619 574 3705 eiusdemque
604 3619 731 3684 cenobii
758 3620 918 3684 monacho
943 3630 975 3684 et
997 3620 1150 3684 confratri
1175 3618 1218 3682 ad
1242 3619 1310 3683 dies
1333 3621 1398 3702 6116
1423 3642 1479 3702 666
1503 3618 1765 3682 concederemus.
1803 3619 1872 3683 Nos
1890 3627 1921 3674 ‘25

224 3748 301 3788 vcro
325 3746 436 3788 eorum
460 3723 690 3810 supplicationi
713 3747 751 3788 ea
780 3727 904 3789 ratione
931 3733 1110 3788 annuentes
1142 3733 1177 3786 nt
1206 3722 1292 3786 idem
1323 3721 1494 3785 cenobium
1521 3731 1553 3786 et
1574 3721 1753 3785 monachos
1776 3723 1809 3784 in
1833 3744 1871 3785 66

225 3827 380 3912 degentes
410 3826 532 3891 sollerti
562 3828 668 3892 studio
697 3840 794 3913 prout
822 3830 942 3912 poterit
968 3825 1160 3911 regulariter
1188 3825 1394 3910 procurando
1418 3825 1583 3888 custodiat
1605 3835 1702 3909 atque
1726 3836 1871 3888 uestrum

225 3931 334 4017 regale
358 3931 540 4013 servitium,
565 3933 648 3996 sicut
671 3934 848 4017 antiquitus
872 3933 1083 3995 constitutum
1107 3940 1172 4012 est,
1197 3931 1271 3994 inde
1295 3939 1446 4014 peragat,
1479 3931 1571 3993 iuxta
1593 3930 1720 3993 illormu
1746 3932 1873 4013 petitio-

225 4058 298 4099 nem
328 4036 492 4120 totiusque
522 4058 684 4100 consensu
711 4036 856 4100 eiusdem
884 4034 1009 4099 cenobii
1045 4034 1165 4118 familie
1200 4034 1289 4098 illam
1319 4032 1486 4097 abbatiam
1517 4032 1719 4097 Laurcsham
1751 4033 1872 4098 dictatu

226 4161 299 4203 cum
323 4138 472 4203 onmibus
496 4139 693 4224 appenditiis
717 4139 792 4203 illuc
815 4142 875 4204 rite
899 4136 1134 4223 pertinentibus
1159 4137 1328 4201 Liuthario
1352 4137 1499 4222 predicto
1523 4135 1634 4200 abbati
1658 4137 1692 4198 in
1714 4135 1784 4199 (1166
1806 4139 1872 4221 6116
1891 4142 1923 4188 3⁰

227 4265 283 4326 sue
299 4244 331 4306 in
347 4244 513 4326 proprium
529 4244 725 4326 potestative
749 4243 958 4321 ‹lonavimus3
982 4251 1057 4326 pest
1080 4243 1155 4305 eius
1172 4242 1270 4326 igitur
1293 4240 1335 4304 ab
1358 4241 1420 4304 hae
1444 4238 1514 4302 luce
1532 4238 1711 4305 discessum
1727 4241 1872 4305 eiusdem

226 4344 352 4409 cenobii
383 4346 499 4409 1661666
528 4345 733 4430 privilegium
763 4369 782 4408 a
811 4345 942 4429 regibus
970 4344 1022 4408 vel
1051 4344 1301 4429 imperatoribus
1324 4367 1363 4407 ac
1387 4344 1426 4408 de
1456 4353 1567 4408 nostra
1596 4345 1697 4427 regali
1727 4348 1874 4430 potentia

226 4449 436 4511 constitutum
466 4470 505 4510 ae
536 4448 647 4512 datum
678 4450 746 4512 sine
775 4449 872 4513 ullius
901 4470 1038 4533 persone
1061 4447 1318 4511 contradictione
1347 4446 1481 4511 1166661166
1513 4457 1610 4532 atque
1642 4447 1874 4512 inviolabiliter

226 4560 367 4614 teneant.
402 4552 557 4614 lussimus
580 4566 708 4636 quoquc
731 4552 792 4616 hoe
816 4561 1004 4637 preceptum
1029 4550 1103 4614 inde
1126 4548 1288 4614 conscribi
1311 4571 1369 4634 per
1392 4550 1480 4635 quod
1503 4551 1652 4615 volumus
1673 4551 1873 4636 firmiterque

223 4654 391 4723 iubemus.
427 4657 579 4740 quatinus
602 4665 792 4740 prenotatus
815 4655 920 4720 abbas
943 4655 987 4718 ad
1010 4654 1078 4718 dies
1102 4655 1167 4738 6116
1192 4678 1248 4738 666
1272 4678 1418 4719 securam
1443 4655 1566 4719 habeat
1588 4665 1794 4739 potestatem.
1832 4657 1925 4720 1636

226 4771 262 4823 ut
284 4759 346 4822 boc
369 4768 558 4844 preceptum
580 4759 706 4823 firmum
730 4768 937 4844 permaneat,
973 4780 1072 4820 mauu
1099 4767 1212 4821 nostra
1243 4757 1356 4822 subtus
1385 4758 1465 4821 illud
1487 4759 1688 4822 firmavimus
1711 4759 1874 4844 anuloque

226 4872 337 4928 uestro
361 4863 440 4926 illud
465 4862 598 4946 sigillari
623 4864 785 4928 iussimus.

331 5026 464 5112 Signum
489 5026 597 5091 domni
622 5025 787 5091 Ouonradi
812 5028 876 5106 (Μ.)
902 5028 1097 5090 serenissimi
1121 5028 1216 5111 regis,

332 5148 485 5213 Salemen
508 5148 722 5212 cancellarius
745 5149 789 5212 ad
812 5150 914 5212 vicem
940 5148 1084 5229 l'iligrini
1107 5147 1360 5232 archicapellani
1384 5150 1569 5231 recognovi.

333 5312 420 5376 Data
442 5330 500 5376 vn.
524 5312 567 5376 id.
592 5314 656 5377 iun.
679 5334 765 5376 anno
790 5314 1022 5376 incarnationis
1045 5312 1166 5376 demini
1190 5328 1396 5396 Dccccxun,
1422 5315 1597 5378 indictione
1621 5331 1661 5389 11,
1685 5332 1926 5380 6666666646

230 5417 320 5496 regni
344 5415 569 5499 gloriosissimi
592 5417 678 5496 regis
701 5414 867 5478 t'hturadi
891 5433 946 5493 1113
970 5426 1080 5479 aetum
1103 5415 1192 5499 apud
1215 5416 1493 5487 Framlmuesurt:
1525 5420 1556 5482 in
1581 5418 1630 5482 dci
1655 5420 1784 5482 nomine
1806 5419 1874 5482 feli-

231 5519 311 5582 citer
334 5541 438 5583 amen.

334 5707 376 5764 16
403 5709 516 5776 {sn-un.
