4500 6420
237 436 301 502 328
831 447 1284 504 sarsnsuasusnsn.

239 651 337 694 sexus
361 629 452 691 terris
475 628 569 692 cultis
592 638 624 692 et
646 629 777 693 incultis
800 629 888 713 agris
911 631 1037 713 campis
1060 630 1163 712 pratis
1184 629 1316 713 pascuis
1341 627 1431 692 silvis
1453 630 1557 693 vineis
1586 630 1680 714 aquis
1708 650 1881 715 aquarum·

240 754 301 817 que
325 729 515 796 decursibus
539 730 731 796 molendinis
754 731 1038 817 molendinumque
1061 731 1142 795 locis
1164 733 1226 795 viis
1249 740 1281 796 et
1303 732 1399 795 inviis
1422 731 1564 796 exitibus
1587 742 1620 797 et
1640 731 1797 798 reditibus
1815 754 1882 797 mo

238 835 358 900 bilibus
381 845 413 899 et
434 834 644 899 inmobilibus
668 837 802 921 quesitis
825 844 857 899 ct
879 834 1079 920 inquirendis
1103 845 1135 899 et
1158 832 1308 899 omnibus
1327 857 1389 920 que
1406 836 1568 899 nominari
1584 835 1636 900 vel
1652 834 1717 900 dici
1733 843 1881 920 possunt,

239 962 280 1004 ex
303 941 428 1023 integro
452 942 677 1025 prenominato
701 937 900 1005 Ohuonrado
923 941 1078 1025 episcopo
1103 938 1279 1021 donamus,
1313 962 1353 1003 ea
1375 938 1501 1003 scilicet
1522 941 1653 1004 racione
1676 949 1712 1005 ut
1734 938 1881 1024 predicta

238 1041 313 1106 loca
339 1051 448 1106 teneat
476 1052 573 1128 atque
601 1042 769 1127 possideat
798 1065 900 1129 usque
929 1041 972 1106 ad
999 1044 1172 1106 terminum
1193 1044 1259 1127 vite
1286 1064 1380 1124 suae,
1414 1051 1544 1128 etpost
1567 1041 1691 1107 obitum
1713 1040 1779 1126 vite
1802 1055 1916 1107 suaet

239 1166 298 1231 pro
321 1144 463 1209 remedio
486 1146 593 1229 anime
616 1155 726 1228 nostre
748 1155 998 1230 nostrorumque
1021 1156 1192 1230 parentum
1215 1167 1255 1210 ac
1277 1147 1393 1230 prefati
1409 1143 1597 1210 Ohucnradi
1617 1147 1764 1232 episcopi
1787 1166 1882 1209 cano·

239 1248 322 1311 nicis
337 1248 370 1311 in
386 1244 627 1312 Constantiensi
643 1247 782 1332 ecclesia
799 1247 859 1312 deo
877 1248 1089 1314 servientibus
1108 1251 1160 1313 cui
1184 1250 1297 1314 sdemc
1319 1250 1464 1334 prefatus
1487 1249 1595 1335 presul
1618 1249 1746 1314 videtur
1768 1257 1882 1335 pastor
1989 1264 1994 1269 ·

238 1372 379 1435 preesse,
403 1351 446 1415 ad
468 1352 590 1414 vietum
612 1360 644 1414 et
665 1353 819 1416 vestitum
841 1353 984 1436 ipsorum
1007 1351 1167 1417 donamus
1186 1363 1283 1440 atque
1302 1353 1460 1418 tradimus
1475 1355 1701 1438 prenominata
1715 1351 1792 1417 loca
1807 1373 1881 1416 cum

241 1453 390 1518 omnibus
419 1453 672 1519 utensilitatibus
702 1456 850 1539 superius
879 1454 1034 1540 predictis
1062 1456 1197 1520 firmiter
1224 1453 1346 1541 atqued
1374 1455 1606 1541 perpetualiter
1633 1454 1757 1541 absque
1784 1454 1881 1520 ullius

239 1556 496 1622 contradictione
524 1557 576 1621 vel
611 1557 837 1624 molestatione
870 1557 1068 1623 tenendum⁰
1097 1580 1137 1622 ac
1166 1557 1417 1643 possidendum,
1452 1569 1488 1622 ut
1519 1561 1590 1644 ipse
1623 1567 1881 1644 prememoratus
1900 1570 1933 1617 10

240 1660 358 1726 habere
374 1660 606 1726 dinoscebatur
621 1659 855 1745 Guntramnus,
880 1672 977 1726 antea
999 1684 1097 1748 quam
1119 1663 1152 1725 in
1174 1671 1320 1726 nostrum
1342 1663 1466 1744 regium
1489 1662 1538 1726 ius
1561 1664 1594 1725 in
1616 1671 1728 1726 nostro
1751 1659 1882 1746 palacio

239 1763 449 1849 Augustburc
471 1763 616 1829 iudicata
637 1765 776 1830 fuissent
798 1787 856 1850 pro
880 1767 982 1850 ipsius
1006 1767 1191 1829 commissu.
1227 1763 1262 1829 Si
1278 1766 1349 1850 quis
1366 1773 1474 1828 autem
1489 1763 1552 1828 hoc
1568 1774 1757 1850 preceptum
1773 1772 1882 1847 nostre

240 1866 427 1931 donationis
448 1867 598 1952 frangere
612 1868 665 1932 vel
684 1868 807 1933 violare
826 1870 1041 1953 temptaverit,
1064 1870 1191 1932 noverit
1213 1890 1246 1931 se
1269 1869 1525 1952 compositurum
1548 1869 1618 1933 auri
1643 1869 1758 1952 optimi
1780 1866 1882 1931 libras

240 1981 383 2035 centum.
420 1970 625 2035 medietatem
647 1972 782 2056 kamere
802 1981 911 2055 nostre
934 1980 966 2034 ct
989 1971 1193 2035 medietatem
1217 1971 1344 2056 prefato
1368 1968 1566 2037 Ohuonrado
1591 1972 1709 2057 presuli
1733 1972 1785 2036 vel
1808 1981 1884 2058 post

240 2075 342 2158 ipsius
372 2072 497 2138 obitum
525 2076 693 2138 canonicis
717 2075 977 2139 Constanticnsis
1006 2073 1163 2138 ccclesiae
1194 2074 1311 2159 quibus
1340 2076 1566 2159 prenominata
1597 2074 1671 2139 loca
1695 2074 1934 2140 advictum15

240 2186 272 2240 ct
293 2178 447 2241 vestitum
470 2177 617 2262 ipsorum
639 2177 849 2259 donavimus,
885 2180 1036 2263 quatinus
1067 2177 1269 2242 orationibus
1298 2200 1408 2242 eorum
1435 2179 1538 2240 sacris
1561 2180 1798 2241 constantiores
1821 2170 1881 2242 nos

239 2281 273 2342 in
300 2281 364 2344 ista
392 2281 461 2344 vita
489 2303 528 2344 ac
557 2283 689 2366 perenni
719 2280 893 2345 alacriores
923 2303 1050 2366 semper
1078 2303 1149 2344 csse
1178 2282 1352 2367 possimus.
1398 2281 1441 2344 Et
1463 2278 1511 2362 u[t
1534 2280 1564 2364 a]
1589 2279 1739 2345 fidelibus
1762 2283 1882 2346 nostris

239 2383 347 2449 verius
369 2381 521 2448 credatur
542 2393 574 2448 et
596 2382 781 2467 diligentius
803 2406 862 2469 per
885 2383 1092 2448 succedentia
1115 2393 1262 2467 tempora
1292 2382 1499 2465 observetur,
1534 2384 1687 2448 iussimus
1714 2383 1790 2447 inde
1819 2383 1881 2448 hcc

240 2507 373 2570 presens
403 2496 591 2572 preceptum
622 2487 783 2552 conscribi
811 2497 844 2552 et
872 2486 961 2551 anuli
990 2489 1092 2552 nostri
1122 2488 1324 2570 inpressione
1355 2487 1505 2570 sigillari,
1540 2509 1640 2552 manu
1668 2489 1800 2573 propria
1830 2487 1882 2551 lir-

239 2611 410 2655 mavrmus.
1901 2607 1936 2656 20

341 2748 355 2830 ξς
378 2743 513 2829 Signum
536 2743 646 2809 domni
670 2742 800 2810 Ottonis
823 2746 1027 2810 invictissimi
1050 2745 1254 2830 imperatoris
1276 2745 1291 2829 ᾗ
1312 2744 1402 2825 (MP.)

341 2859 356 2943 ξ
377 2864 542 2931 Liutulfus
557 2863 771 2929 cancellarius
788 2864 937 2931 advicem
952 2866 1116 2931 Brunonis
1132 2863 1409 2948 archicappellani
1425 2866 1600 2948 recognovi
1616 2874 1648 2928 ct
1664 2864 1851 2949 subscripsi.
1871 2861 1885 2943 Ε

1650 2969 1731 3049 (SR.)
1761 2971 1818 3049 (SI.
1839 2967 1882 3047 2.)

340 3125 431 3190 Data
452 3142 540 3189 vnn.
563 3126 630 3190 kal.
654 3149 734 3191 mar.
758 3147 844 3190 anno
869 3124 1051 3189 dominicae
1073 3125 1306 3189 incarnationis
1329 3137 1524 3206 Dccccnxlr,
1548 3122 1725 3187 indictione
1741 3140 1773 3206 v,
1797 3145 1883 3187 anno

239 3227 353 3313 rcg'ni‘
374 3230 569 3294 serenissimi
592 3231 677 3314 regis
702 3228 832 3294 Ottonis
855 3245 965 3310 xxvn,
988 3229 1114 3312 imperii
1137 3229 1260 3312 prim03
1284 3236 1393 3291 actum
1412 3227 1534 3308 Riana3
1556 3228 1590 3289 in
1609 3223 1728 3291 Christi
1752 3228 1882 3291 nomine
1900 3236 1934 3286 25

239 3332 377 3397 feliciter
399 3355 504 3398 amen.

1017 3573 1103 3646 237.

249 3726 329 3802 Otto
348 3728 509 3826 besldtipt
525 3728 604 3801 dem
617 3729 762 3802 Klostcr
775 3726 812 3804 S.
829 3726 1017 3803 Solomone
1036 3730 1111 3828 osef
1122 3729 1201 3802 clem
1214 3730 1331 3828 Berpe
1343 3731 1494 3802 Amiaro
1512 3731 1633 3803 (Iessea
1647 3729 1886 3828 Besitzcrrpea

240 3847 320 3921 send
340 3848 474 3922 Recta.
1361 3871 1524 3945 Riqicao
1547 3875 1612 3931 962
1632 3872 1769 3930 Febraer
1789 3875 1842 3932 21.

345 4074 593 4149 Oriqicaldiplom
615 4076 656 4134 im
678 4077 706 4135 le.
732 4074 934 4136 Stcatsarehio
954 4093 995 4133 aa
1017 4074 1109 4135 Sicco
1130 4073 1191 4153 (A).
1903 4089 1937 4139 30

343 4230 389 4288 De
411 4231 516 4303 Anecli
548 4230 634 4289 Dellc
661 4233 771 4304 eripiat
805 4231 851 4289 dcl
878 4231 1008 4290 donacio
1036 4232 1147 4291 tedesco
1172 4235 1206 4291 ia
1228 4233 1322 4291 Italic
1345 4232 1472 4311 (illilaao
1495 4231 1591 4311 1861)
1615 4237 1680 4295 238
1701 4240 1736 4292 a⁰
1760 4238 1797 4293 11
1829 4194 1897 4292 aas

343 4333 381 4391 A.
405 4366 447 4376 -
470 4334 598 4393 Bos-mer
619 4334 696 4392 Acta
717 4334 820 4393 selecta
843 4336 862 4393 6
883 4340 918 4392 πθ
940 4338 961 4394 8
983 4352 1040 4394 aas
1062 4335 1100 4394 Α.
1123 4369 1165 4380 -
1188 4336 1317 4409 Stampf
1335 4338 1408 4410 Res.
1432 4342 1504 4398 302.

346 4489 408 4548 Vea
430 4489 496 4547 DF.
520 4489 582 4560 fast
604 4490 735 4548 retaliet·
756 4491 831 4548 aceli
854 4492 920 4549 elesa
941 4510 997 4550 cea
1020 4494 1108 4567 Haeo
1137 4493 1202 4551 mad
1230 4493 1344 4552 Lollear
1370 4512 1420 4551 am
1449 4498 1477 4553 5.
1499 4494 1622 4553 Oltober
1644 4498 1708 4554 937
1736 4494 1887 4552 erther'ltea

343 4593 480 4665 Diplomc
504 4592 727 4670 (Forscleuneea
751 4597 800 4663 10,
823 4593 899 4672 303)
921 4597 1114 4668 pesclvricbea.
1159 4595 1220 4654 Von
1242 4601 1376 4669 spaterer
1398 4598 1490 4655 Hand
1512 4599 1614 4656 roclelre
1636 4598 1765 4655 nielrrcrc
1790 4597 1889 4656 Worte

346 4699 399 4753 mit
421 4697 580 4755 ‹lasallercr
603 4698 689 4756 Tinde
711 4699 872 4771 ilbereopen
895 4699 955 4770 lect,
978 4703 1097 4759 stommt
1120 4701 1196 4758 occu
1219 4700 1397 4774 Uibugnaoo,
1421 4704 1518 4760 worrzit
1543 4701 1615 4759 roolil
1637 4703 1700 4758 cine
1714 4701 1887 4774 Fe‘i'lsclucaq
1904 4714 1937 4762 ab

344 4801 531 4873 bcabsiclitipt
553 4802 602 4870 ist,
626 4800 666 4858 cla
687 4800 744 4858 olle
766 4802 907 4874 Preleepte
929 4803 973 4860 bis
995 4821 1066 4860 aava
1087 4803 1126 4860 1).
1151 4803 1292 4862 Heinrich
1312 4812 1351 4862 ΙΙ.
1377 4804 1504 4877 Stampt'
1523 4805 1592 4877 aeq.
1618 4809 1703 4865 1442
1724 4807 1757 4862 in
1779 4805 1888 4863 diesem

347 4904 619 4978 lucerniae-alianae
633 4907 666 4962 in
689 4905 762 4964 valle
779 4907 897 4964 Racana
918 4907 1022 4976 bietca,
1049 4905 1110 4964 reiirl
1125 4905 1165 4963 ela
1180 4910 1238 4964 crst
1256 4909 1297 4964 im
1312 4909 1455 4965 scacehten
1470 4908 1509 4966 D.
1528 4908 1672 4965 Heinrich
1694 4916 1737 4967 VI.
1763 4907 1891 4980 Stampf

344 5006 415 5081 Rea.
440 5009 524 5067 4875
548 5008 596 5065 eia
620 5007 790 5080 Vigagnano
813 5009 956 5081 bceepnet.

344 5214 402 5295 (O.)
426 5214 440 5295 3
461 5214 500 5278 In
523 5213 654 5278 nomine
678 5222 811 5276 sanctae
834 5222 866 5275 ct
887 5210 1075 5275 individuae
1097 5211 1262 5275 trinitatis.
1308 5210 1386 5276 Otto
1417 5211 1529 5276 divina
1557 5212 1687 5276 favente
1717 5212 1888 5276 clementia

241 5318 418 5401 imperator
446 5326 616 5399 augustus.
718 5330 745 5378 Si
769 5331 867 5379 sitiretis
890 5345 920 5378 ac
944 5329 1140 5379 venerabilibus
1163 5328 1229 5378 locis
1252 5344 1284 5379 ea
1305 5344 1373 5394 «lirae
1396 5330 1429 5378 ab
1453 5331 1664 5379 aritecessoribus
1686 5313 1813 5399 {nostris
1836 5331 1888 5381 col·
1906 5335 1941 5382 40

242 5435 297 5485 lata
325 5443 398 5498 sunt,
434 5438 603 5487 corroborare
627 5434 805 5484 studuerimus
828 5441 854 5482 et
877 5434 909 5482 tle
932 5434 972 5482 liis
994 5450 1045 5498 elne
1068 5434 1150 5482 nostri
1173 5434 1239 5482 iuris
1261 5437 1324 5481 sunt
1345 5433 1489 5484 concedere
1516 5434 1673 5498 satagimus,
1707 5442 1812 5500 aeterne
1835 5436 1889 5500 vite

243 5538 447 5588 emolumentum
476 5539 585 5605 adipisci
615 5554 646 5588 ac
675 5538 805 5603 presentis
834 5541 918 5585 status
946 5536 1104 5585 soliditatem
1133 5538 1290 5601 propensius
1318 5540 1482 5603 augmentari
1512 5555 1565 5588 non
1587 5539 1740 5589 titubamus.
1785 5540 1887 5590 lelcirco

328 5706 387 5763 230.
413 5710 439 5777 c)
458 5710 481 5762 A
497 5719 559 5763 atati
575 5713 646 5764 idem
733 5712 761 5774 d)
779 5728 796 5762 a
814 5713 867 5772 aas
877 5711 966 5763 Ratae·
1053 5712 1077 5773 c)
1096 5711 1146 5761 das
1163 5714 1248 5762 swelle
1266 5729 1283 5762 n
1301 5713 1355 5776 mes
1366 5711 1453 5763 Rama·
1545 5711 1565 5774 s)
1585 5730 1603 5777 g
1620 5712 1701 5774 sosort
1718 5729 1783 5763 corr.
1802 5730 1849 5762 arcs
1866 5728 1886 5762 r.
