4298 6414
903 475 1029 534 ΟΤΤΟ
1051 477 1075 532 Ι.
1098 473 1170 533 967.
1794 471 1859 536 455

211 650 462 736 confirmamus,
496 652 531 717 id
553 653 649 718 nobis
671 653 716 718 ad
737 655 896 740 presentis
919 656 984 738 vite
1008 657 1149 740 spatium
1172 665 1205 719 et
1226 655 1271 720 ad
1292 665 1402 741 eterne
1430 657 1532 742 glorie
1559 658 1709 725 bravium
1733 671 1857 726 susten·

211 764 321 821 tamen
350 778 423 821 esse
449 757 582 821 minime
611 754 800 823 diffidimus.
843 756 985 822 Proinde
1015 759 1159 823 omnium
1187 757 1332 822 fidelium
1361 768 1473 843 sancte
1496 759 1547 824 dei
1570 762 1708 845 ecclesie
1729 772 1856 827 nostro-

212 880 347 944 rumque
369 861 568 944 presentium
590 860 714 925 scilicet
736 881 776 924 ac
798 859 979 926 futurorum
1001 864 1129 926 noverit
1152 861 1306 943 sollertia,
1331 863 1469 947 qualiter
1484 863 1647 930 Iohannes
1662 865 1857 930 venerabilis

213 960 314 1026 abbas
345 964 534 1028 monasterii
564 972 676 1048 sancte
705 973 738 1028 et
764 964 886 1048 intactq
918 986 1108 1050 semperque
1136 966 1272 1049 virginis
1299 964 1402 1030 Mario
1431 967 1464 1030 in
1493 969 1652 1032 territorio
1677 966 1856 1034 sabinense

215 1066 262 1129 siti
285 1067 321 1130 in
343 1065 418 1131 loco
437 1068 492 1151 qui
510 1065 628 1132 dicitur
641 1066 834 1150 Acutianus,
856 1090 923 1133 una
945 1090 1019 1134 cum
1042 1066 1269 1151 religiosorum
1292 1068 1526 1135 monachorum
1549 1070 1686 1157 collegio
1710 1081 1856 1137 nostram

216 1168 291 1233 adiit
319 1168 561 1254 celsitudinem,
597 1170 716 1237 obnixe
743 1170 923 1256 deprecans
946 1179 981 1237 ut
1003 1194 1061 1257 pro
1086 1171 1136 1236 dei
1161 1193 1270 1237 amore
1294 1175 1461 1258 nostrique
1484 1182 1571 1237 statu
1593 1175 1720 1259 imperii
1742 1187 1856 1241 nostra

215 1271 373 1356 imperiali
395 1275 591 1339 auctoritate
613 1273 719 1339 eidem
742 1276 938 1339 monasterio
963 1297 1021 1360 per
1041 1274 1104 1339 hoc
1127 1286 1273 1340 nostrum
1296 1286 1487 1361 preceptum
1510 1276 1718 1360 dignaremur
1739 1280 1854 1344 confir-

216 1394 298 1438 mare
314 1384 471 1461 precepta
486 1398 507 1440 a
522 1375 790 1462 predecessorum
805 1387 991 1442 nostrorum
1005 1398 1118 1461 regum
1140 1387 1173 1442 et
1194 1379 1426 1463 imperatorum
1448 1378 1618 1464 largitione
1631 1391 1644 1419 ⁸
1666 1384 1854 1446 constituta.

215 1475 276 1541 llos
299 1487 413 1544 autem
435 1501 509 1544 eum
531 1501 607 1545 cum
628 1478 797 1545 monachis
821 1482 888 1545 suis
910 1483 993 1545 iuste
1022 1489 1186 1567 petentem
1215 1492 1382 1547 cernentes
1413 1481 1472 1547 sub
1502 1485 1604 1547 nostri
1633 1483 1855 1550 mundiburdii

215 1581 348 1647 mitione
369 1584 551 1668 recepimus
573 1582 809 1669 nostrumqueb
836 1583 885 1648 illi
912 1584 1079 1670 imperiale
1108 1595 1298 1670 preceptum
1325 1584 1395 1650 fieri
1422 1587 1573 1650 iussimus
1597 1609 1655 1672 per
1677 1586 1765 1674 quod
1786 1591 1855 1652 uni-

212 1704 319 1749 versas
343 1688 531 1751 monasterii
555 1688 604 1751 sui
626 1709 678 1751 res
700 1686 838 1752 mobiles
860 1697 892 1752 et
918 1686 1117 1769 immobiles,
1152 1698 1219 1752 tam
1249 1712 1310 1775 quq
1340 1710 1399 1774 per
1425 1698 1572 1753 nostram
1604 1700 1854 1776 nostrorumque

209 1789 478 1874 predecessorum
499 1790 727 1856 liberalitatem
750 1813 912 1878 quamque
934 1801 967 1856 et
988 1814 1047 1878 per
1068 1790 1207 1857 aliorum
1223 1792 1440 1878 quorumlibet
1455 1792 1599 1859 fidelium
1615 1792 1735 1858 Christi
1752 1796 1853 1858 muni-

206 1890 373 1960 ficentiam
386 1903 412 1938 ⁶2
425 1894 543 1980 collate
571 1905 605 1960 et
626 1897 784 1981 acquisite
813 1904 902 1978 sunt,
932 1905 1000 1960 tarn
1023 1896 1206 1981 etiamque
1229 1918 1286 1981 per
1309 1906 1462 1982 precepta
1483 1919 1597 1981 regum
1619 1896 1853 1982 Langobardo-

206 2019 288 2080 rum,
312 1997 510 2084 Liutprandi
532 1998 665 2081 scilieet,
688 1999 825 2083 Ratgisi,
848 1998 1004 2064 Haistulfi
1020 2020 1059 2062 ac
1075 1998 1248 2081 Desiderii,
1273 2022 1329 2064 seu
1345 2010 1377 2064 et
1390 2002 1624 2085 imperatorum
1639 2000 1852 2084 Francorum,

206 2098 325 2164 Karoli
353 2099 523 2182 videlicet,
557 2099 736 2166 Hludovici
764 2109 797 2164 et
824 2100 989 2165 Hlotharii
1017 2125 1078 2167 nec
1106 2125 1172 2167 non
1202 2113 1234 2166 et
1261 2103 1395 2169 alterius
1417 2104 1594 2171 Hludovici
1618 2114 1715 2190 atque
1738 2105 1853 2171 Karoli

206 2203 305 2267 etiam
329 2213 362 2268 et
382 2204 589 2289 Berengarii,
619 2207 688 2270 sive
711 2215 742 2270 et
764 2228 823 2291 per
844 2204 1015 2291 privilegia
1037 2207 1228 2292 pontificum
1251 2205 1387 2273 Adriani
1411 2217 1499 2273 certe
1521 2218 1554 2272 et
1576 2207 1733 2294 Stephani
1756 2218 1853 2294 atque

206 2305 378 2371 Paschalis
406 2311 583 2374 constituta
612 2319 687 2376 sunt
715 2332 774 2374 sen
801 2312 898 2375 etiam
930 2310 1137 2393 confirmata,
1171 2320 1303 2397 propter
1326 2311 1472 2377 divinum
1494 2342 1609 2378 amoram
1632 2333 1658 2377 ot
1679 2329 1854 2378 reverentiam

206 2420 320 2495 sancit}
344 2426 388 2477 dei
409 2430 545 2494 genitricis
562 2429 646 2479 Maria
668 2424 824 2499 perpetuo
848 2413 1108 2496 corroboramus,
1132 2438 1194 2501 quq
1218 2418 1328 2480 omnia
1350 2432 1505 2481 nominatim
1522 2446 1554 2480 ac
1572 2430 1726 2496 singillatim
1747 2431 1852 2481 decreto

206 2530 347 2581 inserendo
363 2534 496 2583 sancimus
511 2528 609 2603 atque
624 2518 855 2584 confirmamus
877 2539 984 2597 propter
999 2533 1103 2583 futuras
1125 2549 1267 2597 pravorum
1288 2534 1425 2584 hominum
1446 2534 1629 2585 infestationes
1651 2539 1730 2599 atque
1753 2535 1853 2600 inquie-

206 2634 323 2686 tudines.
360 2635 392 2685 Id
415 2643 454 2687 est
476 2636 587 2687 fundum
609 2637 770 2687 Acutianum
793 2638 840 2687 ubi
861 2636 932 2687 idem
953 2637 1105 2687 venerabile
1127 2638 1315 2687 monasterium
1337 2643 1518 2688 constructum
1539 2642 1593 2701 cst,
1623 2654 1683 2688 curn
1705 2638 1803 2688 finibus
1827 2644 1853 2688 et

206 2737 401 2803 appendicibus
423 2741 479 2789 suis
500 2741 528 2788 in
550 2741 689 2806 integrum,
711 2740 823 2791 fundum
847 2741 1035 2791 Calistrianum
1056 2743 1085 2791 in
1106 2758 1159 2806 quo
1182 2749 1223 2792 est
1244 2742 1358 2808 qcclesia
1379 2743 1464 2792 sancti
1481 2742 1627 2805 Laurentii,
1650 2743 1761 2793 fundum
1776 2742 1852 2793 Pom-

206 2841 346 2904 peianum,
374 2841 486 2892 fundum
509 2844 664 2907 Pinianum,
693 2844 805 2893 fundum
828 2844 1023 2906 Ceruinariam,
1052 2844 1163 2895 fundum
1185 2845 1313 2895 Arianum
1335 2846 1363 2894 in
1386 2861 1439 2910 quo
1461 2851 1501 2895 est
1522 2846 1636 2910 ccclesia
1657 2847 1742 2896 sancti
1763 2845 1852 2895 Pater-

207 2946 288 3008 niani,
317 2944 429 2994 fundum
450 2946 630 3009 Arturianunr,
659 2947 771 2997 fundum
793 2946 944 3011 Ordeolum,
972 2948 1082 2997 fundum
1105 2948 1216 3013 Mutellq
1239 2949 1266 2997 in
1289 2964 1341 3013 quo
1365 2954 1404 2998 est
1426 2948 1539 3014 ecclesia
1561 2950 1646 2999 sancti
1667 2948 1770 3015 Angeli,
1793 2948 1851 2998 fun·

206 3046 270 3097 dum
293 3030 454 3099 Urbanaml
477 3051 523 3115 qui
545 3056 571 3100 et
593 3051 669 3101 vicus
691 3049 754 3116 Segi
775 3056 895 3114 vocatur,
923 3053 952 3100 in
974 3067 1026 3116 quo
1050 3056 1090 3101 est
1112 3051 1225 3116 ccclesia
1246 3052 1331 3101 sancti
1353 3052 1417 3113 Viti,
1447 3068 1506 3102 cum
1529 3054 1611 3117 pratis
1634 3052 1708 3102 silvis
1730 3057 1757 3102 st
1778 3053 1851 3117 aqui-

208 3152 285 3202 molis
308 3152 351 3203 vel
374 3154 497 3203 omnibus
519 3155 553 3204 ad
576 3171 636 3206 eum
659 3157 687 3205 in
708 3157 841 3221 integrum
864 3155 1066 3219 pertinentibus,
1089 3170 1121 3204 ex
1144 3155 1227 3204 fundo
1249 3154 1366 3205 Adriano
1391 3157 1483 3205 uncias
1504 3161 1558 3206 tres
1572 3157 1600 3204 in
1615 3172 1667 3222 quo
1686 3162 1726 3206 est
1740 3155 1853 3222 qcclssia

207 3257 291 3305 sancti
313 3255 458 3318 Uedentini,
482 3256 593 3306 fundum
608 3257 768 3321 Medianam,
790 3257 901 3307 fundum
917 3257 1118 3319 Casalamantie,
1141 3273 1173 3307 ex
1195 3257 1278 3308 fundo
1300 3258 1452 3309 Arcuniano
1475 3261 1580 3309 nnciam
1603 3274 1690 3321 unam,
1714 3276 1747 3310 ex
1769 3257 1851 3309 tundo

207 3357 352 3410 Aterniano
375 3362 467 3411 uncias
490 3377 544 3424 sex,
566 3377 599 3410 ex
621 3360 704 3409 fundo
727 3359 883 3411 Siluaniano
906 3363 999 3412 uncias
1021 3378 1075 3425 sex,
1099 3377 1132 3411 ex
1154 3360 1236 3412 iundo
1259 3362 1379 3413 Anciano
1402 3365 1494 3412 uncins
1512 3379 1606 3413 novem
1622 3364 1669 3414 ubi
1684 3369 1724 3414 est
1739 3363 1852 3429 qcclesia

208 3465 291 3514 sancti
313 3465 421 3528 Felicis,
448 3465 560 3516 fundum
582 3465 719 3531 Agellum,
749 3465 860 3515 fundum
883 3465 1041 3516 (licilianum
1064 3466 1092 3515 in
1114 3481 1166 3530 quo
1189 3471 1229 3515 eet
1251 3464 1363 3530 ecclesia
1385 3467 1470 3515 sancti
1492 3466 1606 3527 Donati,
1634 3465 1746 3515 fundum
1767 3466 1851 3515 Patri-

207 3566 327 3629 nionem,
350 3567 462 3617 fundum
484 3567 660 3634 Gignianum,
683 3583 716 3618 ex
738 3568 821 3618 fundo
845 3567 1014 3619 Scandiliano
1038 3570 1130 3619 uncias
1153 3575 1280 3633 quatuor,
1308 3567 1420 3617 fundum
1443 3564 1618 3633 Cruptulas0,
1648 3568 1759 3619 fundum
1782 3570 1851 3618 Mar-

208 3654 408 3720 celliansllum‘
434 3688 483 3736 pro
515 3674 600 3723 unciis
628 3678 755 3737 quatuor,
789 3672 900 3722 fundum
928 3674 1086 3737 Apicianum
1116 3673 1161 3737 qui
1189 3677 1216 3722 ct
1243 3672 1382 3737 Longitia,
1415 3673 1444 3720 in
1472 3688 1524 3737 quo
1554 3678 1594 3722 eat
1621 3673 1734 3738 ecclesia
1766 3673 1851 3721 sancti

209 3773 336 3824 Gordiani
346 3769 369 3838 ⁸,
391 3775 504 3825 fundum
526 3775 711 3841 Scaplianum,
733 3775 844 3826 fundum
866 3776 985 3837 Testem,
1006 3758 1143 3824 fundum
1165 3759 1355 3841 Paternum,
1379 3773 1490 3824 fundum
1512 3774 1710 3836 Pateruionem‚
1738 3774 1851 3824 fundum

208 3876 332 3940 Centum,
355 3879 467 3929 fundum
488 3879 657 3942 Alinianum,
679 3879 791 3929 fundum
813 3879 906 3928 Turris
928 3880 956 3928 in
978 3894 1031 3943 quo
1054 3883 1094 3928 eet
1115 3877 1228 3944 ccclesia
1250 3878 1334 3927 sancti
1357 3878 1502 3939 Laurentii,
1525 3894 1558 3928 ex
1580 3877 1663 3928 fundo
1685 3878 1849 3943 Pendigiano

207 3984 298 4031 uncias
321 3982 402 4047 dues,
430 3983 542 4034 fundum
564 3984 751 4050 Cqsarienum,
783 3983 895 4032 fundum
917 3983 1091 4047 Pulgianum,
1113 3981 1225 4031 fundum
1248 3980 1444 4044 Uentilianum,
1465 3980 1577 4031 fundum
1599 3982 1768 4031 Fomicatam
1790 3997 1850 4031 cunr

206 4088 316 4137 traiecto
346 4103 395 4138 suo
423 4104 470 4137 ssu
498 4087 625 4154 gualdum
654 4089 682 4136 in
712 4089 843 4153 integrum
872 4087 899 4135 in
927 4102 980 4152 quo
1003 4091 1043 4136 est
1065 4086 1178 4151 ecclesia
1200 4086 1285 4135 sancti
1307 4084 1425 4135 Gethnlii
1448 4091 1474 4134 et
1496 4087 1580 4135 sancti
1603 4085 1756 4148 Benedicti,
1790 4101 1850 4135 curn

207 4190 327 4239 omnibus
350 4191 389 4240 sis
410 4190 568 4256 generaliter
590 4192 618 4239 in
639 4192 771 4255 integrum
792 4190 995 4254 pertinentibus,
1018 4189 1130 4239 fundum
1148 4188 1380 4239 Germanicianum
1402 4189 1430 4237 in
1452 4189 1584 4253 integrum
1606 4188 1653 4238 ubi
1676 4194 1715 4239 est
1738 4188 1850 4254 ecclesia

207 4295 290 4343 sancti
311 4293 392 4355 Petri,
414 4293 527 4344 fundum
548 4293 699 4356 Musileum,
721 4292 833 4343 fundum
856 4292 1021 4355 Cassianum,
1043 4309 1075 4343 ex
1097 4292 1180 4342 fundo
1204 4290 1360 4341 Staberiano
1381 4292 1475 4341 uncum
1497 4307 1551 4353 sex,
1574 4290 1686 4341 fundum
1703 4289 1849 4353 Cassulam,

206 4393 315 4445 fundum
338 4396 529 4460 Lacanianum,
551 4397 664 4447 fundum
685 4397 844 4459 Medianum,
867 4396 979 4448 fundum
1001 4396 1194 4459 Marcilianum,
1216 4395 1330 4445 fundum
1351 4395 1547 4456 Monacianum,
1570 4394 1681 4444 fundum
1702 4395 1849 4457 Fisianum,

206 4496 315 4547 fundum
338 4498 500 4562 Cantanum,
534 4500 646 4549 fundum
668 4483 874 4563 Latinianuml,
907 4499 1020 4549 fundum
1042 4500 1248 4561 Balburianum,
1277 4514 1309 4548 ex
1332 4497 1415 4547 fundo
1438 4497 1590 4563 Olaesicellq
1612 4499 1704 4548 uricias
1727 4504 1780 4548 tres
1801 4498 1848 4546 ubi

207 4606 246 4650 est
266 4602 380 4667 qcclesia
401 4604 487 4653 saneti
507 4602 589 4666 Petri,
612 4619 645 4653 ex
667 4603 749 4653 fundo
772 4603 915 4653 Fuliniano
938 4604 1032 4653 uncias
1054 4618 1109 4665 sex,
1132 4618 1164 4652 ex
1186 4600 1269 4651 fundo
1292 4601 1405 4667 Rigiano
1428 4602 1521 4651 unciae
1543 4616 1597 4663 sex,
1621 4616 1653 4650 ex
1675 4600 1758 4650 fundo
1780 4600 1848 4649 Pon-

206 4704 313 4755 tianello
334 4707 429 4756 uncias
450 4720 505 4769 sex,
532 4706 644 4757 fundum
666 4706 842 4772 Perticatule,
871 4722 903 4756 ex
925 4705 1009 4756 fundo
1031 4705 1155 4757 Auriiicis
1178 4707 1271 4755 uncias
1293 4721 1348 4769 sex,
1377 4704 1489 4755 fundum
1510 4706 1683 4767 Pacihanum,
1711 4721 1744 4755 ex
1766 4703 1848 4754 fundo

206 4806 332 4858 Cassiano
354 4811 448 4859 uncias
470 4825 517 4860 sex
538 4810 566 4860 in
588 4826 641 4875 quo
664 4815 704 4861 est
726 4809 840 4875 ecclesia
861 4814 952 4874 sancte
974 4808 1061 4874 Iuste,
1090 4807 1201 4857 fundum
1224 4807 1382 4858 Mallianum
1409 4808 1438 4856 in
1467 4823 1520 4872 quo
1550 4813 1589 4858 est
1617 4806 1730 4873 ecclesia
1757 4811 1848 4872 sanctq

206 4910 340 4980 Eugeniq,
374 4930 406 4964 ex
428 4914 510 4965 fundo
532 4915 664 4981 Figniano
687 4916 780 4965 uncias
803 4929 863 4976 sex,
896 4929 928 4962 ex
950 4913 1033 4963 fundo
1057 4911 1205 4976 cisternulq
1227 4911 1320 4960 uncias
1343 4915 1418 4972 octo,
1452 4925 1484 4960 ex
1507 4908 1589 4960 fundo
1612 4909 1728 4959 Occiano
1755 4909 1848 4958 uncias

206 5021 303 5082 septem
326 5022 353 5067 et
374 5019 465 5081 semis,
488 5034 521 5068 ex
542 5018 625 5068 fundo
647 5018 799 5068 Aruncianc
823 5018 915 5067 uncias
937 5033 998 5079 sex,
1030 5016 1142 5065 fundum
1164 5014 1313 5075 Oliuulam,
1347 5012 1459 5062 fundum
1481 5013 1686 5076 Pontianellum,
1709 5028 1741 5062 ex
1765 5011 1848 5063 fundo

206 5120 312 5171 Bussuli
333 5122 428 5171 uncias
449 5137 545 5172 novem
567 5128 594 5172 et
615 5120 746 5186 scripulos
768 5127 834 5184 tres,
868 5121 931 5171 item
960 5136 992 5170 ex
1022 5120 1104 5169 fundo
1133 5100 1261 5170 Bussulii
1291 5117 1396 5166 unciam
1424 5131 1519 5180 unam,
1553 5132 1585 5166 en
1607 5116 1690 5166 fundo
1713 5115 1848 5180 Macerulq

206 5226 296 5275 uncias
318 5240 373 5288 sex,
396 5240 429 5275 ex
451 5224 534 5275 fundo
557 5224 669 5275 Rofiano
692 5225 784 5275 unciae
806 5229 860 5274 tres
881 5226 910 5273 in
932 5240 985 5289 quo
1009 5228 1048 5273 eet
1070 5223 1183 5288 ecclesia
1200 5221 1285 5271 sancti
1301 5219 1436 5284 Stephani,
1459 5236 1492 5270 ex
1506 5219 1589 5270 fundo
1604 5219 1739 5284 Macerulq
1754 5220 1847 5269 uncias

206 5332 331 5392 quatuor,
364 5343 397 5377 ex
418 5327 501 5378 fundo
525 5327 652 5378 Cassiano
675 5329 781 5377 unciam
802 5342 896 5390 unam,
931 5343 963 5378 ex
985 5326 1067 5376 fundo
1091 5325 1227 5390 Sepitiano
1250 5326 1356 5375 rmciam
1377 5339 1458 5374 unam
1481 5329 1507 5374 et
1529 5324 1679 5388 dimidiam,
1709 5340 1742 5374 ex
1763 5323 1847 5374 iundo

206 5431 329 5481 Mediana
350 5433 444 5482 uncias
466 5431 540 5494 duas,
564 5447 595 5482 ex
617 5431 701 5481 fundo
723 5431 853 5481 Marciani
877 5432 969 5480 uncias
992 5430 1058 5480 duas
1081 5434 1108 5481 et
1130 5429 1264 5478 dimidiam
1287 5428 1334 5477 ubi
1356 5433 1395 5477 est
1417 5427 1530 5494 ccclesia
1551 5430 1636 5477 sancti
1651 5427 1792 5489 Uictorini,
1814 5443 1847 5476 ex

289 5602 348 5658 ³³7.
376 5602 648 5724 [Sickel-Ottenthag
754 5607 780 5670 a)
802 5605 834 5669 0,
859 5605 929 5668 fehlt
951 5606 981 5654 in
1002 5604 1030 5654 B
1138 5606 1166 5666 b)
1186 5609 1212 5655 et
1234 5608 1352 5653 nostrum
1377 5599 1401 5652 0
1507 5602 1532 5664 c)
1551 5600 1774 5668 magnificentiam
1797 5599 1851 5651 ΒΟ

374 5674 402 5735 d)
423 5672 450 5738 0,
469 5674 602 5726 Orbanam
729 5677 753 5736 e)
773 5675 906 5740 criptulae
927 5673 950 5725 0
1032 5673 1053 5735 i)
1072 5673 1273 5724 Marciansllum
1285 5669 1363 5721 Belle
1375 5668 1507 5734 Stepham
1523 5669 1578 5720 und
1595 5669 1649 5721 VU.
1663 5678 1689 5719 11
1772 5670 1799 5735 g)
1818 5667 1846 5732 0,

373 5743 502 5795 Gurdiani
519 5743 546 5793 B
649 5741 677 5805 h)
695 5744 869 5794 Lunirianum
886 5741 941 5794 VU.
955 5752 975 5805 1,
1002 5743 1194 5809 Lurignianum
1213 5740 1269 5793 VU.
1282 5751 1309 5793 11
1414 5741 1433 5804 i)
1450 5741 1514 5791 item
1532 5738 1626 5790 exinde
1647 5737 1673 5789 0.
