4298 6414
262 452 326 519 580
857 457 1306 517 KAISERUBKUNDEN.
1337 478 1342 485 ·

262 641 456 708 molendinis
484 640 659 706 mobilibus
687 650 719 706 et
747 638 968 705 immobilibus
998 639 1131 725 quesitis
1160 647 1193 701 et
1219 637 1421 724 inquirendis
1444 647 1476 701 et
1499 658 1576 701 cum
1600 634 1748 701 omnibus
1769 638 1872 705 iurcad

262 744 322 809 hec
351 743 602 829 pertinentibus,
633 765 671 807 eo
695 752 805 807 tenore
826 751 863 806 ut
886 744 955 806 sine
977 740 1073 806 ullius
1096 739 1354 806 contradictione
1383 739 1490 804 eidem
1512 741 1714 805 monasterio
1738 740 1769 804 in
1787 762 1871 828 perpe

263 858 353 912 tuum
375 847 562 931 ibidemque
586 845 646 910 deo
671 854 704 909 et
727 847 847 909 sanctis
871 843 1055 909 iamdictis
1079 843 1293 908 servientibus
1317 841 1515 907 deserviant.
1548 841 1690 926 Insuper
1710 842 1802 906 eciam
1819 865 1871 910 con·

262 951 418 1014 cessimus
441 958 477 1013 ut
499 949 585 1013 idem
608 949 724 1013 fratres
748 947 917 1013 arbitrium
939 947 1083 1013 habeant
1105 947 1305 1012 advocatum
1328 966 1565 1032 quemcumque
1581 943 1743 1009 voluerint
1755 944 1871 1031 eligendi,

262 1054 317 1138 qui
344 1052 490 1116 bannum
519 1050 559 1114 de
588 1051 674 1115 villis
702 1049 921 1136 Crispiniaco,
944 1051 1172 1131 Keniriniaco‚
1196 1051 1461 1127 Hausinimiaco‚
1483 1048 1743 1131 Keuiriciniaco,
1763 1049 1891 1124 Vilarses

263 1158 357 1220 niaco
382 1154 425 1218 ad
447 1154 533 1219 idem
557 1154 789 1219 monasterium
812 1153 1047 1238 pertinentibus
1069 1155 1193 1237 integre
1215 1150 1412 1238 conquiratl
1434 1173 1474 1215 ac
1496 1149 1619 1216 nullius
1642 1172 1774 1236 persone
1789 1162 1870 1237 poten·

261 1261 307 1324 tia
328 1261 498 1323 resistente
520 1261 553 1323 in
577 1258 754 1323 eorundem
776 1259 912 1323 frenum
936 1278 1141 1321 communem
1163 1279 1258 1322 usum
1280 1265 1407 1320 vertere
1428 1255 1537 1320 liceat
1572 1254 1618 1319 Et
1632 1263 1670 1319 ut
1683 1253 1745 1318 boc
1758 1265 1870 1322 nostrum

261 1371 475 1448 preceptum⁰
496 1361 619 1426 firmius
647 1370 847 1446 perseveret,
882 1359 967 1425 hanc
990 1369 1115 1425 cartam
1138 1359 1273 1425 inscribi
1295 1381 1458 1444 manuque
1480 1359 1617 1444 propris
1640 1355 1751 1422 subtus
1770 1357 1869 1424 robora-

261 1477 328 1531 tam
351 1465 471 1531 annulo
495 1475 606 1530 nostro
628 1466 781 1530 iussimus
805 1463 950 1549 sigillari.

364 1620 452 1685 Data
474 1638 511 1683 11.
535 1618 608 1683 idus
630 1618 712 1684 febr.
736 1640 821 1683 anno
845 1618 1078 1682 incarnationis
1101 1615 1263 1681 dominice
1285 1632 1540 1700 nccccnxxlm,
1563 1614 1742 1680 indictione
1761 1632 1786 1697 1,
1807 1638 1869 1681 suno
1882 1640 1903 1685 ro

263 1724 373 1788 domni
398 1722 529 1788 Ottonis
553 1740 679 1806 xxxnr,
702 1723 829 1807 imperii
852 1730 961 1786 autem
984 1738 1066 1803 X1113
1090 1730 1200 1786 actum
1222 1719 1327 1785 Trele.

1040 1975 1127 2049 127.

271 2132 351 2209 Otto
385 2135 513 2206 almost
546 2134 612 2207 dus
647 2133 791 2205 Kloster
825 2131 1050 2206 Ecbternuclt
1086 2129 1312 2229 gelegentlich
1347 2129 1413 2203 der
1444 2129 1803 2230 Wiedercinftldranp
1829 2130 1876 2203 der

262 2254 505 2351 Mbncbsreyel
530 2255 571 2326 in
596 2254 719 2326 scinco
745 2248 873 2327 Sobata
898 2254 976 2325 aad
1001 2250 1147 2324 verleilrt
1173 2249 1244 2323 dea
1270 2250 1449 2324 Mdaclten
1475 2249 1542 2323 das
1569 2249 1775 2325 Walareelu.

1403 2372 1847 2447 91196199199736161116.
1890 2382 1910 2428 11

368 2564 616 2639 Originaloliplom
638 2566 672 2623 in
694 2564 746 2623 der
768 2563 1011 2623 Stadtbibliotbelr
1032 2582 1072 2623 aa
1097 2563 1182 2622 Tader
1205 2560 1269 2641 (A).

364 2720 487 2779 Brower
501 2720 571 2778 Ant.
591 2720 701 2779 Trair.
726 2719 769 2777 ed.
790 2727 813 2788 1,
838 2720 902 2778 587
923 2719 993 2792 Rey.
1019 2740 1059 2770 =
1083 2718 1126 2776 ed.
1147 2726 1188 2788 11,
1215 2719 1242 2787 1,
1266 2721 1338 2777 428.
1362 2749 1404 2761 -
1426 2717 1564 2776 Miraeas
1578 2717 1649 2776 Not.
1667 2716 1731 2776 eccl.
1748 2717 1821 2790 Belo.
1836 2719 1881 2776 126

364 2823 582 2896 aavollstdadip
604 2839 661 2881 aas
684 2823 712 2878 Α
740 2840 779 2879 eu
803 2826 863 2882 971
891 2845 929 2873 =
953 2822 1256 2894 miraeus-Fossam
1283 2820 1337 2894 op.
1361 2826 1391 2891 1,
1416 2823 1488 2881 655.
1517 2854 1562 2864 -
1589 2820 1740 2880 Bertbolet
1767 2819 1882 2879 Eretde

366 2926 577 2998 Isaaemboury
598 2920 641 2993 3⁶,
665 2928 684 2984 9
708 2941 764 2983 arcs
786 2922 941 2995 Absclrrift
962 2943 1002 2982 au
1025 2927 1088 2984 974
1112 2945 1152 2976 =
1175 2923 1335 2982 Hontheim
1356 2923 1568 2982 1113111111.
1592 2927 1622 2993 1,
1647 2925 1883 2983 acamisso

367 3034 426 3090 971
453 3053 492 3080 =
513 3028 614 3087 Gallia
636 3028 735 3086 clrsrist.
758 3021 822 3098 13⁶,
846 3029 908 3087 325
931 3033 965 3084 a⁰
988 3030 1037 3085 44.
1068 3059 1109 3070 -
1140 3026 1237 3100 Beyer
1258 3025 1454 3085 Mtttelrlreia.
1476 3025 1539 3085 ΠΒ.
1564 3031 1593 3096 1,
1616 3029 1685 3086 292
1705 3031 1740 3084 n⁰
1760 3028 1819 3085 236
1842 3035 1917 3084 outo

367 3130 405 3190 A.
429 3164 472 3172 -
494 3129 622 3188 Bchmer
643 3131 713 3203 aeq.
737 3134 809 3190 399.
833 3164 876 3172 -
899 3129 1028 3203 Stamps
1046 3131 1119 3202 Res.
1144 3132 1216 3189 524.
1240 3160 1283 3172 -
1306 3129 1367 3201 Vol.
1394 3126 1475 3188 Gerr
1496 3128 1693 3188 Mtttelrlrer'n.
1718 3130 1789 3203 Rey.
1811 3132 1885 3189 1932.

366 3284 548 3344 Arcsserltolb
572 3285 623 3343 cler
645 3285 781 3356 Kaualei,
805 3285 1044 3344 rcruhrselrer'nlr'clt
1066 3303 1121 3344 oon
1143 3287 1236 3343 einero
1257 3286 1475 3344 Ecatemucber
1495 3285 1606 3344 Monoi
1626 3284 1758 3356 versaret
1780 3285 1837 3344 aad
1856 3285 1889 3343 tis

365 3407 436 3448 ram
459 3388 577 3449 Scbluss
601 3389 651 3447 des
676 3387 827 3448 Contextes
847 3389 1041 3462 sessionem,
1069 3387 1192 3459 senuas
1208 3388 1281 3448 WA.
1306 3388 1360 3449 dus
1382 3388 1568 3448 Eschatolroll
1589 3388 1778 3463 binzafttqte.
1815 3388 1891 3449 uae

365 3494 414 3552 die
425 3492 578 3566 Dutiruaq
594 3492 767 3552 disserenat
782 3492 835 3550 der
849 3491 1108 3564 ademtfolpeaden
1123 3491 1264 3552 Urlcaade
1277 3509 1301 3551 s.
1315 3491 1411 3552 siccet
1421 3492 1515 3551 Beitr.
1531 3510 1590 3551 aar
1600 3491 1686 3564 Dipl.
1700 3494 1731 3561 8,
1750 3494 1817 3551 176.
1832 3492 1891 3550 161.

365 3715 440 3798 {In
462 3717 591 3779 nornine
616 3724 748 3778 sanctae
771 3723 803 3777 et
825 3712 1012 3778 individuae
1034 3715 1196 3778 trinitatis
1243 3712 1320 3778 Otto
1351 3713 1462 3777 divina
1489 3713 1621 3777 favente
1650 3711 1824 3778 clementia
1846 3714 1930 3776 ima

263 3829 394 3903 perator
423 3826 591 3900 augustus.
691 3818 832 3901 Imperio
863 3827 975 3880 nostro
1006 3838 1087 3900 pace
1116 3816 1333 3902 amplificato,
1365 3825 1493 3901 gratum
1521 3815 1582 3881 deo
1605 3814 1760 3899 {munus
1787 3838 1897 3882 recom-

264 3943 400 4007 pensare
430 3942 489 3984 nos
521 3919 699 4000 credimus,
736 3922 761 3981 si
791 3917 913 3981 cultum
942 3920 1011 3981 eius
1041 3928 1073 3982 et
1102 3920 1268 3982 servitium
1298 3919 1459 4005 plerisque
1487 3921 1520 3982 in
1549 3919 1632 3982 locis
1661 3919 1842 4005 collapsum
1861 3917 1898 3982 ad

264 4025 438 4109 pristinum
462 4022 627 4105 religionis
650 4043 807 4086 renovare
832 4021 1020 4084 studeamus
1044 4031 1173 4085 statum.
1209 4021 1304 4086 Unde
1328 4020 1511 4085 audivimus
1534 4023 1771 4086 monasterium
1786 4043 1853 4086 esse
1869 4022 1898 4084 in

263 4148 363 4211 regno
380 4135 491 4190 nestro
509 4128 542 4188 in
560 4147 623 4209 quo
642 4124 758 4189 beatus
775 4124 992 4190 Uuilbrordus
1016 4126 1282 4210 archiepiscopus
1305 4127 1488 4210 requiescit,
1512 4125 1601 4210 quod
1623 4127 1695 4211 ipse
1719 4147 1739 4189 a
1762 4127 1898 4211 piissimo

263 4253 339 4314 rege
362 4230 501 4314 Pippiuo
531 4228 615 4293 datis
644 4228 765 4312 prediis
789 4239 1018 4292 construxerat
1040 4240 1072 4292 et
1095 4228 1183 4313 quod
1211 4229 1280 4312 ipse
1310 4230 1461 4314 princeps
1489 4236 1521 4291 et
1550 4229 1619 4292 eius
1649 4228 1737 4293 filius
1765 4228 1938 4293 Karelustt

264 4335 418 4418 scriptis“
441 4332 619 4417 privilegiis
643 4332 702 4395 sub
727 4342 888 4416 potestate
913 4331 1155 4397 succedentium
1177 4355 1288 4416 regum
1311 4354 1441 4397 manere
1463 4332 1691 4414 firmaverant3
1714 4334 1778 4399 hoc
1800 4337 1901 4419 itaque

263 4439 424 4523 pravitate
448 4436 617 4500 cuiusdam
641 4434 857 4499 Karlornanni
879 4438 1040 4500 invasoris
1066 4437 1113 4499 sic
1135 4435 1241 4498 fuerat
1264 4433 1480 4516 destructum,
1510 4445 1546 4499 ut
1574 4437 1728 4500 monachi
1754 4436 1831 4502 inde
1852 4458 1901 4500 ex-

264 4541 347 4627 pulsi
364 4551 395 4604 et
411 4541 561 4603 canonici
578 4540 642 4602 sint
657 4540 843 4602 intromissi.
874 4537 1042 4602 Hortatub
1065 4560 1142 4622 ergo
1166 4537 1342 4602 venerandi
1367 4541 1496 4604 comitis
1513 4538 1658 4624 sigifridi
1681 4540 1788 4605 fidelis
1806 4542 1901 4605 noser·

264 4647 296 4708 in
320 4642 434 4708 eodem
458 4644 656 4707 monasterio
680 4640 871 4726 monachice
894 4645 981 4707 vitae
1004 4641 1192 4726 religionem
1215 4644 1371 4705 innovare
1401 4641 1619 4721 decrevimus,
1650 4641 1855 4726 preficientes
1876 4643 1902 4706 ei

263 4746 481 4811 venerabilem
504 4748 609 4809 virum
631 4746 859 4830 Rauengerum
882 4745 1036 4809 abbatem
1065 4747 1118 4829 qui
1147 4742 1316 4808 monachis
1340 4745 1372 4806 in
1395 4743 1536 4828 regulari
1560 4747 1729 4828 proposito
1753 4747 1854 4830 presit
1874 4754 1941 4812 etat

264 4851 376 4934 prosit.
415 4848 611 4913 Addidimus
641 4851 738 4912 ctiam
773 4860 904 4912 nostrae
930 4850 1135 4913 auctoritatis
1166 4846 1370 4931 privilegium
1398 4868 1456 4931 per
1484 4846 1572 4932 quod
1599 4846 1736 4911 firmiter
1764 4847 1902 4913 decerni·

263 4976 350 5035 mus,
381 4964 416 5017 ut
444 4955 515 5038 ipse
543 4953 651 5034 locus,
681 4954 765 5016 sicut
794 4951 854 5015 sub
885 4963 1126 5014 antecessorum
1151 4959 1335 5014 nostrornm
1357 4958 1521 5013 manserat
1532 4957 1552 5031 ⁰,
1586 4950 1634 5012 ita
1657 4948 1718 5013 sub
1741 4962 1855 5015 nostra
1875 4959 1904 5014 et

264 5080 489 5122 successorum
511 5066 699 5121 nostrorum
723 5067 905 5140 perseveret
929 5056 1116 5120 defensione
1138 5054 1309 5140 nullusque
1333 5055 1361 5116 ei
1384 5051 1527 5135 aliquam
1549 5050 1741 5117 violentiam
1756 5054 1810 5119 vel
1834 5053 1903 5119 sub·

263 5163 442 5244 reptionem
465 5164 711 5245 possessionum
735 5159 776 5222 ad
800 5159 1034 5224 monachorum
1058 5158 1219 5242 stipendia
1242 5157 1470 5243 pertinentium
1492 5155 1610 5218 inferre
1633 5167 1813 5239 presumat.
1842 5158 1901 5221 De·

263 5264 368 5327 dimus
397 5266 531 5349 insuper
559 5263 752 5327 electionem
780 5261 934 5325 iratribus
963 5260 1103 5345 eligendi
1133 5260 1287 5324 abbatem
1309 5281 1543 5345 quemcumque
1566 5257 1719 5344 religiose
1741 5262 1809 5346 vite
1831 5283 1902 5326 con·
1917 5277 1941 5325 4(

261 5389 376 5449 gruum
392 5367 453 5432 sibi
473 5368 616 5431 invenire
632 5365 803 5429 valuerint.
838 5365 882 5428 Et
903 5373 939 5427 ut
960 5364 1041 5428 haec
1064 5371 1196 5427 nostrae
1219 5362 1380 5446 largitatis
1403 5362 1570 5426 concessio
1594 5360 1776 5447 pleniorem
1798 5364 1832 5427 in
1854 5362 1902 5427 dei

346 5554 408 5609 ⁴2⁸.
437 5558 463 5621 b)
481 5555 678 5622 conquirantrl
784 5555 809 5613 c)
820 5552 891 5615 fehlt
909 5554 938 5601 in
955 5552 986 5602 A.

347 5658 405 5712 ⁴27.
433 5657 560 5778 [Foltqud
632 5661 659 5722 a)
678 5659 773 5723 scrptis
801 5655 866 5705 edne
884 5655 1152 5720 Abbilrzunqsaeiclren
1255 5657 1283 5720 b)
1302 5657 1336 5707 ho
1355 5654 1507 5718 ‹114wa
1611 5656 1731 5713 cleers
1750 5658 1903 5706 einzrreiur

432 5745 524 5779 saner
562 5731 603 5779 irl.
