4500 6420
1005 463 1129 522 ΟΤΤΟ
1153 465 1176 519 Ι.
1201 460 1271 518 972.
1895 453 1956 518 571

314 660 457 715 nostram
481 649 668 734 imploravit
691 649 907 730 serenitatem,
932 654 1092 730 quatenus
1116 647 1373 730 conscriptiones
1391 655 1423 708 et
1442 655 1618 730 praecepta
1637 645 1679 710 ab
1697 643 1958 712 antecessoribus

313 755 442 835 nostris,
466 750 597 834 regibus
613 749 764 814 videlicet
782 758 814 813 et
832 749 1092 834 imperatoribus,
1116 749 1284 814 monachis
1301 759 1333 813 et
1348 751 1545 813 monasterio
1560 749 1727 833 Renaugie
1744 749 1832 814 edita
1846 763 1958 815 nostra

314 836 411 918 etiam
440 853 685 917 confirmatione
714 851 951 916 roboraremus.
997 850 1097 916 Ouius
1127 853 1279 937 peticioni
1303 874 1472 916 assensum
1496 852 1667 936 prebentes
1692 852 1850 937 simulque
1874 855 1959 937 prio-

313 980 384 1022 rum
413 958 590 1021 constituta
620 978 718 1040 super
746 956 981 1019 immunitatem
1006 957 1109 1018 sancti
1132 954 1196 1019 loci
1219 954 1457 1040 perpendentes
1481 957 1699 1040 praecipimus
1722 966 1755 1020 et
1778 959 1958 1041 statuimus,

281 1072 350 1125 sut
371 1040 609 1146 praescriptum
632 1058 825 1123 coenobium
849 1080 888 1122 ea
911 1061 1114 1123 immunitate
1138 1057 1294 1122 subsistat
1317 1059 1402 1121 sicut
1424 1068 1587 1122 cartarum
1611 1066 1720 1122 textus
1750 1058 1855 1124 eidem
1883 1061 1957 1127 loco

312 1167 594 1249 conscriptarum*
624 1165 784 1243 enuntiat,
819 1171 854 1226 ut
882 1162 1033 1226 videlicet
1066 1160 1217 1225 monachi
1251 1163 1284 1224 in
1316 1163 1388 1246 ipso
1418 1162 1615 1225 monasterio
1645 1172 1813 1226 manentes
1842 1164 1895 1228 vel
1925 1167 1957 1228 in

313 1278 478 1354 posterum
505 1268 685 1331 successuri
716 1264 894 1330 secundum
922 1265 1067 1349 regulam
1098 1266 1202 1328 sancti
1224 1263 1394 1329 Benedicti
1421 1263 1574 1329 abbatem
1597 1268 1681 1330 inter
1705 1289 1739 1329 se
1763 1266 1902 1351 eligendi
1927 1279 1959 1333 et

312 1374 508 1437 advocatum
532 1366 763 1457 quoqumqueb
786 1370 834 1432 eis
857 1367 987 1431 libuerit
1009 1366 1192 1452 inquirendi
1214 1366 1357 1431 habeant
1379 1367 1562 1448 licenciam,
1586 1378 1618 1432 et
1636 1379 1672 1432 ut
1690 1368 1776 1433 idem
1795 1383 1958 1436 monaste-

312 1479 395 1540 rium
418 1498 492 1539 cum
516 1474 663 1558 personis
686 1473 881 1535 intrinsecus
904 1479 936 1533 et
958 1471 1140 1534 forinsecus
1172 1467 1232 1533 sibi
1262 1469 1506 1553 coherentibus,
1538 1474 1632 1535 torris
1656 1494 1785 1558 quoque
1808 1474 1903 1538 cultis
1927 1485 1960 1539 et

262 1594 293 1639 10
313 1578 441 1643 incultis
465 1578 508 1642 ad
532 1599 566 1639 se
589 1578 673 1639 iuste
696 1574 848 1638 donative
872 1595 911 1638 ac
934 1572 1082 1655 legaliter
1104 1572 1338 1657 pertinentibus
1370 1583 1482 1638 nostro
1513 1583 1761 1660 nostrorumque
1791 1599 1956 1642 successo-

312 1706 382 1746 rum
400 1691 474 1767 post
491 1681 586 1746 deum
602 1692 633 1744 et
650 1690 781 1744 sanctos
798 1680 866 1743 eius
883 1678 1097 1761 municipatui
1117 1676 1297 1741 subiectum
1314 1675 1432 1740 nullius
1449 1677 1668 1763 subperiorisb
1690 1678 1777 1744 audb
1796 1680 1957 1746 inferioris

312 1809 447 1872 persone
470 1784 661 1849 difficultate
684 1783 830 1848 turbetur
852 1781 918 1847 aud
941 1783 1174 1866 cuiuscumque
1197 1781 1408 1846 districtionis
1432 1784 1500 1846 sive
1518 1785 1756 1868 praeceptionis
1772 1784 1957 1850 molestiam

312 1892 472 1976 patiatur,
507 1887 565 1951 sed
593 1887 690 1951 liceat
718 1887 781 1970 ipsi
811 1884 922 1950 abbati
952 1887 1020 1949 sine
1047 1883 1145 1948 ullius
1176 1884 1444 1950 contradictionis
1476 1886 1646 1952 obstaculo
1678 1889 1856 1954 monachos
1881 1914 1957 1956 suos

310 1991 500 2075 regulariter
521 2011 650 2073 regere,
679 1988 801 2072 familie
825 1990 1012 2072 praecipere
1020 2036 1029 2066 ‚
1059 2010 1110 2050 res
1139 1989 1327 2051 monasterii
1357 1989 1522 2071 ordinare,
1553 1993 1641 2056 intus
1669 1992 1720 2057 vel
1743 1993 1824 2056 foris
1848 1996 1957 2058 omnia

261 2108 292 2153 15
312 2098 404 2160 iuxta
428 2093 555 2158 consilii
580 2093 629 2156 sui
651 2093 872 2177 provisionem
896 2089 1047 2154 decenter
1070 2112 1212 2174 congrue
1236 2100 1267 2154 et
1290 2090 1410 2156 utiliter
1432 2093 1623 2177 gubernare.
1670 2095 1774 2180 Igitur
1801 2108 1836 2160 ut
1864 2120 1957 2181 prae·

312 2200 434 2263 dictum
458 2208 506 2262 est
529 2197 589 2261 sub
613 2205 726 2261 nostra
749 2194 900 2260 tuicionis
924 2196 1126 2258 immunitate
1148 2194 1241 2259 locus
1264 2205 1455 2280 prenotatus
1480 2197 1660 2263 subsistens
1684 2200 1725 2264 ab
1746 2202 1833 2264 omni
1851 2201 1956 2286 aliene

311 2303 527 2387 inquisitionis
551 2322 608 2363 seu
638 2299 820 2363 exactionis
851 2298 1001 2362 molestia
1031 2319 1163 2361 securus
1193 2309 1399 2382 permaneat,
1431 2312 1466 2363 ut
1489 2299 1541 2365 dei
1566 2303 1777 2368 servitoribus
1800 2303 1879 2368 inibi
1904 2304 1956 2368 de·

310 2403 460 2489 gentibus
477 2426 535 2488 pro
551 2402 647 2466 nobis
666 2412 698 2466 et
720 2403 845 2488 imperii
870 2404 971 2467 nostri
997 2401 1173 2465 stabilitate
1197 2403 1266 2464 sine
1290 2402 1400 2488 aliqua
1422 2404 1586 2468 forinseca
1609 2406 1829 2492 inquietudine
1854 2409 1955 2472 omni-

312 2509 433 2592 potenti
458 2506 518 2571 deo
542 2507 660 2589 iugiter
683 2505 780 2569 liceat
804 2505 997 2591 supplicare.
1043 2505 1087 2568 Et
1110 2514 1144 2568 ut
1166 2505 1229 2570 hoc
1252 2514 1363 2589 nostre
1387 2509 1608 2571 concessionis
1637 2522 1846 2595 praeceptum
1875 2521 1957 2595 pre⁰

260 2613 409 2676 ‘adfuturi
441 2610 595 2694 temporis
628 2609 789 2673 curricula
820 2620 925 2672 ratum
955 2619 1154 2694 perseveret,
1190 2607 1274 2672 hanc
1304 2618 1427 2673 cartam
1457 2610 1590 2676 inscribi
1620 2613 1771 2677 iussimus
1801 2613 1955 2701 anulique

311 2716 411 2779 nostri
436 2715 648 2797 impressione
671 2734 770 2776 manu
792 2713 926 2797 propria
949 2711 1063 2776 subtus
1085 2712 1296 2775 firmavimus.

412 2880 425 2949 ’ξ
448 2867 583 2950 Signum
607 2866 716 2932 domni
741 2865 872 2931 Ottonis
895 2868 983 2947 (MP.)
1009 2868 1117 2949 magni
1140 2867 1346 2952 imperatoris
1370 2869 1510 2951 augusti.
1534 2871 1548 2954 {a

410 2985 425 3069 {i
449 2986 604 3052 Uuillisus
628 2987 844 3052 cancellarius
867 2986 1016 3052 adviccm
1039 2988 1196 3052 Rodberti
1219 2987 1428 3053 archinotarii
1454 2988 1641 3074 subscripsi.
1665 2991 1679 3074 i}
1832 2995 1889 3073 (SI.
1906 2993 1956 3074 D.)

412 3140 501 3205 Data
527 3159 585 3206 xv.
613 3141 678 3205 kal.
706 3138 813 3226 sept‘l
840 3163 925 3205 anno
951 3142 1133 3207 dominicae
1160 3144 1393 3208 incarnationis
1419 3160 1661 3227 Dccccuxxm,
1696 3145 1873 3211 indictione
1897 3166 1954 3229 xv,

260 3262 293 3310 25
312 3266 397 3308 anno
421 3246 512 3327 regni
535 3245 645 3308 domni
669 3242 799 3309 Ottonis
823 3262 951 3308 xxx1111
965 3241 987 3324 ¹¹,
1011 3245 1137 3330 imperii
1161 3255 1270 3311 autem
1293 3263 1374 3328 xm,
1398 3257 1505 3311 actum
1532 3246 1760 3313 Constanciae.

1091 3503 1176 3576 419.
1200 3502 1203 3507 ’

309 3661 410 3729 ΜΨ.
452 3657 727 3755 flufzeiclrnuup
753 3659 840 3730 iiber·
866 3659 944 3730 cirre
973 3683 1041 3730 arura
1070 3659 1147 3731 aad
1172 3685 1238 3732 vor
1265 3661 1344 3732 (loru
1370 3661 1504 3733 Kaisar
1533 3689 1578 3734 au
1603 3661 1790 3734 Isonstuaz
1827 3688 1953 3734 cerau-

309 3777 440 3849 stoltelc
469 3777 546 3849 arsid
571 3777 639 3849 deu
659 3777 869 3875 Istinipsbrff
882 3778 1004 3850 Zizers
1032 3778 1245 3876 betrrffbnde
1273 3780 1491 3875 Inquisitioo
1519 3782 1598 3854 arad
1623 3782 1710 3854 tiber
1735 3782 1956 3880 iioctuualiqe

310 3897 385 3995 uiis
404 3895 538 3972 Grues
564 3897 623 3970 des
651 3898 1045 3993 Iaqitbitionsbeu‘cises
1073 3899 1219 3996 erjfolptc
1238 3896 1451 3999 Saltorrlsunp
1478 3901 1587 3974 dieses
1606 3901 1718 3999 Hoses
1743 3903 1868 3974 scitans
1895 3902 1955 3975 des

258 4042 292 4090 ao
310 4017 458 4091 Kaisers
486 4044 535 4089 ura
563 4017 621 4090 dic
649 4016 864 4113 bisobdfliclre
890 4018 1022 4091 Kirclzc
1049 4045 1093 4090 zu
1123 4017 1233 4093 Cluen.
1698 4075 1740 4084 -
1784 4076 1825 4084 ..
1870 4076 1911 4084 -

414 4226 687 4299 Oripirmlurlurulc
710 4228 750 4283 im
772 4226 1001 4286 tiernensisrlrea
1024 4227 1168 4286 Muscam
1189 4246 1229 4286 ru
1251 4228 1411 4301 Nitrntcrp
1436 4226 1447 4305 (
1477 4226 1499 4304 ).

413 4365 506 4424 Sietet
532 4366 622 4424 Beitr.
645 4383 703 4423 sur
725 4364 911 4438 Diplomutit
935 4370 963 4434 o',
989 4368 1050 4423 400
1074 4367 1153 4423 rscbst
1176 4367 1263 4426 Fors.
1287 4384 1343 4424 orts
1367 4364 1404 4424 A.
1428 4399 1470 4408 -
1494 4367 1621 4441 Stumpt'
1639 4369 1712 4441 Res.
1737 4373 1823 4427 513‘1.

310 4584 408 4658 lllll.
451 4585 531 4659 (ltro
560 4599 723 4658 eruerant
749 4586 807 4657 dic
833 4583 1046 4681 Scbcrrl'unp
1074 4585 1133 4657 (les
1159 4585 1397 4684 Konipsbofes
1426 4587 1547 4658 Zizais
1575 4612 1624 4658 uu
1652 4588 1710 4659 die
1738 4587 1954 4682 bisclro'fliclrc

313 4705 441 4777 llirultc
464 4731 508 4776 zu·
530 4703 630 4778 Uluti·
658 4708 732 4801 aeis·
751 4703 885 4779 Gru-ud
910 4706 1004 4778 ciues
1034 4707 1210 4778 inscitior
1236 4704 1451 4804 chcnuurt
1472 4708 1678 4781 erbruelrtcn
1703 4709 1953 4804 Inquisitious-

258 4851 290 4896 35
312 4826 476 4898 bedeima
1454 4847 1609 4906 Konstuos
1632 4852 1696 4909 972
1718 4848 1835 4922 August
1860 4854 1909 4909 Is.

416 5032 662 5106 Oripirmldzplom
686 5035 726 5091 im
750 5031 941 5104 Stiftsarclrio
962 5053 1002 5092 au
1027 5034 1055 5094 S.
1076 5035 1153 5092 Paul
1177 5037 1216 5092 im
1241 5035 1437 5094 Larentiam
1459 5033 1519 5112 (A).

412 5169 538 5230 Cresius
561 5169 640 5227 Anu.
662 5171 746 5229 Suro.
770 5174 800 5239 2,
826 5174 887 5230 138
911 5172 997 5230 Ertr.
1021 5175 1156 5241 210973,
1183 5173 1417 5230 uulusrlreinliet
1439 5173 1514 5231 nacla
1536 5172 1574 5232 A.
1605 5207 1646 5216 —-
1675 5175 1813 5247 Herrpott
1833 5175 1952 5235 Gerreul.

410 5279 440 5343 2,
465 5277 505 5331 81
529 5282 561 5330 o⁰
578 5277 636 5331 141
662 5290 718 5332 aris
741 5274 779 5336 A.
805 5277 857 5332 orit
880 5289 910 5333 v.
929 5275 985 5333 kal.
1004 5278 1075 5348 sept.
1095 5292 1119 5332 a.
1138 5290 1303 5336 r.xxxvr1
1325 5275 1376 5354 (u).
1400 5311 1442 5319 -
1464 5278 1553 5335 Molo·
1569 5275 1630 5337 CD.
1648 5278 1732 5336 Ruet.
1751 5284 1779 5346 1,
1797 5282 1835 5337 91
1862 5288 1894 5335 n⁰
1912 5285 1951 5339 64

410 5395 466 5436 urm
484 5376 525 5435 Cn.
547 5395 586 5434 sir
602 5377 720 5449 Auartst
735 5381 786 5438 28.
811 5412 853 5419 -
877 5378 971 5437 Siclcl
987 5378 1081 5435 Beitr.
1097 5396 1155 5435 sur
1168 5379 1254 5451 Dipl.
1272 5382 1300 5447 6,
1318 5383 1377 5439 401
1404 5382 1485 5439 rzebst
1508 5381 1593 5439 Fusa
1618 5398 1674 5440 uus
1697 5379 1735 5439 A.
1759 5415 1802 5423 -
1825 5382 1953 5440 Bolrmcr

258 5485 291 5530 40
411 5484 482 5554 ch.
507 5484 580 5551 393,
605 5480 732 5554 Stumpt'
751 5482 823 5553 Rep.
849 5483 911 5539 516
934 5480 997 5538 tried
1019 5481 1135 5539 llutos-r
1156 5482 1226 5554 lisy.
1253 5487 1336 5541 1103
1358 5501 1398 5541 su
1421 5484 1539 5556 depost
1563 5486 1612 5543 23.

396 5667 452 5720 tls.
483 5666 590 5734 [Sickel]
695 5671 720 5729 a)
741 5671 911 5735 ascriptarum
930 5667 995 5718 odas
1012 5667 1280 5733 Ablcitrtunqsseiclrea
1377 5670 1447 5729 blrl
1547 5673 1571 5729 c)
1590 5670 1612 5719 A
1631 5677 1691 5720 state
1710 5687 1757 5736 per
1856 5672 1882 5736 d)
1903 5685 1949 5722 ΧΥ.

481 5739 533 5789 kal.
552 5745 618 5803 sept.
636 5736 691 5788 rand
709 5750 757 5788 1111
775 5739 814 5801 (zu
831 5741 902 5802 xxx)
918 5754 967 5788 oon
987 5737 1051 5787 WB.
1068 5739 1097 5787 ia
1115 5738 1166 5787 lser
1181 5738 1329 5803 pclarsenen
1347 5738 1433 5790 Reum
1451 5739 1645 5805 nacbpelrapen.

1695 5842 1752 5904 72*
