4298 6414
888 438 1014 495 ΟΤΤΟ
1035 438 1059 493 Ι.
1084 434 1275 493 936-973.
1839 431 1901 495 627

360 623 416 683 das
430 624 470 683 D.
488 623 577 697 Hauc
597 622 663 681 eard
675 623 805 681 Lothors
826 638 882 680 tua
904 626 966 681 929
990 622 1119 680 Bibrner
1136 622 1204 680 RK.
1221 624 1306 682 1383
1321 621 1434 679 aurit-cle
1455 621 1520 680 aad
1541 621 1596 680 dos
1613 619 1771 681 Obrismoo
1792 623 1902 682 scbeiot

361 728 456 784 ciuem
478 725 518 784 D.
535 723 665 795 Amatis
686 722 886 797 mtqebildct
906 740 947 782 aa
967 722 1055 801 aaa),
1078 724 1130 784 bot
1152 740 1185 783 er
1205 725 1248 783 im
1263 725 1365 784 Dictat
1387 725 1451 784 aad
1472 727 1506 783 io
1528 726 1580 785 der
1596 724 1708 796 Solarift
1723 724 1831 784 Felrlcr
1844 727 1906 798 oof

364 828 469 888 Fclrter
487 825 624 902 addest.

361 1031 437 1118 ξΙιι
451 1031 583 1095 nomine
599 1039 711 1095 sancte
726 1037 760 1093 et
774 1027 941 1093 individue
956 1029 1120 1093 trinitatis.
1151 1028 1273 1094 Divina
1287 1029 1419 1095 favente
1434 1030 1606 1095 clementia
1621 1028 1700 1095 Otto
1716 1053 1785 1095 rex.
1874 1047 1901 1097 Si

220 1153 238 1199 5
257 1155 330 1202 circa
352 1151 413 1202 loca
436 1151 485 1201 deo
508 1150 596 1200 dicata
617 1144 827 1200 ιιιιιιιίίὶοειιιοίιιιι
848 1154 936 1199 nostre
959 1151 1077 1199 caritatis
1095 1149 1229 1215 largimur,
1250 1133 1265 1217 Ξ
1287 1149 1418 1199 credimus
1432 1149 1466 1199 ad
1480 1154 1629 1199 nostrorum
1645 1165 1785 1215 regnorum
1803 1156 1901 1200 nostre-

258 1272 311 1321 que
334 1255 422 1304 anime
445 1253 557 1304 salutem
580 1252 731 1303 omnimodo
753 1251 888 1317 proficere.
926 1253 1029 1303 Idcirco
1052 1255 1157 1303 noverit
1179 1254 1296 1304 omnium
1318 1251 1436 1303 fidelium
1458 1258 1548 1303 sancte
1571 1253 1613 1303 dei
1636 1253 1747 1319 ecclesis}
1769 1258 1822 1302 tam
1844 1269 1901 1318 pre-

258 1361 373 1410 sentium
395 1372 475 1423 quam
498 1357 648 1408 futurorum
669 1357 837 1419 universitas,
859 1340 1056 1406 Norbertum
1071 1357 1249 1408 venerabilem
1265 1357 1388 1408 abbatem
1404 1358 1507 1407 cenobii
1523 1360 1607 1407 sancti
1622 1358 1693 1409 Petri
1712 1358 1783 1424 quod
1806 1359 1902 1410 (licitur

258 1464 352 1513 (telam
380 1476 491 1512 aureum
519 1466 636 1511 nostram
665 1460 762 1511 adiisse
790 1461 969 1523 clementiam,
1001 1466 1131 1527 quatenus
1160 1477 1209 1526 pro
1239 1460 1281 1511 dei
1310 1476 1398 1511 amore
1426 1466 1567 1526 nostreque
1595 1462 1681 1512 anime
1710 1462 1824 1513 remedio
1853 1480 1901 1514 suo

257 1566 418 1616 monasterio
447 1547 563 1615 nostrub
591 1563 735 1628 preceptali
764 1565 921 1615 auctoritate
951 1565 1106 1617 confirmare
1128 1571 1155 1617 et
1176 1565 1347 1616 corroborare
1370 1578 1459 1613 omnes
1482 1568 1567 1613 cortes
1592 1568 1617 1613 et
1639 1565 1812 1628 proprietates
1835 1582 1901 1630 quus

206 1665 239 1713 [0
257 1669 360 1734 pridem
388 1667 535 1718 dinoscitur
562 1667 710 1732 possedisse
734 1671 760 1717 et
781 1684 798 1716 a
820 1672 907 1718 curtes
930 1684 981 1734 que
1003 1684 1087 1734 usque
1109 1667 1187 1718 modo
1209 1666 1371 1718 vasallorum
1394 1665 1558 1727 dicebantur,
1581 1665 1739 1731 Munisengo
1763 1671 1789 1716 et
1811 1666 1899 1716 villam

258 1778 339 1837 atque
362 1770 499 1822 castellum
522 1769 594 1835 quod
616 1770 701 1819 sancti
716 1770 787 1820 Petri
811 1769 915 1833 dicitur,
938 1771 1077 1836 ipsumque
1100 1772 1223 1821 abbatem
1246 1772 1292 1836 qui
1314 1768 1393 1819 modo
1416 1774 1503 1833 preest
1525 1783 1557 1818 ex
1580 1769 1703 1818 omuibus
1726 1765 1901 1835 dignareturc

257 1876 393 1925 investire.
415 1891 432 1922 a
454 1873 630 1925 concedimus
652 1869 685 1924 et
707 1873 836 1924 donamus
857 1861 886 1924 ei
911 1874 1047 1939 modisque
1072 1875 1194 1925 omnibus
1210 1874 1411 1924 corroboramus
1427 1886 1517 1922 omues
1532 1887 1574 1921 res
1595 1865 1699 1921 terras
1721 1874 1901 1936 possessiones

258 1993 402 2043 omnesque
423 1976 484 2027 illas
506 1981 594 2027 curtes
616 1991 682 2042 quas
704 1978 816 2043 quisque
839 1992 922 2042 usque
944 1976 1022 2027 medo
1046 1975 1189 2027 benefitiuli
1212 1976 1304 2027 ordine
1327 1976 1441 2027 detinuit
1463 1981 1490 2026 et
1511 1992 1563 2041 que
1580 1975 1755 2025 vassallorum
1778 1976 1900 2027 ‹flueban-

257 2088 309 2142 tur,
334 2085 360 2131 et
382 2095 553 2146 quascunque
576 2079 646 2130 idern
668 2081 809 2132 cenobium
831 2079 911 2147 longo
933 2086 1052 2145 tempore
1074 2080 1192 2145 possedit
1214 2095 1230 2129 a
1252 2078 1406 2144 Liuprando
1428 2079 1512 2143 ipsius
1534 2078 1587 2128 loci
1609 2079 1749 2129 fundatore
1768 2095 1901 2143 concessa,

210 2187 240 2233 15
260 2186 363 2235 scilicet
386 2185 524 2236 ecelesiam
544 2190 644 2233 unam
667 2171 700 2234 in
723 2170 847 2235 honore
869 2187 955 2235 sancti
976 2184 1120 2249 Augustini
1141 2170 1236 2234 iuxta
1259 2184 1393 2234 civitatem
1416 2184 1526 2233 launum
1549 2183 1658 2231 cumi)
1677 2171 1801 2233 mansis
1818 2180 1901 2234 terre

258 2296 333 2338 cum
357 2275 444 2337 omni
467 2272 607 2354 honore,
636 2282 668 2337 et
696 2274 729 2337 in
757 2274 950 2359 episcopatu
973 2273 1176 2338 Terdonensi
1198 2273 1310 2337 villam
1332 2294 1432 2336 unam
1454 2280 1597 2336 montem
1620 2270 1805 2336 Semurium
1828 2295 1900 2337 cum

258 2378 346 2441 omni
368 2376 492 2441 honore
514 2376 617 2440 servis
640 2375 767 2440 ancillis
790 2378 892 2461 pratis
916 2374 1006 2440 silvis
1029 2378 1161 2461 pascuis
1182 2377 1262 2461 ripis
1285 2377 1425 2462 rupinis,
1457 2398 1532 2441 cum
1560 2376 1700 2442 ecclesia
1727 2377 1806 2441 inibi
1829 2376 1899 2441 fun-

258 2479 338 2544 data
360 2483 393 2543 in
416 2478 540 2544 honore
562 2478 708 2543 eiusdem
731 2479 930 2545 sanctissimi
951 2479 1143 2565 Augustini3
1168 2488 1200 2544 et
1222 2479 1434 2545 concedimus
1457 2480 1604 2545 similiter
1626 2503 1725 2546 curtem
1748 2512 1800 2561 que
1822 2497 1900 2560 Alpe-

258 2598 338 2663 plana
353 2597 450 2648 <licitur
465 2613 512 2662 per
535 2581 705 2665 designata
724 2597 790 2661 loca,
814 2582 900 2648 idem
921 2583 1002 2648 fines
1026 2605 1115 2647 serra
1138 2582 1177 2647 de
1201 2583 1275 2668 alpe
1297 2582 1438 2649 diciturd
1461 2585 1588 2666 Longa,
1611 2606 1673 2670 que
1690 2582 1901 2649 disscernitur

206 2702 239 2745 uo
256 2687 341 2750 inter
362 2685 443 2749 fines
466 2687 571 2749 sancti
596 2682 773 2750 Gaudentii
796 2696 828 2750 et
849 2686 1040 2769 Tebolaria,
1072 2686 1290 2752 descendente
1319 2689 1353 2751 in
1381 2689 1451 2752 rivo
1476 2686 1667 2770 Gramgiola
1690 2697 1722 2751 et
1744 2689 1778 2751 in
1800 2687 1898 2751 fluvio

256 2789 388 2871 Trebia,
412 2789 623 2853 admontante
646 2798 724 2873 pore
746 2788 845 2853 fluvio
862 2788 905 2853 ad
921 2789 1056 2854 Costam
1071 2789 1202 2855 finalem
1218 2800 1250 2854 et
1272 2789 1391 2855 exinde
1406 2812 1465 2875 per
1487 2811 1647 2854 summum
1670 2791 1747 2873 iugii
1771 2791 1899 2854 exiente

256 2894 290 2955 in
310 2890 415 2955 Oruce
437 2892 552 2973 ferrea,
577 2891 859 2975 conprehendente
881 2893 962 2956 fines
987 2903 1098 2977 sancte
1120 2893 1224 2958 Mario
1246 2916 1349 2979 usque
1373 2895 1407 2958 in
1427 2893 1526 2957 fluvio
1543 2891 1691 2974 Auente,
1716 2891 1797 2956 duas
1822 2915 1899 2978 quo-

258 3017 321 3080 que
337 2994 538 3060 domnicales
561 3015 657 3071 cumas,
679 3010 829 3061 uillarum
852 2995 977 3060 scilieet
995 3017 1021 3062 et
1035 3011 1202 3074 Lar-diraeur,
1226 3018 1300 3062 cum
1317 2994 1467 3060 omnibus
1483 2995 1550 3060 suis
1566 2995 1764 3059 massariciis
1781 3016 1900 3079 appen-

257 3097 346 3161 ditiis
376 3095 613 3181 piscationibus
642 3096 836 3162 molendinis
865 3098 956 3163 silvis
987 3099 1082 3164 cultis
1105 3100 1237 3165 incultis
1260 3097 1433 3165 omnibusf
1453 3098 1549 3163 rebus
1573 3097 1616 3163 ad
1639 3098 1770 3163 easdem
1793 3109 1899 3162 cortes

207 3222 239 3268 25
259 3200 495 3285 pertinentibus
516 3200 550 3264 in
572 3201 708 3284 integro,
733 3212 862 3286 portum
886 3205 984 3268 etiam
999 3204 1032 3267 in
1049 3202 1180 3270 Olonna
1201 3205 1300 3269 fluvio
1325 3201 1534 3269 concedimus
1557 3201 1746 3266 discurrere.
1770 3217 1900 3266 volumus

258 3313 290 3367 et
312 3303 462 3369 iubemus
486 3324 516 3368 ut
537 3318 689 3369 molendina
710 3335 762 3385 que
783 3322 811 3370 in
834 3320 984 3372 Catherona
1006 3338 1053 3373 seu
1077 3324 1104 3371 in
1127 3323 1262 3388 aliquibus
1285 3322 1438 3372 fluminibus
1460 3320 1608 3386 predictum
1630 3321 1817 3371 monasterium
1840 3336 1899 3385 pos-

258 3423 339 3486 sidet,
362 3423 459 3473 habeat
481 3428 535 3472 tum
558 3423 641 3473 abbas
663 3438 795 3489 quamque
818 3430 845 3475 et
866 3426 987 3475 monachi
1009 3432 1166 3490 potestatem
1189 3426 1295 3477 levandi
1318 3431 1397 3491 atque
1421 3424 1583 3490 deponendi,
1610 3439 1748 3490 quousque
1770 3424 1812 3474 vel
1835 3441 1899 3489 quo·

258 3526 335 3576 ruodo
358 3541 449 3575 eorum
472 3525 617 3577 decreverit
640 3526 777 3590 voluutas,
806 3533 833 3578 et
860 3529 1025 3593 aqueductus
1054 3531 1099 3595 qui
1121 3530 1178 3580 Boa
1201 3528 1348 3593 Liuprandi
1376 3528 1472 3579 dicitur
1494 3531 1521 3578 in
1544 3543 1634 3578 eorum
1657 3529 1691 3577 sit
1713 3532 1843 3591 potestate
1866 3526 1899 3576 ad

258 3630 381 3695 rigandos
410 3635 482 3679 ortos
510 3631 670 3680 monasterii.
715 3615 852 3700 Insuper
880 3618 979 3680 etiam
1006 3615 1186 3702 preceptali
1209 3619 1402 3681 auctoritate
1426 3616 1655 3682 confirmamus
1678 3636 1774 3681 terram
1796 3624 1899 3679 totam

206 3741 240 3789 ,ιο
259 3733 285 3781 in
308 3734 448 3797 campania
470 3733 608 3797 Papiemis
630 3716 720 3781 urbis
742 3719 903 3782 iacentem
926 3728 958 3782 et
980 3717 1022 3783 ab
1046 3728 1108 3782 eag
1136 3720 1289 3783 memorie
1313 3718 1527 3805 Liudprando
1556 3741 1632 3803 rege
1659 3717 1763 3782 eidem
1786 3740 1897 3782 mona·

258 3822 355 3884 sterio
380 3819 457 3884 data
480 3830 512 3884 et
534 3819 682 3904 legaliter
704 3822 893 3886 terminata:
924 3823 1064 3905 primum
1096 3821 1221 3886 scilicet
1248 3825 1421 3888 terminum
1447 3822 1547 3887 habet
1574 3825 1608 3887 in
1637 3832 1731 3887 costa
1752 3821 1803 3886 vel
1826 3824 1899 3907 ripa

257 3923 342 3987 illius
357 3923 453 3988 vallis
468 3945 551 4008 quae
566 3922 662 3989 vallis
676 3924 830 3988 Ranasca
845 3922 972 4006 dicitur,
996 3926 1030 3988 in
1053 3924 1195 3989 confinio
1218 3934 1302 3989 terre
1326 3928 1429 3990 sancti
1453 3925 1643 4008 Salvatoris,
1667 3925 1743 3990 inde
1767 3925 1898 3989 descen-

258 4026 338 4091 dens
362 4028 548 4112 peripsum
572 4027 697 4091 ierbum
720 4049 778 4091 seu
801 4026 953 4111 paludem
975 4029 1137 4092 transiens
1160 4027 1264 4092 tendit
1293 4029 1336 4095 ed
1366 4029 1544 4094 secundum
1572 4031 1759 4110 terminum,
1788 4027 1822 4092 id
1850 4039 1899 4092 ost

256 4130 416 4195 t'ossatum
439 4131 494 4215 qui
517 4132 620 4194 estin
643 4139 730 4194 terra
751 4129 837 4194 valle
859 4129 1037 4194 Ranascall
1064 4131 1292 4215 constitutum,
1325 4132 1440 4197 deinde
1464 4155 1484 4197 a
1505 4134 1577 4218 ripa
1600 4132 1704 4196 Ticini
1727 4131 1782 4196 ubi
1805 4132 1898 4196 Buca

206 4256 239 4303 ³5
257 4235 414 4299 Redolosi
439 4234 557 4298 dieitur
579 4256 614 4298 se
637 4235 789 4319 porrigit,
819 4233 936 4299 dehinc
966 4256 1094 4320 quoque
1117 4235 1203 4300 ultra
1225 4235 1376 4300 Ticinum
1398 4236 1559 4300 transiens
1583 4235 1680 4299 certis
1703 4243 1735 4297 et
1757 4233 1904 4318 preordi-

258 4340 344 4403 natis
374 4338 520 4402 terminis
533 4335 549 4420 i,
579 4338 706 4423 prefata
735 4347 820 4402 terra
849 4338 1103 4423 circumquaque
1133 4340 1298 4403 connectit
1328 4360 1402 4403 cum
1433 4337 1583 4403 omnibus
1617 4338 1718 4423 pratis
1748 4338 1897 4419 passcuis

258 4442 352 4526 aquis
374 4463 574 4526 aquarumve
598 4440 788 4507 decursibus
811 4441 1066 4526 pisseationibus
1090 4441 1179 4506 silvis
1202 4444 1297 4507 terris
1320 4442 1417 4507 cultis
1432 4440 1483 4506 vel
1507 4440 1637 4505 incultis
1660 4438 1795 4525 rupibus
1818 4440 1897 4524 ripis

259 4542 473 4630 omnibusque
489 4565 599 4608 eorum
623 4544 844 4629 pertinentii83
868 4565 894 4609 et
916 4566 1014 4609 cortem
1030 4559 1171 4621 Crassiani,
1188 4542 1297 4627 Godii,
1314 4560 1421 4621 Turius,
1438 4559 1601 4621 Serantiano,
1617 4558 1730 4621 Turade,
1746 4542 1896 4623 Μοῑαᾶθ,

257 4645 450 4730 Uetegnano
476 4678 536 4711 cum
565 4663 687 4712 omnibus
716 4664 771 4712 siris
794 4664 967 4726 pertinentiis.
1001 4648 1045 4712 Et
1068 4647 1215 4713 similiter
1237 4648 1468 4713 confirmamus
1497 4663 1677 4727 possessiones
1706 4676 1772 4727 quas
1800 4662 1897 4712 habere

206 4770 240 4816 40
257 4765 363 4815 videtur
386 4767 413 4813 in
436 4767 563 4815 comitatu
586 4766 720 4816 Laudeusi
742 4784 771 4816 a:
800 4771 873 4815 curte
896 4781 947 4830 que
969 4765 1084 4816 Flumbo
1113 4766 1210 4816 dicitur
1241 4782 1300 4816 cum
1334 4750 1490 4815 eeclesias
1520 4750 1602 4815 duas
1632 4752 1734 4814 sancti
1758 4749 1842 4813 Petri
1866 4758 1898 4813 et

258 4854 363 4917 sancti
388 4851 593 4935 Columbani,
616 4875 691 4918 cum
715 4855 800 4918 omni
825 4853 947 4918 honore
971 4856 1073 4938 pratis
1095 4856 1199 4918 vineis
1229 4854 1319 4919 silvis
1346 4854 1442 4918 icrbis
1469 4853 1564 4918 cultis
1587 4862 1620 4917 et
1647 4852 1777 4917 incultis
1801 4875 1897 4937 aque-

257 4955 409 5021 ductibus
432 4955 606 5041 paludibus
631 4955 824 5021 molendinis
847 4956 1084 5040 piseationibus
1107 4980 1182 5022 cum
1205 4959 1292 5022 omni
1320 4959 1461 5039 honore3
1491 4967 1523 5021 ct
1549 4958 1583 5021 in
1604 4956 1757 5022 Brembio
1782 4956 1896 5021 confir-

257 5083 382 5126 mamus
411 5071 447 5126 ut
474 5060 618 5125 habeant
646 5059 762 5145 ipsaslt
790 5069 893 5126 terras
922 5084 997 5127 cum
1026 5063 1113 5127 omni
1143 5062 1349 5126 investitione
1380 5069 1412 5124 et
1439 5060 1524 5124 fetro
1554 5058 1792 5144 [a]lbergarias,
1822 5082 1896 5124 eum

257 5164 407 5229 omnibus
430 5166 496 5229 suis
520 5164 711 5230 adiacentiis
735 5166 953 5250 pertinentiis,
978 5164 1124 5229 similiter
1145 5162 1288 5229 habeant
1306 5163 1416 5227 omnia
1433 5161 1592 5226 sedimine
1607 5184 1669 5248 que
1692 5160 1840 5245 h[ab]ent
1863 5163 1896 5226 in

206 5351 237 5400 45
341 5351 398 5406 itt).
427 5352 668 5420 [alege-sakan}
772 5356 797 5418 a)
814 5353 946 5404 anskhere
963 5354 1017 5403 aad
1034 5353 1100 5404 noch
1117 5353 1200 5404 durch
1220 5351 1354 5405 θωπείαν
1371 5351 1494 5402 entstellte
1513 5349 1727 5416 Nactaeiciruany
1745 5351 1790 5400 des
1813 5354 1896 5401 muni-

424 5423 536 5472 ficencia
552 5422 600 5472 der
616 5421 679 5483 Vct,
702 5421 770 5473 nott
788 5423 848 5473 coeit
864 5423 911 5473 der
930 5421 1065 5474 Schreiber
1081 5421 1205 5472 rubrica
1222 5422 1317 5472 dissere
1335 5420 1418 5471 Warte
1435 5420 1490 5471 aad
1513 5419 1713 5486 magnificencia
1734 5418 1896 5485 percimonia

425 5489 470 5539 bat
555 5490 583 5556 b)
601 5490 1000 5556 uraobncdblu'irranpsacickea
1089 5494 1112 5552 c)
1127 5489 1222 5541 Astott
1235 5489 1461 5557 dignaremurder
1475 5488 1530 5540 VU.
1617 5489 1644 5547 d)
1663 5487 1694 5547 Δ,
1711 5488 1851 5538 wotlrtatt
1868 5490 1896 5539 id

428 5566 468 5609 est
484 5560 550 5610 fines
569 5561 602 5611 de
620 5561 681 5626 alpe
699 5576 766 5627 quae
784 5562 882 5611 dicitur
983 5562 1008 5625 e)
1027 5558 1050 5609 A
1068 5562 1098 5627 13,
1126 5558 1231 5610 wehtae
1247 5558 1344 5625 J'sdoclt
1365 5558 1413 5610 der
1432 5557 1567 5610 sarsum
1589 5556 1655 5606 auct
1678 5559 1707 5605 ia
1724 5556 1774 5608 den
1797 5557 1897 5607 andan

426 5627 606 5694 Fdlsclroayen
622 5628 673 5692 fiir
695 5645 742 5695 per
765 5628 904 5694 paranete
1006 5629 1026 5691 i)
1044 5628 1067 5679 A
1085 5634 1145 5679 stati
1169 5630 1344 5694 omnibusque
1446 5626 1474 5694 g)
1493 5625 1516 5676 A
1534 5631 1594 5676 stutt
1618 5642 1634 5676 a
1652 5627 1730 5676 beate
1831 5625 1859 5690 h)
1879 5643 1895 5676 ιι

206 5693 238 5741 50
425 5712 581 5747 cmaarr
672 5697 693 5764 i)
711 5700 801 5749 terinis
819 5694 1163 5763 otaeltmnmqmauen
1255 5698 1282 5761 lr)
1295 5695 1365 5762 folpt
1381 5694 1453 5746 nicht
1467 5694 1583 5762 pstiiptcs
1600 5711 1639 5746 ss.

1629 5798 1690 5860 79*
