4500 6420
996 462 1120 519 erro
1144 463 1166 516 r.
1191 458 1263 515 eea.
1448 430 1450 435 ’
1887 450 1952 514 325

308 674 410 710 summo
432 658 550 725 pontifici
574 664 600 708 et
622 658 766 708 universali
788 651 874 706 ΧΙΙΜΟ
897 671 965 721 pape
987 672 1011 719 a,
1034 657 1103 705 sieut
1124 670 1141 704 a
1162 649 1416 721 predecessoribus⁸
1438 655 1532 704 restris
1547 670 1632 721 nsque
1647 670 1718 704 nunc
1732 656 1760 704 iu
1775 660 1864 705 vestra
1877 662 1951 720 pote

309 768 376 813 state
398 768 478 829 atque
500 763 604 813 dicione
627 763 749 811 tenuistis
772 767 798 811 et
820 761 1004 825 disposuistis:
1038 761 1171 809 civitatem
1198 760 1344 809 Romanam
1372 774 1432 808 enm
1455 759 1553 809 ducatu
1576 775 1624 809 suo
1648 766 1674 809 et
1695 759 1855 809 suburbanis
1884 745 1951 808 suis

308 871 388 931 etqua
409 865 505 915 viculis
528 864 650 914 omnibus
673 870 699 914 et
721 865 860 913 territoriis
882 866 939 914 eius
957 864 1093 935 ’montanis
1116 878 1147 912 ac
1168 863 1314 923 maritimis,
1337 862 1459 913 litoribus
1482 878 1512 913 ac
1535 864 1672 927 portubus,
1695 878 1742 912 seu
1764 863 1866 912 cunctis
1889 863 1951 912 eiri-

309 970 408 1019 tatibue
430 968 546 1019 castellis
569 967 673 1032 oppidis
696 983 727 1016 uc
749 966 844 1017 viculis
862 984 878 1015 s
893 968 989 1033 Tuscis
1011 968 1145 1031 partibus,
1176 966 1203 1015 id
1225 972 1265 1015 est
1286 966 1404 1027 Portum,
1434 948 1658 1026 eeiiinmoeuml‘,
1687 964 1786 1027 Cerem,
1813 957 1951 1026 Bledamc,

275 1054 579 1139 bMarturianumd,
611 1070 734 1133 Sutrium,
761 1071 869 1135 Nepam,
900 1069 1037 1120 castellum
1060 1068 1194 1131 (inuisam,
1223 1068 1321 1130 Ortum,
1351 1069 1541 1130 Polimartium,
1570 1068 1709 1130 Ameriam,
1736 1067 1847 1131 'ludam
1870 1068 1951 1117 Peru·

309 1176 374 1227 siam
396 1192 457 1225 cum
478 1177 563 1224 tribus
585 1174 679 1224 insulis
701 1176 764 1237 suis,
786 1175 814 1224 id
837 1181 877 1224 est
898 1177 997 1223 nraiore
1019 1178 1046 1223 et
1067 1175 1176 1235 minore,
1198 1165 1381 1234 Puluensim⁶,
1403 1171 1530 1221 Narniam
1552 1164 1584 1218 et
1605 1170 1757 1220 Utriculum
1783 1185 1844 1219 cum
1870 1171 1951 1219 omui-

308 1278 359 1328 bus
381 1269 479 1329 iinibus
502 1293 533 1327 ac
554 1279 693 1328 territoriis
715 1278 749 1327 ad
771 1279 964 1343 suprascriptas
987 1278 1107 1327 civitates
1130 1277 1331 1340 pertinentibus.
1360 1292 1376 1324 a
1404 1275 1460 1324 Nee
1483 1290 1536 1324 nou
1558 1275 1728 1325 exarchatum
1753 1255 1954 1324 nauematem‘

309 1382 358 1432 sub
380 1383 532 1448 integritate
561 1398 620 1432 cum
651 1382 762 1431 urbibus
791 1382 944 1431 civitatibus
971 1380 1074 1445 oppidis
1097 1385 1124 1429 et
1146 1379 1261 1429 castellis
1283 1395 1335 1445 qne
1356 1379 1401 1444 pie¹
1422 1378 1612 1428 recordationis
1635 1378 1747 1426 domnus
1768 1377 1898 1441 Pippinus
1920 1370 1953 1425 et

310 1470 449 1535 domnus
477 1487 575 1536 nortus
603 1469 868 1535 excellentissimi
896 1471 1124 1555 imperatores,
1157 1468 1405 1554 predecessores
1435 1466 1587 1532 videlicet
1615 1469 1735 1548 nostri,
1768 1482 1846 1532 beau
1873 1481 1952 1531 Petro

260 1592 292 1640 10
310 1589 430 1653 apostolo
453 1595 479 1640 et
500 1589 730 1654 predecessoribus
752 1590 847 1639 vestris
869 1590 921 1638 iam
944 1588 1043 1637 dudum
1066 1603 1113 1652 pter
1134 1587 1284 1636 donationis
1299 1589 1422 1652 paginam
1446 1572 1661 1653 contulerunt,
1684 1587 1735 1636 boc
1757 1591 1797 1636 est
1819 1587 1952 1635 civitatem

310 1692 465 1742 &treunam
493 1700 519 1743 et
546 1694 690 1742 Emeliam:
723 1693 844 1753 Bobium,
871 1691 1006 1753 Cesenam,
1034 1691 1235 1755 Forumpopuli,
1262 1690 1418 1751 Forumliui,
1442 1690 1608 1753 Fauentiam,
1630 1688 1775 1751 Immolem,
1798 1689 1953 1750 Bononiam,

309 1794 466 1857 Ferrariam,
490 1779 687 1846 Comiiaolmnf
708 1802 733 1845 et
749 1795 872 1845 Adrianis
887 1789 985 1865 atque
1001 1794 1142 1844 Gabelluru
1165 1810 1224 1843 cum
1247 1793 1370 1842 omuibus
1391 1791 1490 1842 finibus
1512 1794 1650 1842 territoriis
1671 1799 1751 1858 atque
1772 1793 1866 1841 insulis
1884 1797 1954 1841 terra

310 1901 428 1964 marique
450 1900 484 1948 ad
507 1900 672 1963 supradictas
694 1900 815 1948 civitates
837 1899 1038 1962 pertinentibus,
1076 1897 1159 1947 Simul
1189 1904 1216 1946 et
1243 1897 1417 1961 Pentapolim,
1447 1895 1570 1946 videlieet
1597 1896 1752 1958 Amerinum,
1781 1897 1954 1956 Pensaurum,

310 2003 440 2064 Phauum,
469 2001 654 2068 Seuogallium,
683 2002 827 2059 Anconam,
856 2000 1002 2063 Ausimum,
1024 2001 1183 2063 Humanam,
1206 2000 1306 2063 Hesim,
1329 1998 1573 2063 Forumsimpronii,
1595 1998 1793 2061 Monteml'eltri,
1815 1998 1954 2049 Urbanum

263 2110 293 2156 16
311 2112 338 2157 et
359 2107 519 2157 territorium
541 2106 680 2166 Balnearia,
704 2104 794 2166 Callis,
816 2103 935 2153 Luciolis
958 2109 985 2153 et
1005 2103 1159 2168 Eugubium
1183 2118 1242 2152 curu
1266 2103 1388 2152 omuibus
1410 2101 1507 2151 finibus
1536 2117 1567 2151 uc
1597 2095 1760 2151 territoriisg
1786 2101 1821 2151 ed
1849 2101 1954 2151 easdem

311 2211 432 2260 civitates
459 2210 661 2274 pertinentibus.
704 2208 805 2257 Eodem
834 2207 912 2257 modo
941 2207 1101 2256 territorium
1130 2205 1274 2255 Sabiuense
1302 2206 1371 2255 sicut
1392 2221 1409 2255 a
1432 2190 1551 2255 domno
1575 2206 1658 2255 Karlo
1680 2206 1838 2270 imperatore
1864 2200 1954 2254 anis·

310 2320 439 2363 sessore
467 2307 578 2362 nostro
608 2312 687 2361 bento
710 2311 788 2360 Petro
811 2310 931 2373 apostolo
954 2325 1001 2374 per
1023 2309 1174 2358 donationis
1196 2310 1322 2373 seriptum
1345 2324 1498 2359 concessum
1521 2314 1561 2358 est
1583 2310 1633 2359 sub
1655 2310 1805 2374 integritate
1827 2325 1851 2358 a.
1887 2308 1953 2358 Item

311 2420 338 2468 iu
360 2418 480 2482 partibus
502 2418 598 2482 'l'rrscie
613 2415 849 2481 Longobardorum
872 2414 1009 2464 castellum
1032 2413 1187 2476 Felicitatis,
1209 2413 1308 2463 Urbem
1331 2417 1456 2474 ueterem,
1479 2413 1609 2463 Balneum
1631 2413 1708 2478 regis,
1731 2412 1846 2473 Ferenti,
1867 2411 1954 2461 Uiter-

312 2522 383 2582 bum,
406 2521 525 2583 Orchem,
549 2501 700 2579 blarcamh,
723 2519 880 2579 Tusearrarn,
904 2517 1028 2579 Suanam,
1051 2517 1235 2581 Populonium,
1262 2514 1381 2566 Roselles
1396 2498 1430 2564 al
1453 2522 1527 2565 cuni
1543 2499 1739 2564 suburbanis
1756 2509 1854 2585 atque
1868 2501 1955 2564 vicu·

261 2623 294 2670 20
311 2608 351 2672 lis
368 2607 518 2673 omnibus
538 2617 570 2671 et
593 2622 731 2671 territoriis
749 2637 780 2670 ae
799 2622 943 2682 maritimis,
968 2605 1097 2690 oppidis
1120 2627 1159 2668 ac
1182 2603 1299 2669 viculis
1324 2626 1381 2668 seu
1403 2602 1523 2667 finibus
1547 2601 1707 2666 omnibus.
1740 2599 1912 2688 Itemque*
1934 2624 1955 2665 a

313 2712 417 2775 Lunis
440 2734 514 2775 cum
536 2710 643 2775 insula
666 2707 818 2791 Corsica,
851 2708 966 2773 deinde
990 2710 1022 2772 in
1046 2708 1203 2790 Suriano,
1234 2706 1350 2771 deinde
1373 2708 1407 2769 in
1429 2715 1539 2770 monte
1562 2705 1740 2787 Bardonis,
1776 2704 1893 2770 deinde
1921 2707 1954 2769 in

312 2815 463 2891 Berceto,
487 2813 606 2879 exinde
628 2815 662 2876 in
685 2813 813 2893 Parma,
843 2811 960 2876 deinde
983 2813 1016 2874 in
1038 2811 1150 2894 Regia,
1181 2810 1299 2874 exinde
1321 2812 1354 2873 in
1378 2810 1514 2874 Mantua
1538 2818 1635 2894 atque
1658 2811 1691 2872 in
1714 2818 1824 2873 monte
1847 2808 1955 2874 Silicis

314 2929 410 3004 atque
438 2919 607 3003 provincia
628 2916 841 2981 Uenetiarum
871 2924 904 2978 et
930 2915 1027 2978 Istrla
1054 2936 1115 2978 nec
1143 2936 1209 2978 non
1238 2923 1271 2977 et
1299 2923 1452 2977 cunctum
1481 2913 1636 2977 ducatum
1667 2911 1871 2996 Spolitanum
1898 2934 1955 2976 seu

313 3022 578 3085 Beneuentanum
607 3043 673 3085 una
701 3042 775 3083 cum
804 3018 945 3103 ecelesia
972 3029 1084 3101 sancte
1113 3014 1253 3100 Oristine
1282 3018 1391 3101 posita
1419 3038 1521 3101 prope
1548 3016 1686 3100 Papiam
1715 3018 1807 3080 iuxta
1829 3015 1954 3079 Padum

262 3145 295 3193 25
314 3134 428 3211 quarto
444 3125 594 3189 miliario.
632 3140 698 3188 Item
720 3140 748 3188 iu
771 3137 891 3202 partibus
913 3136 1057 3201 Campanis)
1080 3134 1179 3198 Soram,
1202 3135 1291 3195 Areos,
1314 3135 1456 3200 Aquinum,
1478 3134 1615 3196 Arbitrum,
1638 3134 1756 3184 Teanum
1780 3140 1806 3184 et
1828 3134 1954 3198 Capuam.

313 3229 382 3293 Nec
406 3251 470 3292 non
494 3249 519 3292 et
541 3243 699 3307 patrimonia
721 3241 753 3290 ad
776 3232 933 3306 potestfitem
955 3246 982 3289 et
1004 3240 1129 3289 ditionem
1143 3232 1265 3288 'vestram
1288 3239 1455 3302 pertinentia,
1477 3239 1546 3287 sicut
1561 3244 1601 3287 est
1617 3239 1803 3302 patrimonium
1819 3238 1955 3287 Beneuen-

314 3356 405 3398 tanum
428 3365 444 3396 r
466 3354 492 3398 et
513 3348 700 3412 patrimonium
723 3345 927 3409 Neapolitumuu
951 3348 1029 3407 utque
1051 3342 1211 3407 patrimonia
1233 3340 1355 3405 Calabria
1383 3341 1526 3404 superioris
1548 3346 1575 3390 et
1596 3341 1729 3391 inferioris
1750 3362 1794 3370 -
1817 3325 1856 3389 de
1878 3326 1954 3388 civi·

314 3447 382 3502 tate
405 3447 513 3502 autern
532 3431 769 3520 Neapolitana¹
803 3455 877 3497 cum
899 3430 1044 3496 castellis
1067 3440 1098 3494 ct
1121 3430 1290 3494 territoriis
1312 3451 1352 3493 ac
1375 3428 1494 3493 finibus
1518 3440 1550 3494 et
1572 3430 1687 3494 insulis
1711 3432 1778 3495 suis
1802 3427 1863 3494 sibi
1886 3450 1956 3514 per-

314 3539 501 3620 tinentibus,
525 3539 618 3601 sicuti
644 3537 687 3602 ad
709 3536 840 3600 easdem
865 3535 1010 3619 aspicere
1033 3534 1184 3598 videntur
1200 3569 1242 3577 —-
1257 3555 1407 3597 necnon
1429 3535 1662 3618 patrimonium
1681 3533 1800 3616 Sicilie,
1824 3534 1850 3595 si
1875 3531 1955 3596 deus

265 3658 298 3706 30
315 3645 435 3707 nostris
457 3641 537 3706 illud
566 3641 735 3706 tradiderit
763 3638 924 3703 manibus.
971 3637 1075 3703 Simili
1104 3637 1201 3702 ruodo
1234 3640 1400 3702 civitatem
1431 3637 1584 3702 Geietam
1612 3648 1645 3702 et
1673 3636 1847 3701 Fundirnm
1881 3657 1956 3699 eum

317 3745 466 3811 omnibus
490 3767 600 3809 earum
623 3745 836 3829 pertinentiis.
874 3742 1014 3826 Insuper
1035 3742 1199 3805 offerimus
1222 3738 1280 3805 tibi
1303 3739 1399 3805 beate
1414 3740 1509 3804 Petre
1531 3738 1680 3825 apostole
1695 3739 1884 3823 vicarioque
1898 3746 1955 3801 tuo

316 3849 435 3913 domno
459 3847 597 3912 Iohanni
621 3869 705 3932 pape
728 3856 760 3910 et
783 3844 1029 3910 suecessoribus
1052 3846 1121 3908 eius
1144 3866 1203 3929 pro
1226 3853 1336 3927 nostre
1360 3845 1467 3928 anime
1488 3842 1631 3907 remedio
1654 3844 1821 3928 nostrique
1843 3840 1902 3905 filii
1925 3850 1957 3904 et

315 3962 501 4016 nostrorum
527 3959 699 4035 pareutum
727 3948 767 4014 de
795 3951 926 4034 proprio
956 3957 1067 4012 nostro
1098 3968 1199 4031 regno
1228 3948 1377 4011 civitates
1400 3956 1433 4012 et
1456 3945 1579 4031 oppida
1602 3968 1676 4010 cum
1699 3945 1849 4031 piscariis
1879 3944 1956 4025 suis,

316 4056 350 4120 id
373 4064 423 4120 est
444 4056 590 4135 Reatem,
613 4051 826 4132 Amiternum,
850 4053 1043 4132 Furconem,
1072 4052 1236 4132 Nursiam,
1260 4049 1399 4115 Baluam
1422 4059 1455 4113 et
1476 4049 1611 4112 Marsim
1634 4057 1667 4112 et
1689 4047 1768 4112 alibi
1791 4048 1957 4111 civitatem

267 4174 300 4221 ei
318 4160 537 4225 Teramnemi
560 4180 634 4221 cum
657 4157 858 4241 pertinentiis
881 4157 958 4220 suis.
991 4170 1048 4219 Has
1072 4186 1162 4219 omues
1184 4170 1377 4233 suprascriptas
1399 4167 1545 4232 provintias
1568 4168 1646 4217 urbes
1669 4174 1696 4217 et
1718 4168 1838 4217 ciuitates
1859 4166 1958 4230 oppida

317 4284 396 4342 atque
418 4276 528 4326 castella
549 4275 651 4324 viculos
674 4289 705 4323 ac
727 4275 858 4324 territoria
881 4272 1011 4337 simulque
1027 4278 1053 4322 et
1070 4273 1228 4337 patrimonia
1250 4277 1308 4341 pro
1325 4254 1467 4319 remedio
1485 4255 1592 4337 anime
1607 4264 1718 4337 nostri}
1734 4263 1766 4318 et
1780 4253 1839 4317 filii
1854 4255 1957 4317 nostri

318 4367 385 4430 sive
414 4374 586 4450 parentum
615 4372 801 4427 uestrorum
830 4383 869 4426 ac
899 4383 1125 4426 successorum
1146 4368 1331 4424 nostrorum
1353 4367 1386 4421 et
1408 4379 1467 4442 pro
1490 4366 1609 4422 cuncto
1633 4356 1737 4421 adeo
1762 4365 1956 4420 conservato

319 4480 416 4555 alque
445 4467 669 4532 conservando
700 4466 904 4529 Francorum
932 4464 1053 4549 populo
1083 4480 1135 4527 iam
1164 4477 1233 4543 dicte
1262 4476 1373 4543 ecclesie
1402 4482 1447 4542 tue
1475 4476 1551 4525 beate
1573 4476 1651 4526 Petre
1673 4476 1793 4540 apostole
1815 4480 1841 4525 et
1863 4491 1910 4540 per
1932 4481 1958 4524 te

318 4588 418 4637 vicario
441 4594 487 4635 tuo
510 4585 622 4650 spiritali
644 4585 712 4649 patri
735 4590 824 4633 nostro
848 4583 943 4633 domno
972 4567 1110 4631 Iohanni
1139 4597 1240 4631 summo
1270 4578 1388 4646 pontifici
1417 4584 1444 4629 et
1467 4580 1611 4629 universali
1633 4594 1701 4644 pape
1724 4580 1834 4643 eiusque
1856 4593 1958 4627 succes·

266 4692 422 4742 ausoribus
446 4706 528 4755 usque
552 4690 578 4737 iu
601 4688 678 4738 tinem
701 4686 783 4737 seculi
807 4703 837 4737 eo
861 4685 938 4735 modo
962 4685 1154 4747 confirmamus,
1176 4688 1207 4733 ut
1227 4683 1255 4731 in
1278 4699 1327 4735 suo
1350 4683 1486 4733 detineant
1507 4684 1564 4732 iure
1579 4684 1729 4748 principatu
1749 4687 1828 4747 atque
1847 4682 1958 4731 dicione.

319 4794 403 4843 Simili
433 4793 511 4843 niodo
539 4808 586 4856 per
612 4792 663 4841 hoc
691 4795 780 4856 nostre
810 4774 1022 4859 delegationis
1046 4783 1178 4858 pactum
1208 4785 1392 4837 confirmamus
1421 4786 1577 4836 donationes
1606 4801 1672 4851 quas
1700 4786 1743 4851 pie
1769 4784 1959 4835 recordationis

321 4896 433 4947 domnus
448 4897 577 4961 Pippinus
599 4911 644 4946 rex
668 4912 684 4943 a
707 4901 732 4944 et
754 4899 846 4958 postea
869 4893 980 4943 doninus
1002 4910 1018 4941 a
1040 4892 1138 4942 Karlus
1160 4874 1453 4941 excellentissimus
1475 4891 1617 4954 imperator
1639 4891 1717 4940 beate
1739 4890 1818 4939 Petro
1840 4886 1961 4952 apostolo

406 5102 465 5157 2³5.
493 5101 601 5171 [Siclrel]
701 5103 727 5162 a)
747 5102 866 5166 corripirt
884 5117 931 5151 aus
949 5098 1172 5165 surprilaqliclrem
1190 5102 1236 5167 pte
1331 5099 1358 5163 b)
1376 5099 1430 5148 cels
1447 5096 1528 5160 refert
1544 5095 1682 5148 wderaert
1699 5096 1728 5145 in
1751 5095 1803 5146 cell
1901 5095 1925 5158 c)
1942 5110 1959 5161 p

491 5173 571 5234 sosort
589 5169 672 5221 durch
693 5173 710 5221 b
733 5176 821 5220 eadat
924 5170 951 5232 d)
966 5168 999 5231 A,
1026 5171 1212 5220 Manturanum
1228 5166 1283 5219 VU.
1389 5167 1413 5230 e)
1430 5166 1558 5216 Puluensi
1574 5164 1599 5216 A
1624 5170 1685 5215 stou
1708 5164 1835 5214 Puluensi
1853 5163 1959 5227 (insula)

492 5242 511 5305 l)
523 5239 547 5291 A
609 5242 636 5306 g)
646 5238 830 5304 urtpm'ioqliclr
842 5241 966 5303 terrariis,
980 5238 1051 5289 &aa
1062 5236 1130 5287 nack
1143 5254 1155 5287 r
1167 5241 1209 5289 ein
1221 5240 1231 5287 i
1242 5234 1378 5286 martell>
1389 5234 1444 5285 aad
1455 5242 1467 5285 t
1477 5233 1597 5284 obnuit
1609 5231 1771 5298 Ιώιιιιφυῖὶῃέ
1839 5231 1867 5296 h)
1877 5230 1960 5282 durclr

492 5311 562 5361 aueo
579 5308 669 5359 Bmcli
686 5308 748 5359 eiad
764 5307 829 5358 sicle
848 5306 1010 5358 Buchsteben
1032 5306 1181 5372 alipedem
1203 5306 1258 5357 aad
1282 5303 1441 5369 includiqt,
1468 5303 1534 5353 decli
1557 5302 1633 5366 eruut
1655 5300 1818 5352 wiederlsdte
1841 5299 1961 5365 Pn'r‘s'uop

492 5379 631 5431 Uiterbum
650 5379 762 5429 Orchem
780 5378 911 5438 Marcam,
937 5393 966 5427 ao
983 5376 1058 5440 daea,
1085 5375 1122 5425 dc
1139 5375 1251 5427 Orchem
1269 5374 1318 5425 dua
1336 5372 1435 5436 unaue
1449 5371 1558 5433 Oratio,
1584 5387 1635 5420 our
1652 5372 1769 5421 hiarcam
1786 5367 1961 5421 wadriaco

491 5450 524 5498 iat
541 5454 603 5498 stou
626 5448 750 5510 Mariam,
770 5445 835 5511 jerat
853 5444 941 5495 Marta
1055 5446 1074 5508 i)
1091 5443 1148 5494 laici·
1164 5445 1192 5495 in
1210 5445 1260 5495 deu
1276 5440 1441 5506 Abachrrflea
1458 5441 1505 5491 der
1522 5439 1575 5491 VU.
1594 5439 1637 5490 die
1654 5439 1817 5504 oerdriclrtipe
1835 5437 1914 5490 saue
1936 5443 1962 5488 et

492 5519 592 5568 insulae
615 5517 763 5578 Corsicam,
788 5514 936 5567 Sardiniam
961 5520 987 5565 et
1009 5514 1128 5564 Siciliam
1145 5519 1190 5564 etc.
1295 5514 1323 5574 k)
1347 5511 1375 5560 id
1397 5509 1477 5573 rosor-t
1494 5510 1523 5558 iu
1545 5511 1567 5558 it
1585 5508 1722 5559 cadesam
1824 5507 1844 5571 l)
1861 5507 1961 5557 Par-eu·

491 5585 560 5636 illese
577 5584 671 5636 welcls
688 5583 800 5635 cantolu
817 5585 849 5633 ist
866 5583 922 5634 und
938 5600 969 5633 au
986 5584 1173 5649 patrimonium
1190 5582 1396 5648 Neapolitanum
1412 5577 1517 5644 peludru
1539 5577 1657 5629 uberdter
1673 5576 1735 5627 aiud
1750 5575 1819 5626 acels
1836 5576 1960 5643 Neapoli·

491 5663 554 5706 taua
572 5657 653 5718 cinips
671 5653 754 5705 Worts
778 5652 949 5718 auayefalleu,
975 5658 1040 5702 awa
1065 5657 1153 5719 partes
1175 5651 1238 5702 oder
1261 5658 1345 5701 turres
1368 5649 1414 5698 mit
1436 5645 1546 5697 natm
1562 5645 1741 5710 Beaeiclmuap
1842 5646 1877 5710 ru)
1893 5644 1962 5695 nach

490 5724 538 5774 der
552 5722 713 5788 Verbiudunq
724 5723 771 5773 der
781 5724 836 5774 οἱον
853 5722 905 5784 aas
924 5723 941 5772 d
954 5720 1096 5786 solpeaden
1109 5719 1215 5785 Scissis
1232 5716 1393 5772 mastinos
1410 5717 1525 5766 Fundim
1611 5717 1638 5781 n)
1649 5716 1753 5767 Tarsus
1763 5712 1795 5766 A.
