<?xml version="1.0" encoding="UTF-8"?>
<!DOCTYPE html PUBLIC "-//W3C//DTD XHTML 1.0 Transitional//EN"
    "http://www.w3.org/TR/xhtml1/DTD/xhtml1-transitional.dtd">
<html xmlns="http://www.w3.org/1999/xhtml" xml:lang="en" lang="en">
 <head>
  <title>
</title>
<meta http-equiv="Content-Type" content="text/html;charset=utf-8" />
  <meta name='ocr-system' content='tesseract 3.04.00' />
  <meta name='ocr-capabilities' content='ocr_page ocr_carea ocr_par ocr_line ocrx_word'/>
</head>
<body>
  <div class='ocr_page' id='page_1' title='image "./conradiiheinric00ottogoog/conradiiheinric00ottogoog_0416.png"; bbox 0 0 4500 6420; ppageno 0'>
   <div class='ocr_carea' id='block_1_1' title="bbox 299 438 1343 504">
    <p class='ocr_par' dir='ltr' id='par_1_1' title="bbox 299 438 1343 504">
     <span class='ocr_line' id='line_1_1' title="bbox 299 438 1343 504; baseline -0.006 0"><span class='ocrx_word' id='word_1_1' title='bbox 299 438 364 504; x_wconf 86' lang='grc'>384</span> <span class='ocrx_word' id='word_1_2' title='bbox 896 438 1343 503; x_wconf 70' lang='lat' dir='ltr'>KnlsnRURKUNDnN.</span> 
     </span>
    </p>
   </div>
   <div class='ocr_carea' id='block_1_2' title="bbox 297 623 1996 4939">
    <p class='ocr_par' dir='ltr' id='par_1_2' title="bbox 297 623 1996 4939">
     <span class='ocr_line' id='line_1_2' title="bbox 300 623 1946 713; baseline -0.004 -19"><span class='ocrx_word' id='word_1_3' title='bbox 300 638 374 694; x_wconf 89' lang='lat' dir='ltr'>cato</span> <span class='ocrx_word' id='word_1_4' title='bbox 398 651 457 693; x_wconf 93' lang='lat' dir='ltr'>suo</span> <span class='ocrx_word' id='word_1_5' title='bbox 480 637 513 693; x_wconf 90' lang='lat' dir='ltr'>et</span> <span class='ocrx_word' id='word_1_6' title='bbox 532 629 635 713; x_wconf 90' lang='lat' dir='ltr'>ipsius</span> <span class='ocrx_word' id='word_1_7' title='bbox 658 628 816 712; x_wconf 90' lang='lat' dir='ltr'>episcopii</span> <span class='ocrx_word' id='word_1_8' title='bbox 831 635 864 690; x_wconf 91' lang='lat' dir='ltr'>et</span> <span class='ocrx_word' id='word_1_9' title='bbox 879 635 1086 691; x_wconf 91' lang='lat' dir='ltr'>ostenserunt</span> <span class='ocrx_word' id='word_1_10' title='bbox 1111 623 1311 710; x_wconf 83' lang='lat' dir='ltr'>[preceptum</span> <span class='ocrx_word' id='word_1_11' title='bbox 1334 646 1434 690; x_wconf 92' lang='lat' dir='ltr'>unum</span> <span class='ocrx_word' id='word_1_12' title='bbox 1456 624 1512 690; x_wconf 91' lang='lat' dir='ltr'>ubi</span> <span class='ocrx_word' id='word_1_13' title='bbox 1536 625 1720 690; x_wconf 83' lang='lat' dir='ltr'>continetur</span> <span class='ocrx_word' id='word_1_14' title='bbox 1741 625 1775 689; x_wconf 93' lang='lat' dir='ltr'>in</span> <span class='ocrx_word' id='word_1_15' title='bbox 1797 647 1836 689; x_wconf 89' lang='lat' dir='ltr'>eo</span> <span class='ocrx_word' id='word_1_16' title='bbox 1861 624 1946 690; x_wconf 90' lang='lat' dir='ltr'>siout</span> 
     </span>
     <span class='ocr_line' id='line_1_3' title="bbox 299 726 1943 815; baseline -0.002 -19"><span class='ocrx_word' id='word_1_17' title='bbox 299 733 352 797; x_wconf 90' lang='lat' dir='ltr'>hic</span> <span class='ocrx_word' id='word_1_18' title='bbox 376 731 488 797; x_wconf 83' lang='lat' dir='ltr'>subter</span> <span class='ocrx_word' id='word_1_19' title='bbox 509 731 641 815; x_wconf 90' lang='lat' dir='ltr'>legitur:</span> <span class='ocrx_word' id='word_1_20' title='bbox 664 746 697 794; x_wconf 85' lang='lat' dir='ltr'>In</span> <span class='ocrx_word' id='word_1_21' title='bbox 716 737 830 805; x_wconf 76' lang='lat' dir='ltr'>nomine]</span> <span class='ocrx_word' id='word_1_22' title='bbox 852 727 974 794; x_wconf 62' lang='lat' dir='ltr'>dominis</span> <span class='ocrx_word' id='word_1_23' title='bbox 996 747 1078 795; x_wconf 81' lang='lat' dir='ltr'>nostri</span> <span class='ocrx_word' id='word_1_24' title='bbox 1097 766 1129 774; x_wconf 90' lang='lat'>-</span> <span class='ocrx_word' id='word_1_25' title='bbox 1145 766 1178 773; x_wconf 95' lang='lat'><em>-</em></span> <span class='ocrx_word' id='word_1_26' title='bbox 1195 738 1261 794; x_wconf 75' lang='lat'>—.⁸</span> <span class='ocrx_word' id='word_1_27' title='bbox 1284 726 1484 814; x_wconf 79' lang='lat' dir='ltr'>Preeptumh</span> <span class='ocrx_word' id='word_1_28' title='bbox 1505 730 1613 814; x_wconf 90' lang='lat' dir='ltr'>ipsum</span> <span class='ocrx_word' id='word_1_29' title='bbox 1636 729 1825 793; x_wconf 91' lang='lat' dir='ltr'>obstensum</span> <span class='ocrx_word' id='word_1_30' title='bbox 1847 738 1879 792; x_wconf 93' lang='lat' dir='ltr'>et</span> <span class='ocrx_word' id='word_1_31' title='bbox 1901 728 1943 793; x_wconf 87' lang='lat' dir='ltr'>ab</span> 
     </span>
     <span class='ocr_line' id='line_1_4' title="bbox 301 830 1944 916; baseline -0.002 -17"><span class='ocrx_word' id='word_1_32' title='bbox 301 835 413 899; x_wconf 88' lang='lat' dir='ltr'>ordine</span> <span class='ocrx_word' id='word_1_33' title='bbox 435 834 590 899; x_wconf 90' lang='lat' dir='ltr'>relectum</span> <span class='ocrx_word' id='word_1_34' title='bbox 614 833 685 897; x_wconf 84' lang='lat' dir='ltr'>fuit.</span> <span class='ocrx_word' id='word_1_35' title='bbox 718 832 811 896; x_wconf 88' lang='lat' dir='ltr'>Tunc</span> <span class='ocrx_word' id='word_1_36' title='bbox 833 834 1116 916; x_wconf 79' lang='lat' dir='ltr'>interrogaverimt</span> <span class='ocrx_word' id='word_1_37' title='bbox 1136 833 1200 916; x_wconf 91' lang='lat' dir='ltr'>ipsi</span> <span class='ocrx_word' id='word_1_38' title='bbox 1222 832 1347 896; x_wconf 91' lang='lat' dir='ltr'>iudices</span> <span class='ocrx_word' id='word_1_39' title='bbox 1363 840 1395 895; x_wconf 91' lang='lat' dir='ltr'>et</span> <span class='ocrx_word' id='word_1_40' title='bbox 1410 830 1575 896; x_wconf 83' lang='lat' dir='ltr'>auditores</span> <span class='ocrx_word' id='word_1_41' title='bbox 1598 854 1710 896; x_wconf 92' lang='lat' dir='ltr'>eorum</span> <span class='ocrx_word' id='word_1_42' title='bbox 1725 830 1944 896; x_wconf 83' lang='lat' dir='ltr'>Ermenaldus</span> 
     </span>
     <span class='ocr_line' id='line_1_5' title="bbox 299 934 1943 1023; baseline -0.003 -21"><span class='ocrx_word' id='word_1_43' title='bbox 299 939 475 1023; x_wconf 88' lang='lat' dir='ltr'>episcopus</span> <span class='ocrx_word' id='word_1_44' title='bbox 498 946 530 1000; x_wconf 92' lang='lat' dir='ltr'>et</span> <span class='ocrx_word' id='word_1_45' title='bbox 547 934 742 1020; x_wconf 89' lang='lat' dir='ltr'>Asprandus</span> <span class='ocrx_word' id='word_1_46' title='bbox 765 945 904 1000; x_wconf 85' lang='lat' dir='ltr'>avocato</span> <span class='ocrx_word' id='word_1_47' title='bbox 928 936 997 1000; x_wconf 91' lang='lat' dir='ltr'>eius</span> <span class='ocrx_word' id='word_1_48' title='bbox 1020 944 1052 999; x_wconf 90' lang='lat' dir='ltr'>et</span> <span class='ocrx_word' id='word_1_49' title='bbox 1073 936 1177 1020; x_wconf 90' lang='lat' dir='ltr'>ipsius</span> <span class='ocrx_word' id='word_1_50' title='bbox 1199 935 1368 1019; x_wconf 87' lang='lat' dir='ltr'>episcopii,</span> <span class='ocrx_word' id='word_1_51' title='bbox 1391 956 1451 1019; x_wconf 90' lang='lat' dir='ltr'>pro</span> <span class='ocrx_word' id='word_1_52' title='bbox 1475 936 1545 1021; x_wconf 91' lang='lat' dir='ltr'>quit</span> <span class='ocrx_word' id='word_1_53' title='bbox 1567 944 1757 1019; x_wconf 90' lang='lat' dir='ltr'>preceptum</span> <span class='ocrx_word' id='word_1_54' title='bbox 1778 936 1887 1019; x_wconf 91' lang='lat' dir='ltr'>ipsum</span> <span class='ocrx_word' id='word_1_55' title='bbox 1908 936 1943 998; x_wconf 94' lang='lat' dir='ltr'>in</span> 
     </span>
     <span class='ocr_line' id='line_1_6' title="bbox 298 1036 1977 1123; baseline -0.001 -17"><span class='ocrx_word' id='word_1_56' title='bbox 298 1043 396 1106; x_wconf 91' lang='lat' dir='ltr'>istum</span> <span class='ocrx_word' id='word_1_57' title='bbox 431 1047 637 1104; x_wconf 91' lang='lat' dir='ltr'>ostenserunt</span> <span class='ocrx_word' id='word_1_58' title='bbox 668 1037 835 1103; x_wconf 90' lang='lat' dir='ltr'>iudicium.</span> <span class='ocrx_word' id='word_1_59' title='bbox 871 1038 964 1103; x_wconf 87' lang='lat' dir='ltr'>Tunc</span> <span class='ocrx_word' id='word_1_60' title='bbox 993 1037 1231 1123; x_wconf 90' lang='lat' dir='ltr'>responderunt</span> <span class='ocrx_word' id='word_1_61' title='bbox 1259 1038 1327 1101; x_wconf 91' lang='lat' dir='ltr'>iam</span> <span class='ocrx_word' id='word_1_62' title='bbox 1357 1036 1444 1101; x_wconf 91' lang='lat' dir='ltr'>dioto</span> <span class='ocrx_word' id='word_1_63' title='bbox 1474 1036 1671 1102; x_wconf 86' lang='lat' dir='ltr'>Ermenaldo</span> <span class='ocrx_word' id='word_1_64' title='bbox 1706 1039 1881 1122; x_wconf 89' lang='lat' dir='ltr'>episeopus</span> <span class='ocrx_word' id='word_1_65' title='bbox 1910 1048 1977 1105; x_wconf 81' lang='lat' dir='ltr'>eto</span> 
     </span>
     <span class='ocr_line' id='line_1_7' title="bbox 299 1138 1942 1229; baseline -0.003 -21"><span class='ocrx_word' id='word_1_66' title='bbox 299 1143 474 1229; x_wconf 89' lang='lat' dir='ltr'>Asprando</span> <span class='ocrx_word' id='word_1_67' title='bbox 498 1151 637 1207; x_wconf 87' lang='lat' dir='ltr'>avocato</span> <span class='ocrx_word' id='word_1_68' title='bbox 656 1143 741 1206; x_wconf 89' lang='lat' dir='ltr'>eins:</span> <span class='ocrx_word' id='word_1_69' title='bbox 776 1141 872 1205; x_wconf 85' lang='lat' dir='ltr'>‘Vere</span> <span class='ocrx_word' id='word_1_70' title='bbox 890 1149 1080 1225; x_wconf 83' lang='lat' dir='ltr'>preceptum</span> <span class='ocrx_word' id='word_1_71' title='bbox 1097 1141 1197 1204; x_wconf 91' lang='lat' dir='ltr'>istum</span> <span class='ocrx_word' id='word_1_72' title='bbox 1214 1139 1259 1204; x_wconf 89' lang='lat' dir='ltr'>ibi</span> <span class='ocrx_word' id='word_1_73' title='bbox 1276 1141 1480 1222; x_wconf 82' lang='lat' dir='ltr'>ostensimus‚</span> <span class='ocrx_word' id='word_1_74' title='bbox 1503 1149 1539 1203; x_wconf 93' lang='lat' dir='ltr'>ut</span> <span class='ocrx_word' id='word_1_75' title='bbox 1554 1138 1661 1205; x_wconf 92' lang='lat' dir='ltr'>nullus</span> <span class='ocrx_word' id='word_1_76' title='bbox 1678 1138 1832 1226; x_wconf 83' lang='lat' dir='ltr'>quislibet</span> <span class='ocrx_word' id='word_1_77' title='bbox 1845 1139 1942 1204; x_wconf 93' lang='lat' dir='ltr'>homo</span> 
     </span>
     <span class='ocr_line' id='line_1_8' title="bbox 300 1243 1943 1333; baseline -0.003 -20"><span class='ocrx_word' id='word_1_78' title='bbox 300 1247 407 1313; x_wconf 90' lang='lat' dir='ltr'>dicere</span> <span class='ocrx_word' id='word_1_79' title='bbox 435 1249 523 1333; x_wconf 89' lang='lat' dir='ltr'>posit</span> <span class='ocrx_word' id='word_1_80' title='bbox 551 1245 639 1333; x_wconf 89' lang='lat' dir='ltr'>quod</span> <span class='ocrx_word' id='word_1_81' title='bbox 667 1268 728 1310; x_wconf 88' lang='lat' dir='ltr'>nos</span> <span class='ocrx_word' id='word_1_82' title='bbox 758 1267 831 1310; x_wconf 91' lang='lat' dir='ltr'>eum</span> <span class='ocrx_word' id='word_1_83' title='bbox 855 1244 981 1309; x_wconf 91' lang='lat' dir='ltr'>occulte</span> <span class='ocrx_word' id='word_1_84' title='bbox 1005 1254 1062 1309; x_wconf 89' lang='lat' dir='ltr'>ant</span> <span class='ocrx_word' id='word_1_85' title='bbox 1083 1244 1273 1309; x_wconf 91' lang='lat' dir='ltr'>conludiose</span> <span class='ocrx_word' id='word_1_86' title='bbox 1295 1243 1484 1309; x_wconf 89' lang='lat' dir='ltr'>abuisemus</span> <span class='ocrx_word' id='word_1_87' title='bbox 1507 1253 1563 1307; x_wconf 90' lang='lat' dir='ltr'>aut</span> <span class='ocrx_word' id='word_1_88' title='bbox 1586 1245 1799 1320; x_wconf 82' lang='lat' dir='ltr'>tennisemus,</span> <span class='ocrx_word' id='word_1_89' title='bbox 1829 1253 1861 1307; x_wconf 92' lang='lat' dir='ltr'>et</span> <span class='ocrx_word' id='word_1_90' title='bbox 1882 1266 1943 1308; x_wconf 90' lang='lat' dir='ltr'>nec</span> 
     </span>
     <span class='ocr_line' id='line_1_9' title="bbox 300 1345 1944 1436; baseline -0.002 -20"><span class='ocrx_word' id='word_1_91' title='bbox 300 1351 414 1416; x_wconf 87' lang='lat' dir='ltr'>seilesi</span> <span class='ocrx_word' id='word_1_92' title='bbox 447 1359 599 1436; x_wconf 85' lang='lat' dir='ltr'>apareat,</span> <span class='ocrx_word' id='word_1_93' title='bbox 633 1359 665 1414; x_wconf 91' lang='lat' dir='ltr'>et</span> <span class='ocrx_word' id='word_1_94' title='bbox 697 1350 783 1413; x_wconf 90' lang='lat' dir='ltr'>casis</span> <span class='ocrx_word' id='word_1_95' title='bbox 815 1347 965 1412; x_wconf 92' lang='lat' dir='ltr'>omnibus</span> <span class='ocrx_word' id='word_1_96' title='bbox 994 1347 1090 1412; x_wconf 89' lang='lat' dir='ltr'>rebus</span> <span class='ocrx_word' id='word_1_97' title='bbox 1119 1349 1199 1431; x_wconf 88' lang='lat' dir='ltr'>ipsis</span> <span class='ocrx_word' id='word_1_98' title='bbox 1230 1370 1287 1413; x_wconf 93' lang='lat' dir='ltr'>seu</span> <span class='ocrx_word' id='word_1_99' title='bbox 1310 1345 1443 1412; x_wconf 81' lang='lat' dir='ltr'>familiis</span> <span class='ocrx_word' id='word_1_100' title='bbox 1468 1355 1500 1410; x_wconf 91' lang='lat' dir='ltr'>et</span> <span class='ocrx_word' id='word_1_101' title='bbox 1524 1348 1633 1410; x_wconf 89' lang='lat' dir='ltr'>omnia</span> <span class='ocrx_word' id='word_1_102' title='bbox 1655 1347 1744 1432; x_wconf 87' lang='lat' dir='ltr'>quod</span> <span class='ocrx_word' id='word_1_103' title='bbox 1766 1369 1824 1433; x_wconf 91' lang='lat' dir='ltr'>per</span> <span class='ocrx_word' id='word_1_104' title='bbox 1845 1350 1944 1413; x_wconf 90' lang='lat' dir='ltr'>istum</span> 
     </span>
     <span class='ocr_line' id='line_1_10' title="bbox 300 1449 1943 1540; baseline -0.002 -21"><span class='ocrx_word' id='word_1_105' title='bbox 300 1465 489 1540; x_wconf 89' lang='lat' dir='ltr'>preceptum</span> <span class='ocrx_word' id='word_1_106' title='bbox 518 1452 614 1518; x_wconf 92' lang='lat' dir='ltr'>nobis</span> <span class='ocrx_word' id='word_1_107' title='bbox 637 1461 670 1518; x_wconf 90' lang='lat' dir='ltr'>et</span> <span class='ocrx_word' id='word_1_108' title='bbox 692 1474 769 1538; x_wconf 87' lang='lat' dir='ltr'>pars</span> <span class='ocrx_word' id='word_1_109' title='bbox 792 1453 894 1536; x_wconf 90' lang='lat' dir='ltr'>ipsius</span> <span class='ocrx_word' id='word_1_110' title='bbox 917 1452 1075 1536; x_wconf 91' lang='lat' dir='ltr'>episcopii</span> <span class='ocrx_word' id='word_1_111' title='bbox 1099 1473 1292 1516; x_wconf 87' lang='lat' dir='ltr'>concessum</span> <span class='ocrx_word' id='word_1_112' title='bbox 1314 1450 1420 1535; x_wconf 90' lang='lat' dir='ltr'>adque</span> <span class='ocrx_word' id='word_1_113' title='bbox 1444 1449 1690 1516; x_wconf 85' lang='lat' dir='ltr'>corroboratum</span> <span class='ocrx_word' id='word_1_114' title='bbox 1713 1460 1778 1535; x_wconf 89' lang='lat' dir='ltr'>est,</span> <span class='ocrx_word' id='word_1_115' title='bbox 1807 1451 1943 1517; x_wconf 84' lang='lat' dir='ltr'>abemus</span> 
     </span>
     <span class='ocr_line' id='line_1_11' title="bbox 300 1551 1995 1640; baseline -0.004 -19"><span class='ocrx_word' id='word_1_116' title='bbox 300 1567 332 1621; x_wconf 90' lang='lat' dir='ltr'>et</span> <span class='ocrx_word' id='word_1_117' title='bbox 353 1566 501 1623; x_wconf 91' lang='lat' dir='ltr'>tenemus</span> <span class='ocrx_word' id='word_1_118' title='bbox 523 1556 567 1620; x_wconf 88' lang='lat' dir='ltr'>ad</span> <span class='ocrx_word' id='word_1_119' title='bbox 589 1558 657 1620; x_wconf 90' lang='lat' dir='ltr'>iure</span> <span class='ocrx_word' id='word_1_120' title='bbox 680 1567 711 1618; x_wconf 89' lang='lat' dir='ltr'>et</span> <span class='ocrx_word' id='word_1_121' title='bbox 733 1551 976 1640; x_wconf 79' lang='lat' dir='ltr'>proprietarioh</span> <span class='ocrx_word' id='word_1_122' title='bbox 1003 1554 1105 1638; x_wconf 91' lang='lat' dir='ltr'>ipsius</span> <span class='ocrx_word' id='word_1_123' title='bbox 1133 1554 1292 1639; x_wconf 88' lang='lat' dir='ltr'>episcopii</span> <span class='ocrx_word' id='word_1_124' title='bbox 1323 1563 1433 1618; x_wconf 90' lang='lat' dir='ltr'>sancte</span> <span class='ocrx_word' id='word_1_125' title='bbox 1455 1553 1625 1638; x_wconf 84' lang='lat' dir='ltr'>Regiensis</span> <span class='ocrx_word' id='word_1_126' title='bbox 1648 1553 1801 1637; x_wconf 86' lang='lat' dir='ltr'>ecclesie,</span> <span class='ocrx_word' id='word_1_127' title='bbox 1830 1552 1888 1618; x_wconf 60' lang='lat' dir='ltr'>et*</span> <span class='ocrx_word' id='word_1_128' title='bbox 1916 1556 1943 1619; x_wconf 92' lang='lat' dir='ltr'>si</span> <span class='ocrx_word' id='word_1_129' title='bbox 1964 1569 1995 1616; x_wconf 88' lang='lat'>10</span> 
     </span>
     <span class='ocr_line' id='line_1_12' title="bbox 300 1655 1943 1747; baseline 0 -23"><span class='ocrx_word' id='word_1_130' title='bbox 300 1659 454 1747; x_wconf 85' lang='lat' dir='ltr'>quislibet</span> <span class='ocrx_word' id='word_1_131' title='bbox 474 1659 573 1723; x_wconf 90' lang='lat' dir='ltr'>bomo</span> <span class='ocrx_word' id='word_1_132' title='bbox 597 1658 712 1744; x_wconf 91' lang='lat' dir='ltr'>aliquit</span> <span class='ocrx_word' id='word_1_133' title='bbox 734 1657 841 1721; x_wconf 90' lang='lat' dir='ltr'>dicere</span> <span class='ocrx_word' id='word_1_134' title='bbox 863 1656 949 1738; x_wconf 85' lang='lat' dir='ltr'>vult,</span> <span class='ocrx_word' id='word_1_135' title='bbox 973 1658 1079 1741; x_wconf 88' lang='lat' dir='ltr'>parati</span> <span class='ocrx_word' id='word_1_136' title='bbox 1098 1679 1221 1738; x_wconf 86' lang='lat' dir='ltr'>sumus,</span> <span class='ocrx_word' id='word_1_137' title='bbox 1244 1655 1363 1720; x_wconf 86' lang='lat' dir='ltr'>exinde</span> <span class='ocrx_word' id='word_1_138' title='bbox 1386 1677 1460 1721; x_wconf 92' lang='lat' dir='ltr'>cum</span> <span class='ocrx_word' id='word_1_139' title='bbox 1483 1678 1558 1720; x_wconf 92' lang='lat' dir='ltr'>eum</span> <span class='ocrx_word' id='word_1_140' title='bbox 1580 1658 1613 1720; x_wconf 94' lang='lat' dir='ltr'>in</span> <span class='ocrx_word' id='word_1_141' title='bbox 1636 1659 1767 1722; x_wconf 82' lang='lat' dir='ltr'>racione</span> <span class='ocrx_word' id='word_1_142' title='bbox 1792 1658 1943 1724; x_wconf 88' lang='lat' dir='ltr'>standum</span> 
     </span>
     <span class='ocr_line' id='line_1_13' title="bbox 300 1758 1944 1847; baseline -0.001 -21"><span class='ocrx_word' id='word_1_143' title='bbox 300 1765 388 1827; x_wconf 92' lang='lat' dir='ltr'>etin</span> <span class='ocrx_word' id='word_1_144' title='bbox 408 1764 525 1826; x_wconf 86' lang='lat' dir='ltr'>vestris</span> <span class='ocrx_word' id='word_1_145' title='bbox 548 1763 725 1847; x_wconf 91' lang='lat' dir='ltr'>presenciis</span> <span class='ocrx_word' id='word_1_146' title='bbox 748 1760 893 1843; x_wconf 89' lang='lat' dir='ltr'>legitima</span> <span class='ocrx_word' id='word_1_147' title='bbox 914 1759 978 1823; x_wconf 90' lang='lat' dir='ltr'>fine</span> <span class='ocrx_word' id='word_1_148' title='bbox 1001 1759 1246 1845; x_wconf 87' lang='lat' dir='ltr'>precipiendum</span> <span class='ocrx_word' id='word_1_149' title='bbox 1268 1768 1316 1839; x_wconf 83' lang='lat' dir='ltr'>et,</span> <span class='ocrx_word' id='word_1_150' title='bbox 1340 1781 1402 1845; x_wconf 92' lang='lat' dir='ltr'>que</span> <span class='ocrx_word' id='word_1_151' title='bbox 1424 1758 1498 1843; x_wconf 89' lang='lat' dir='ltr'>plus</span> <span class='ocrx_word' id='word_1_152' title='bbox 1521 1769 1586 1840; x_wconf 88' lang='lat' dir='ltr'>est,</span> <span class='ocrx_word' id='word_1_153' title='bbox 1610 1762 1775 1846; x_wconf 88' lang='lat' dir='ltr'>querimus</span> <span class='ocrx_word' id='word_1_154' title='bbox 1797 1770 1833 1824; x_wconf 92' lang='lat' dir='ltr'>ut</span> <span class='ocrx_word' id='word_1_155' title='bbox 1856 1760 1944 1826; x_wconf 89' lang='lat' dir='ltr'>dicat</span> 
     </span>
     <span class='ocr_line' id='line_1_14' title="bbox 299 1861 1942 1950; baseline -0.001 -20"><span class='ocrx_word' id='word_1_156' title='bbox 299 1867 360 1930; x_wconf 91' lang='lat' dir='ltr'>iste</span> <span class='ocrx_word' id='word_1_157' title='bbox 375 1863 566 1950; x_wconf 88' lang='lat' dir='ltr'>Ingefredus</span> <span class='ocrx_word' id='word_1_158' title='bbox 588 1864 689 1938; x_wconf 66' lang='lat' dir='ltr'>iudex</span> <span class='ocrx_word' id='word_1_159' title='bbox 711 1873 743 1928; x_wconf 91' lang='lat' dir='ltr'>et</span> <span class='ocrx_word' id='word_1_160' title='bbox 765 1872 903 1928; x_wconf 89' lang='lat' dir='ltr'>avocato</span> <span class='ocrx_word' id='word_1_161' title='bbox 929 1863 1039 1927; x_wconf 91' lang='lat' dir='ltr'>domni</span> <span class='ocrx_word' id='word_1_162' title='bbox 1061 1863 1268 1947; x_wconf 89' lang='lat' dir='ltr'>imperatoris</span> <span class='ocrx_word' id='word_1_163' title='bbox 1284 1862 1339 1947; x_wconf 93' lang='lat' dir='ltr'>qui</span> <span class='ocrx_word' id='word_1_164' title='bbox 1353 1861 1398 1926; x_wconf 95' lang='lat' dir='ltr'>ibi</span> <span class='ocrx_word' id='word_1_165' title='bbox 1415 1884 1436 1925; x_wconf 93' lang='lat' dir='ltr'>a</span> <span class='ocrx_word' id='word_1_166' title='bbox 1452 1883 1584 1946; x_wconf 86' lang='lat' dir='ltr'>presens</span> <span class='ocrx_word' id='word_1_167' title='bbox 1601 1871 1660 1945; x_wconf 85' lang='lat' dir='ltr'>est,</span> <span class='ocrx_word' id='word_1_168' title='bbox 1685 1864 1712 1928; x_wconf 91' lang='lat' dir='ltr'>si</span> <span class='ocrx_word' id='word_1_169' title='bbox 1727 1865 1788 1928; x_wconf 92' lang='lat' dir='ltr'>iste</span> <span class='ocrx_word' id='word_1_170' title='bbox 1804 1864 1942 1930; x_wconf 92' lang='lat' dir='ltr'>domnus</span> 
     </span>
     <span class='ocr_line' id='line_1_15' title="bbox 297 1964 1941 2055; baseline -0.002 -22"><span class='ocrx_word' id='word_1_171' title='bbox 297 1970 477 2055; x_wconf 88' lang='lat' dir='ltr'>imperator</span> <span class='ocrx_word' id='word_1_172' title='bbox 506 1979 695 2055; x_wconf 90' lang='lat' dir='ltr'>preceptum</span> <span class='ocrx_word' id='word_1_173' title='bbox 723 1969 820 2032; x_wconf 91' lang='lat' dir='ltr'>istum</span> <span class='ocrx_word' id='word_1_174' title='bbox 848 1965 916 2030; x_wconf 88' lang='lat' dir='ltr'>fieri</span> <span class='ocrx_word' id='word_1_175' title='bbox 946 1968 1060 2050; x_wconf 89' lang='lat' dir='ltr'>rogavi</span> <span class='ocrx_word' id='word_1_176' title='bbox 1089 1974 1146 2031; x_wconf 90' lang='lat' dir='ltr'>aut</span> <span class='ocrx_word' id='word_1_177' title='bbox 1167 1988 1266 2031; x_wconf 86' lang='lat' dir='ltr'>manu</span> <span class='ocrx_word' id='word_1_178' title='bbox 1289 1966 1421 2050; x_wconf 92' lang='lat' dir='ltr'>propria</span> <span class='ocrx_word' id='word_1_179' title='bbox 1444 1965 1596 2030; x_wconf 89' lang='lat' dir='ltr'>roboravi</span> <span class='ocrx_word' id='word_1_180' title='bbox 1619 1964 1689 2030; x_wconf 92' lang='lat' dir='ltr'>vel¹</span> <span class='ocrx_word' id='word_1_181' title='bbox 1718 1966 1800 2032; x_wconf 91' lang='lat' dir='ltr'>illud</span> <span class='ocrx_word' id='word_1_182' title='bbox 1821 1967 1941 2031; x_wconf 89' lang='lat' dir='ltr'>annulo</span> 
     </span>
     <span class='ocr_line' id='line_1_16' title="bbox 300 2066 1994 2157; baseline 0.001 -22"><span class='ocrx_word' id='word_1_183' title='bbox 300 2094 358 2137; x_wconf 92' lang='lat' dir='ltr'>sno</span> <span class='ocrx_word' id='word_1_184' title='bbox 383 2072 504 2157; x_wconf 85' lang='lat' dir='ltr'>sigilari</span> <span class='ocrx_word' id='word_1_185' title='bbox 528 2073 632 2154; x_wconf 81' lang='lat' dir='ltr'>iussit,</span> <span class='ocrx_word' id='word_1_186' title='bbox 659 2079 716 2135; x_wconf 91' lang='lat' dir='ltr'>aut</span> <span class='ocrx_word' id='word_1_187' title='bbox 738 2072 823 2134; x_wconf 89' lang='lat' dir='ltr'>casis</span> <span class='ocrx_word' id='word_1_188' title='bbox 846 2079 879 2133; x_wconf 91' lang='lat' dir='ltr'>et</span> <span class='ocrx_word' id='word_1_189' title='bbox 901 2068 998 2133; x_wconf 90' lang='lat' dir='ltr'>rebus</span> <span class='ocrx_word' id='word_1_190' title='bbox 1023 2090 1078 2133; x_wconf 93' lang='lat' dir='ltr'>seo</span> <span class='ocrx_word' id='word_1_191' title='bbox 1102 2067 1235 2132; x_wconf 89' lang='lat' dir='ltr'>familiis</span> <span class='ocrx_word' id='word_1_192' title='bbox 1257 2077 1290 2132; x_wconf 91' lang='lat' dir='ltr'>et</span> <span class='ocrx_word' id='word_1_193' title='bbox 1313 2070 1422 2133; x_wconf 90' lang='lat' dir='ltr'>omnia</span> <span class='ocrx_word' id='word_1_194' title='bbox 1445 2066 1533 2153; x_wconf 89' lang='lat' dir='ltr'>quod</span> <span class='ocrx_word' id='word_1_195' title='bbox 1555 2071 1589 2132; x_wconf 93' lang='lat' dir='ltr'>in</span> <span class='ocrx_word' id='word_1_196' title='bbox 1611 2071 1709 2133; x_wconf 90' lang='lat' dir='ltr'>istum</span> <span class='ocrx_word' id='word_1_197' title='bbox 1731 2069 1849 2154; x_wconf 90' lang='lat' dir='ltr'>legitur</span> <span class='ocrx_word' id='word_1_198' title='bbox 1871 2090 1994 2156; x_wconf 79' lang='lat' dir='ltr'>pre-15</span> 
     </span>
     <span class='ocr_line' id='line_1_17' title="bbox 299 2168 1942 2260; baseline -0.001 -22"><span class='ocrx_word' id='word_1_199' title='bbox 299 2185 429 2259; x_wconf 91' lang='lat' dir='ltr'>ceptum</span> <span class='ocrx_word' id='word_1_200' title='bbox 453 2198 473 2240; x_wconf 89' lang='lat' dir='ltr'>a</span> <span class='ocrx_word' id='word_1_201' title='bbox 495 2186 587 2260; x_wconf 88' lang='lat' dir='ltr'>parte</span> <span class='ocrx_word' id='word_1_202' title='bbox 615 2174 748 2260; x_wconf 89' lang='lat' dir='ltr'>publica</span> <span class='ocrx_word' id='word_1_203' title='bbox 776 2174 915 2259; x_wconf 85' lang='lat' dir='ltr'>pertinet</span> <span class='ocrx_word' id='word_1_204' title='bbox 938 2193 981 2234; x_wconf 92' lang='lat' dir='ltr'>an</span> <span class='ocrx_word' id='word_1_205' title='bbox 1003 2169 1090 2236; x_wconf 92' lang='lat' dir='ltr'>non.’</span> <span class='ocrx_word' id='word_1_206' title='bbox 1139 2170 1232 2235; x_wconf 87' lang='lat' dir='ltr'>Tunc</span> <span class='ocrx_word' id='word_1_207' title='bbox 1261 2168 1345 2235; x_wconf 86' lang='lat' dir='ltr'>dixit</span> <span class='ocrx_word' id='word_1_208' title='bbox 1372 2172 1443 2255; x_wconf 92' lang='lat' dir='ltr'>ipse</span> <span class='ocrx_word' id='word_1_209' title='bbox 1465 2170 1656 2254; x_wconf 81' lang='lat' dir='ltr'>Ingefredus</span> <span class='ocrx_word' id='word_1_210' title='bbox 1685 2171 1784 2236; x_wconf 87' lang='lat' dir='ltr'>iudex</span> <span class='ocrx_word' id='word_1_211' title='bbox 1811 2182 1843 2236; x_wconf 92' lang='lat' dir='ltr'>et</span> <span class='ocrx_word' id='word_1_212' title='bbox 1865 2195 1942 2237; x_wconf 89' lang='lat' dir='ltr'>avo·</span> 
     </span>
     <span class='ocr_line' id='line_1_18' title="bbox 299 2274 1944 2361; baseline 0.001 -21"><span class='ocrx_word' id='word_1_213' title='bbox 299 2286 374 2341; x_wconf 87' lang='lat' dir='ltr'>cato</span> <span class='ocrx_word' id='word_1_214' title='bbox 398 2276 509 2342; x_wconf 89' lang='lat' dir='ltr'>domni</span> <span class='ocrx_word' id='word_1_215' title='bbox 531 2277 735 2361; x_wconf 86' lang='lat' dir='ltr'>imperatori:</span> <span class='ocrx_word' id='word_1_216' title='bbox 771 2274 866 2340; x_wconf 89' lang='lat' dir='ltr'>‘Vere</span> <span class='ocrx_word' id='word_1_217' title='bbox 891 2285 1080 2361; x_wconf 89' lang='lat' dir='ltr'>preceptum</span> <span class='ocrx_word' id='word_1_218' title='bbox 1101 2278 1200 2340; x_wconf 91' lang='lat' dir='ltr'>istum</span> <span class='ocrx_word' id='word_1_219' title='bbox 1224 2274 1312 2361; x_wconf 89' lang='lat' dir='ltr'>quod</span> <span class='ocrx_word' id='word_1_220' title='bbox 1334 2274 1414 2340; x_wconf 90' lang='lat' dir='ltr'>inibi</span> <span class='ocrx_word' id='word_1_221' title='bbox 1439 2285 1605 2341; x_wconf 89' lang='lat' dir='ltr'>ostensum</span> <span class='ocrx_word' id='word_1_222' title='bbox 1629 2275 1743 2357; x_wconf 87' lang='lat' dir='ltr'>abetis,</span> <span class='ocrx_word' id='word_1_223' title='bbox 1766 2276 1889 2341; x_wconf 92' lang='lat' dir='ltr'>bonum</span> <span class='ocrx_word' id='word_1_224' title='bbox 1912 2287 1944 2341; x_wconf 93' lang='lat' dir='ltr'>et</span> 
     </span>
     <span class='ocr_line' id='line_1_19' title="bbox 298 2376 1944 2465; baseline 0.001 -23"><span class='ocrx_word' id='word_1_225' title='bbox 298 2401 412 2443; x_wconf 92' lang='lat' dir='ltr'>verum</span> <span class='ocrx_word' id='word_1_226' title='bbox 434 2389 485 2444; x_wconf 91' lang='lat' dir='ltr'>est</span> <span class='ocrx_word' id='word_1_227' title='bbox 506 2388 538 2443; x_wconf 92' lang='lat' dir='ltr'>et</span> <span class='ocrx_word' id='word_1_228' title='bbox 555 2377 693 2444; x_wconf 90' lang='lat' dir='ltr'>domnus</span> <span class='ocrx_word' id='word_1_229' title='bbox 709 2376 787 2443; x_wconf 88' lang='lat' dir='ltr'>Otto</span> <span class='ocrx_word' id='word_1_230' title='bbox 811 2379 989 2462; x_wconf 88' lang='lat' dir='ltr'>imperator</span> <span class='ocrx_word' id='word_1_231' title='bbox 1011 2380 1065 2465; x_wconf 93' lang='lat' dir='ltr'>qui</span> <span class='ocrx_word' id='word_1_232' title='bbox 1088 2379 1132 2444; x_wconf 93' lang='lat' dir='ltr'>ibi</span> <span class='ocrx_word' id='word_1_233' title='bbox 1149 2401 1319 2465; x_wconf 88' lang='lat' dir='ltr'>apresens</span> <span class='ocrx_word' id='word_1_234' title='bbox 1342 2389 1400 2462; x_wconf 81' lang='lat' dir='ltr'>est,</span> <span class='ocrx_word' id='word_1_235' title='bbox 1423 2380 1492 2443; x_wconf 91' lang='lat' dir='ltr'>fieri</span> <span class='ocrx_word' id='word_1_236' title='bbox 1516 2381 1611 2445; x_wconf 90' lang='lat' dir='ltr'>iussit</span> <span class='ocrx_word' id='word_1_237' title='bbox 1633 2392 1666 2444; x_wconf 92' lang='lat' dir='ltr'>et</span> <span class='ocrx_word' id='word_1_238' title='bbox 1689 2403 1787 2445; x_wconf 87' lang='lat' dir='ltr'>manu</span> <span class='ocrx_word' id='word_1_239' title='bbox 1811 2381 1944 2465; x_wconf 90' lang='lat' dir='ltr'>propria</span> 
     </span>
     <span class='ocr_line' id='line_1_20' title="bbox 298 2480 1943 2568; baseline 0 -22"><span class='ocrx_word' id='word_1_240' title='bbox 298 2482 449 2546; x_wconf 85' lang='lat' dir='ltr'>roboravi</span> <span class='ocrx_word' id='word_1_241' title='bbox 472 2480 562 2546; x_wconf 91' lang='lat' dir='ltr'>etde</span> <span class='ocrx_word' id='word_1_242' title='bbox 585 2482 705 2547; x_wconf 91' lang='lat' dir='ltr'>annulo</span> <span class='ocrx_word' id='word_1_243' title='bbox 722 2503 780 2547; x_wconf 91' lang='lat' dir='ltr'>suo</span> <span class='ocrx_word' id='word_1_244' title='bbox 800 2481 923 2566; x_wconf 83' lang='lat' dir='ltr'>sigilari</span> <span class='ocrx_word' id='word_1_245' title='bbox 947 2485 1103 2568; x_wconf 88' lang='lat' dir='ltr'>precepit,</span> <span class='ocrx_word' id='word_1_246' title='bbox 1128 2492 1161 2547; x_wconf 92' lang='lat' dir='ltr'>et</span> <span class='ocrx_word' id='word_1_247' title='bbox 1183 2485 1269 2547; x_wconf 87' lang='lat' dir='ltr'>casis</span> <span class='ocrx_word' id='word_1_248' title='bbox 1292 2492 1325 2548; x_wconf 91' lang='lat' dir='ltr'>et</span> <span class='ocrx_word' id='word_1_249' title='bbox 1346 2482 1443 2547; x_wconf 93' lang='lat' dir='ltr'>rebus</span> <span class='ocrx_word' id='word_1_250' title='bbox 1466 2491 1499 2546; x_wconf 91' lang='lat' dir='ltr'>et</span> <span class='ocrx_word' id='word_1_251' title='bbox 1522 2485 1632 2547; x_wconf 90' lang='lat' dir='ltr'>omnia</span> <span class='ocrx_word' id='word_1_252' title='bbox 1655 2483 1743 2568; x_wconf 90' lang='lat' dir='ltr'>quod</span> <span class='ocrx_word' id='word_1_253' title='bbox 1765 2504 1824 2568; x_wconf 92' lang='lat' dir='ltr'>per</span> <span class='ocrx_word' id='word_1_254' title='bbox 1845 2485 1943 2547; x_wconf 91' lang='lat' dir='ltr'>istum</span> 
     </span>
     <span class='ocr_line' id='line_1_21' title="bbox 299 2583 1995 2671; baseline 0 -23"><span class='ocrx_word' id='word_1_255' title='bbox 299 2596 490 2671; x_wconf 89' lang='lat' dir='ltr'>preceptum</span> <span class='ocrx_word' id='word_1_256' title='bbox 511 2585 739 2650; x_wconf 87' lang='lat' dir='ltr'>confirmatum</span> <span class='ocrx_word' id='word_1_257' title='bbox 761 2594 794 2649; x_wconf 92' lang='lat' dir='ltr'>et</span> <span class='ocrx_word' id='word_1_258' title='bbox 815 2584 1063 2650; x_wconf 84' lang='lat' dir='ltr'>corroboratum</span> <span class='ocrx_word' id='word_1_259' title='bbox 1085 2594 1149 2667; x_wconf 87' lang='lat' dir='ltr'>est,</span> <span class='ocrx_word' id='word_1_260' title='bbox 1178 2608 1198 2648; x_wconf 91' lang='lat' dir='ltr'>a</span> <span class='ocrx_word' id='word_1_261' title='bbox 1221 2596 1313 2670; x_wconf 90' lang='lat' dir='ltr'>parto</span> <span class='ocrx_word' id='word_1_262' title='bbox 1335 2583 1469 2670; x_wconf 88' lang='lat' dir='ltr'>publica</span> <span class='ocrx_word' id='word_1_263' title='bbox 1490 2608 1551 2650; x_wconf 92' lang='lat' dir='ltr'>nec</span> <span class='ocrx_word' id='word_1_264' title='bbox 1574 2607 1594 2649; x_wconf 94' lang='lat' dir='ltr'>a</span> <span class='ocrx_word' id='word_1_265' title='bbox 1617 2595 1709 2670; x_wconf 84' lang='lat' dir='ltr'>parto</span> <span class='ocrx_word' id='word_1_266' title='bbox 1731 2585 1864 2650; x_wconf 86' lang='lat' dir='ltr'>marche</span> <span class='ocrx_word' id='word_1_267' title='bbox 1886 2609 1944 2671; x_wconf 87' lang='lat' dir='ltr'>per</span> <span class='ocrx_word' id='word_1_268' title='bbox 1961 2602 1995 2648; x_wconf 80' lang='lat'>20</span> 
     </span>
     <span class='ocr_line' id='line_1_22' title="bbox 299 2687 1945 2775; baseline 0.001 -24"><span class='ocrx_word' id='word_1_269' title='bbox 299 2687 457 2753; x_wconf 89' lang='lat' dir='ltr'>nullusvis</span> <span class='ocrx_word' id='word_1_270' title='bbox 484 2689 614 2773; x_wconf 86' lang='lat' dir='ltr'>ingenio</span> <span class='ocrx_word' id='word_1_271' title='bbox 638 2689 778 2773; x_wconf 87' lang='lat' dir='ltr'>pertinet</span> <span class='ocrx_word' id='word_1_272' title='bbox 805 2710 864 2752; x_wconf 90' lang='lat' dir='ltr'>nec</span> <span class='ocrx_word' id='word_1_273' title='bbox 893 2690 1055 2773; x_wconf 90' lang='lat' dir='ltr'>pertinere</span> <span class='ocrx_word' id='word_1_274' title='bbox 1084 2687 1180 2753; x_wconf 90' lang='lat' dir='ltr'>debet</span> <span class='ocrx_word' id='word_1_275' title='bbox 1209 2710 1282 2752; x_wconf 90' lang='lat' dir='ltr'>cum</span> <span class='ocrx_word' id='word_1_276' title='bbox 1310 2687 1398 2773; x_wconf 87' lang='lat' dir='ltr'>lege,</span> <span class='ocrx_word' id='word_1_277' title='bbox 1432 2688 1490 2752; x_wconf 89' lang='lat' dir='ltr'>sed</span> <span class='ocrx_word' id='word_1_278' title='bbox 1520 2689 1628 2752; x_wconf 90' lang='lat' dir='ltr'>omnia</span> <span class='ocrx_word' id='word_1_279' title='bbox 1657 2689 1744 2775; x_wconf 89' lang='lat' dir='ltr'>quod</span> <span class='ocrx_word' id='word_1_280' title='bbox 1766 2709 1825 2774; x_wconf 92' lang='lat' dir='ltr'>per</span> <span class='ocrx_word' id='word_1_281' title='bbox 1846 2691 1945 2753; x_wconf 89' lang='lat' dir='ltr'>istum</span> 
     </span>
     <span class='ocr_line' id='line_1_23' title="bbox 300 2790 1944 2877; baseline 0.002 -23"><span class='ocrx_word' id='word_1_282' title='bbox 300 2800 490 2876; x_wconf 90' lang='lat' dir='ltr'>preceptum</span> <span class='ocrx_word' id='word_1_283' title='bbox 506 2792 733 2857; x_wconf 87' lang='lat' dir='ltr'>confirmatum</span> <span class='ocrx_word' id='word_1_284' title='bbox 748 2800 780 2855; x_wconf 91' lang='lat' dir='ltr'>et</span> <span class='ocrx_word' id='word_1_285' title='bbox 795 2791 1044 2857; x_wconf 88' lang='lat' dir='ltr'>corroboratum</span> <span class='ocrx_word' id='word_1_286' title='bbox 1060 2801 1118 2874; x_wconf 81' lang='lat' dir='ltr'>est,</span> <span class='ocrx_word' id='word_1_287' title='bbox 1134 2793 1272 2876; x_wconf 90' lang='lat' dir='ltr'>vosipsi</span> <span class='ocrx_word' id='word_1_288' title='bbox 1289 2791 1487 2856; x_wconf 83' lang='lat' dir='ltr'>Ermenaldo</span> <span class='ocrx_word' id='word_1_289' title='bbox 1504 2794 1678 2876; x_wconf 91' lang='lat' dir='ltr'>episcopus</span> <span class='ocrx_word' id='word_1_290' title='bbox 1693 2800 1726 2855; x_wconf 90' lang='lat' dir='ltr'>et</span> <span class='ocrx_word' id='word_1_291' title='bbox 1739 2790 1944 2877; x_wconf 84' lang='lat' dir='ltr'>Asprandom</span> 
     </span>
     <span class='ocr_line' id='line_1_24' title="bbox 298 2894 1944 2981; baseline 0.001 -24"><span class='ocrx_word' id='word_1_292' title='bbox 298 2904 438 2959; x_wconf 87' lang='lat' dir='ltr'>avocato</span> <span class='ocrx_word' id='word_1_293' title='bbox 455 2917 475 2958; x_wconf 93' lang='lat' dir='ltr'>a</span> <span class='ocrx_word' id='word_1_294' title='bbox 490 2917 566 2980; x_wconf 91' lang='lat' dir='ltr'>pars</span> <span class='ocrx_word' id='word_1_295' title='bbox 588 2896 691 2981; x_wconf 91' lang='lat' dir='ltr'>ipsius</span> <span class='ocrx_word' id='word_1_296' title='bbox 714 2896 859 2980; x_wconf 89' lang='lat' dir='ltr'>episcopi</span> <span class='ocrx_word' id='word_1_297' title='bbox 883 2903 995 2959; x_wconf 90' lang='lat' dir='ltr'>sancte</span> <span class='ocrx_word' id='word_1_298' title='bbox 1009 2895 1180 2978; x_wconf 86' lang='lat' dir='ltr'>Regiensis</span> <span class='ocrx_word' id='word_1_299' title='bbox 1204 2894 1339 2959; x_wconf 88' lang='lat' dir='ltr'>ecclesie</span> <span class='ocrx_word' id='word_1_300' title='bbox 1363 2895 1460 2960; x_wconf 89' lang='lat' dir='ltr'>abere</span> <span class='ocrx_word' id='word_1_301' title='bbox 1482 2904 1515 2959; x_wconf 90' lang='lat' dir='ltr'>et</span> <span class='ocrx_word' id='word_1_302' title='bbox 1537 2905 1646 2959; x_wconf 87' lang='lat' dir='ltr'>tenere</span> <span class='ocrx_word' id='word_1_303' title='bbox 1670 2894 1795 2959; x_wconf 89' lang='lat' dir='ltr'>debetis</span> <span class='ocrx_word' id='word_1_304' title='bbox 1817 2895 1860 2959; x_wconf 90' lang='lat' dir='ltr'>ad</span> <span class='ocrx_word' id='word_1_305' title='bbox 1875 2897 1944 2960; x_wconf 92' lang='lat' dir='ltr'>iure</span> 
     </span>
     <span class='ocr_line' id='line_1_25' title="bbox 299 2994 1944 3083; baseline 0.001 -23"><span class='ocrx_word' id='word_1_306' title='bbox 299 2999 514 3083; x_wconf 85' lang='lat' dir='ltr'>proprietario</span> <span class='ocrx_word' id='word_1_307' title='bbox 537 2998 683 3062; x_wconf 82' lang='lat' dir='ltr'>iustam¹¹</span> <span class='ocrx_word' id='word_1_308' title='bbox 705 2999 812 3083; x_wconf 91' lang='lat' dir='ltr'>ipsum</span> <span class='ocrx_word' id='word_1_309' title='bbox 835 2995 1044 3081; x_wconf 61' lang='lat' dir='ltr'>preceptum?</span> <span class='ocrx_word' id='word_1_310' title='bbox 1087 2994 1169 3062; x_wconf 72' lang='lat' dir='ltr'>(lum</span> <span class='ocrx_word' id='word_1_311' title='bbox 1193 2999 1263 3082; x_wconf 91' lang='lat' dir='ltr'>ipse</span> <span class='ocrx_word' id='word_1_312' title='bbox 1279 2997 1471 3082; x_wconf 87' lang='lat' dir='ltr'>Ingefredns</span> <span class='ocrx_word' id='word_1_313' title='bbox 1494 2995 1593 3062; x_wconf 85' lang='lat' dir='ltr'>iudex</span> <span class='ocrx_word' id='word_1_314' title='bbox 1609 3006 1641 3062; x_wconf 90' lang='lat' dir='ltr'>et</span> <span class='ocrx_word' id='word_1_315' title='bbox 1655 3005 1814 3063; x_wconf 88' lang='lat' dir='ltr'>avocatus</span> <span class='ocrx_word' id='word_1_316' title='bbox 1836 2998 1944 3062; x_wconf 90' lang='lat' dir='ltr'>taliter</span> 
     </span>
     <span class='ocr_line' id='line_1_26' title="bbox 300 3098 1994 3184; baseline 0.001 -23"><span class='ocrx_word' id='word_1_317' title='bbox 300 3098 477 3182; x_wconf 85' lang='lat' dir='ltr'>aseruised,</span> <span class='ocrx_word' id='word_1_318' title='bbox 502 3109 578 3163; x_wconf 94' lang='lat' dir='ltr'>tunc</span> <span class='ocrx_word' id='word_1_319' title='bbox 600 3099 827 3163; x_wconf 88' lang='lat' dir='ltr'>iudicaverunt</span> <span class='ocrx_word' id='word_1_320' title='bbox 848 3100 911 3183; x_wconf 91' lang='lat' dir='ltr'>ipsi</span> <span class='ocrx_word' id='word_1_321' title='bbox 933 3098 1057 3163; x_wconf 91' lang='lat' dir='ltr'>iudices</span> <span class='ocrx_word' id='word_1_322' title='bbox 1081 3108 1117 3164; x_wconf 91' lang='lat' dir='ltr'>ut</span> <span class='ocrx_word' id='word_1_323' title='bbox 1138 3101 1210 3184; x_wconf 92' lang='lat' dir='ltr'>ipse</span> <span class='ocrx_word' id='word_1_324' title='bbox 1231 3099 1423 3183; x_wconf 87' lang='lat' dir='ltr'>Ingefredus</span> <span class='ocrx_word' id='word_1_325' title='bbox 1445 3100 1546 3166; x_wconf 87' lang='lat' dir='ltr'>iudex</span> <span class='ocrx_word' id='word_1_326' title='bbox 1569 3110 1601 3165; x_wconf 92' lang='lat' dir='ltr'>et</span> <span class='ocrx_word' id='word_1_327' title='bbox 1630 3111 1787 3165; x_wconf 89' lang='lat' dir='ltr'>avocatus</span> <span class='ocrx_word' id='word_1_328' title='bbox 1810 3111 1943 3167; x_wconf 88' lang='lat' dir='ltr'>maneat</span> <span class='ocrx_word' id='word_1_329' title='bbox 1960 3117 1994 3164; x_wconf 75' lang='lat'>25</span> 
     </span>
     <span class='ocr_line' id='line_1_27' title="bbox 299 3200 1944 3290; baseline 0.001 -23"><span class='ocrx_word' id='word_1_330' title='bbox 299 3201 418 3267; x_wconf 86' lang='lat' dir='ltr'>exinde</span> <span class='ocrx_word' id='word_1_331' title='bbox 438 3200 607 3267; x_wconf 76' lang='lat' dir='ltr'>tacitus³et</span> <span class='ocrx_word' id='word_1_332' title='bbox 624 3212 795 3268; x_wconf 91' lang='lat' dir='ltr'>contentus</span> <span class='ocrx_word' id='word_1_333' title='bbox 814 3201 857 3265; x_wconf 89' lang='lat' dir='ltr'>da</span> <span class='ocrx_word' id='word_1_334' title='bbox 875 3223 951 3285; x_wconf 88' lang='lat' dir='ltr'>pars</span> <span class='ocrx_word' id='word_1_335' title='bbox 968 3201 1101 3287; x_wconf 87' lang='lat' dir='ltr'>publica</span> <span class='ocrx_word' id='word_1_336' title='bbox 1119 3211 1152 3266; x_wconf 89' lang='lat' dir='ltr'>et</span> <span class='ocrx_word' id='word_1_337' title='bbox 1169 3201 1212 3266; x_wconf 88' lang='lat' dir='ltr'>da</span> <span class='ocrx_word' id='word_1_338' title='bbox 1227 3224 1304 3287; x_wconf 89' lang='lat' dir='ltr'>pars</span> <span class='ocrx_word' id='word_1_339' title='bbox 1320 3203 1451 3268; x_wconf 83' lang='lat' dir='ltr'>marche</span> <span class='ocrx_word' id='word_1_340' title='bbox 1475 3203 1515 3268; x_wconf 89' lang='lat' dir='ltr'>de</span> <span class='ocrx_word' id='word_1_341' title='bbox 1539 3204 1648 3269; x_wconf 87' lang='lat' dir='ltr'>omnia</span> <span class='ocrx_word' id='word_1_342' title='bbox 1670 3201 1759 3290; x_wconf 93' lang='lat' dir='ltr'>quod</span> <span class='ocrx_word' id='word_1_343' title='bbox 1780 3206 1813 3268; x_wconf 91' lang='lat' dir='ltr'>in</span> <span class='ocrx_word' id='word_1_344' title='bbox 1835 3207 1944 3289; x_wconf 89' lang='lat' dir='ltr'>ipsum</span> 
     </span>
     <span class='ocr_line' id='line_1_28' title="bbox 298 3304 1945 3393; baseline 0 -22"><span class='ocrx_word' id='word_1_345' title='bbox 298 3317 487 3393; x_wconf 87' lang='lat' dir='ltr'>preceptum</span> <span class='ocrx_word' id='word_1_346' title='bbox 517 3308 744 3373; x_wconf 88' lang='lat' dir='ltr'>confirmatum</span> <span class='ocrx_word' id='word_1_347' title='bbox 766 3315 799 3371; x_wconf 92' lang='lat' dir='ltr'>et</span> <span class='ocrx_word' id='word_1_348' title='bbox 821 3305 1069 3370; x_wconf 91' lang='lat' dir='ltr'>corroboratum</span> <span class='ocrx_word' id='word_1_349' title='bbox 1098 3304 1229 3388; x_wconf 87' lang='lat' dir='ltr'>legitur,</span> <span class='ocrx_word' id='word_1_350' title='bbox 1260 3307 1384 3390; x_wconf 91' lang='lat' dir='ltr'>etipse</span> <span class='ocrx_word' id='word_1_351' title='bbox 1406 3306 1533 3391; x_wconf 88' lang='lat' dir='ltr'>prefato</span> <span class='ocrx_word' id='word_1_352' title='bbox 1556 3305 1755 3371; x_wconf 82' lang='lat' dir='ltr'>Ermenaldo</span> <span class='ocrx_word' id='word_1_353' title='bbox 1780 3307 1890 3392; x_wconf 92' lang='lat' dir='ltr'>presul</span> <span class='ocrx_word' id='word_1_354' title='bbox 1913 3317 1945 3371; x_wconf 91' lang='lat' dir='ltr'>et</span> 
     </span>
     <span class='ocr_line' id='line_1_29' title="bbox 299 3407 1945 3495; baseline 0.001 -22"><span class='ocrx_word' id='word_1_355' title='bbox 299 3409 473 3494; x_wconf 86' lang='lat' dir='ltr'>Asprando</span> <span class='ocrx_word' id='word_1_356' title='bbox 497 3418 636 3474; x_wconf 89' lang='lat' dir='ltr'>avocato</span> <span class='ocrx_word' id='word_1_357' title='bbox 660 3410 729 3473; x_wconf 91' lang='lat' dir='ltr'>eius</span> <span class='ocrx_word' id='word_1_358' title='bbox 752 3417 906 3473; x_wconf 87' lang='lat' dir='ltr'>maneant</span> <span class='ocrx_word' id='word_1_359' title='bbox 928 3408 1046 3472; x_wconf 85' lang='lat' dir='ltr'>exindo</span> <span class='ocrx_word' id='word_1_360' title='bbox 1070 3407 1185 3471; x_wconf 90' lang='lat' dir='ltr'>solutis</span> <span class='ocrx_word' id='word_1_361' title='bbox 1208 3417 1240 3471; x_wconf 90' lang='lat' dir='ltr'>et</span> <span class='ocrx_word' id='word_1_362' title='bbox 1262 3407 1422 3473; x_wconf 86' lang='lat' dir='ltr'>indemnis</span> <span class='ocrx_word' id='word_1_363' title='bbox 1445 3432 1465 3472; x_wconf 90' lang='lat' dir='ltr'>a</span> <span class='ocrx_word' id='word_1_364' title='bbox 1488 3431 1564 3494; x_wconf 92' lang='lat' dir='ltr'>pars</span> <span class='ocrx_word' id='word_1_365' title='bbox 1587 3407 1758 3494; x_wconf 70' lang='lat' dir='ltr'>predictel</span> <span class='ocrx_word' id='word_1_366' title='bbox 1785 3411 1945 3495; x_wconf 90' lang='lat' dir='ltr'>episcopii</span> 
     </span>
     <span class='ocr_line' id='line_1_30' title="bbox 299 3508 1943 3599; baseline -0.001 -21"><span class='ocrx_word' id='word_1_367' title='bbox 299 3525 411 3578; x_wconf 89' lang='lat' dir='ltr'>sancte</span> <span class='ocrx_word' id='word_1_368' title='bbox 426 3514 596 3599; x_wconf 83' lang='lat' dir='ltr'>Regiensis</span> <span class='ocrx_word' id='word_1_369' title='bbox 612 3513 759 3577; x_wconf 88' lang='lat' dir='ltr'>ecclesie.</span> <span class='ocrx_word' id='word_1_370' title='bbox 792 3511 931 3597; x_wconf 92' lang='lat' dir='ltr'>Insuper</span> <span class='ocrx_word' id='word_1_371' title='bbox 953 3513 1109 3576; x_wconf 90' lang='lat' dir='ltr'>miserunt</span> <span class='ocrx_word' id='word_1_372' title='bbox 1130 3508 1276 3575; x_wconf 85' lang='lat' dir='ltr'>bannum</span> <span class='ocrx_word' id='word_1_373' title='bbox 1292 3508 1402 3575; x_wconf 92' lang='lat' dir='ltr'>domni</span> <span class='ocrx_word' id='word_1_374' title='bbox 1417 3513 1606 3596; x_wconf 90' lang='lat' dir='ltr'>imperatori</span> <span class='ocrx_word' id='word_1_375' title='bbox 1625 3512 1780 3597; x_wconf 88' lang='lat' dir='ltr'>predictis</span> <span class='ocrx_word' id='word_1_376' title='bbox 1797 3511 1943 3577; x_wconf 90' lang='lat' dir='ltr'>Auberto</span> 
     </span>
     <span class='ocr_line' id='line_1_31' title="bbox 299 3613 1995 3702; baseline 0.001 -21"><span class='ocrx_word' id='word_1_377' title='bbox 299 3618 444 3681; x_wconf 90' lang='lat' dir='ltr'>marchio</span> <span class='ocrx_word' id='word_1_378' title='bbox 469 3627 501 3681; x_wconf 96' lang='lat' dir='ltr'>et</span> <span class='ocrx_word' id='word_1_379' title='bbox 523 3639 634 3682; x_wconf 90' lang='lat' dir='ltr'>comes</span> <span class='ocrx_word' id='word_1_380' title='bbox 657 3616 777 3702; x_wconf 87' lang='lat' dir='ltr'>palacii</span> <span class='ocrx_word' id='word_1_381' title='bbox 801 3626 834 3678; x_wconf 90' lang='lat' dir='ltr'>ot</span> <span class='ocrx_word' id='word_1_382' title='bbox 850 3613 975 3680; x_wconf 84' lang='lat' dir='ltr'>Uberto</span> <span class='ocrx_word' id='word_1_383' title='bbox 1000 3616 1174 3700; x_wconf 92' lang='lat' dir='ltr'>episcopus</span> <span class='ocrx_word' id='word_1_384' title='bbox 1199 3624 1231 3678; x_wconf 89' lang='lat' dir='ltr'>et</span> <span class='ocrx_word' id='word_1_385' title='bbox 1252 3617 1370 3679; x_wconf 90' lang='lat' dir='ltr'>missus</span> <span class='ocrx_word' id='word_1_386' title='bbox 1395 3615 1506 3680; x_wconf 87' lang='lat' dir='ltr'>domni</span> <span class='ocrx_word' id='word_1_387' title='bbox 1529 3618 1735 3701; x_wconf 85' lang='lat' dir='ltr'>imperatoris</span> <span class='ocrx_word' id='word_1_388' title='bbox 1759 3639 1856 3702; x_wconf 92' lang='lat' dir='ltr'>super</span> <span class='ocrx_word' id='word_1_389' title='bbox 1877 3619 1942 3682; x_wconf 86' lang='lat' dir='ltr'>iam</span> <span class='ocrx_word' id='word_1_390' title='bbox 1961 3643 1995 3691; x_wconf 81' lang='lat'>30</span> 
     </span>
     <span class='ocr_line' id='line_1_32' title="bbox 300 3719 1943 3805; baseline -0.002 -18"><span class='ocrx_word' id='word_1_391' title='bbox 300 3722 395 3787; x_wconf 89' lang='lat' dir='ltr'>dictis</span> <span class='ocrx_word' id='word_1_392' title='bbox 419 3722 568 3787; x_wconf 91' lang='lat' dir='ltr'>omnibus</span> <span class='ocrx_word' id='word_1_393' title='bbox 592 3722 688 3787; x_wconf 90' lang='lat' dir='ltr'>rebus</span> <span class='ocrx_word' id='word_1_394' title='bbox 712 3730 744 3786; x_wconf 87' lang='lat' dir='ltr'>et</span> <span class='ocrx_word' id='word_1_395' title='bbox 766 3720 898 3785; x_wconf 88' lang='lat' dir='ltr'>familiis</span> <span class='ocrx_word' id='word_1_396' title='bbox 921 3731 953 3784; x_wconf 92' lang='lat' dir='ltr'>et</span> <span class='ocrx_word' id='word_1_397' title='bbox 974 3721 1008 3783; x_wconf 93' lang='lat' dir='ltr'>in</span> <span class='ocrx_word' id='word_1_398' title='bbox 1031 3721 1141 3784; x_wconf 93' lang='lat' dir='ltr'>omnia</span> <span class='ocrx_word' id='word_1_399' title='bbox 1164 3719 1253 3805; x_wconf 89' lang='lat' dir='ltr'>quod</span> <span class='ocrx_word' id='word_1_400' title='bbox 1268 3721 1301 3783; x_wconf 92' lang='lat' dir='ltr'>in</span> <span class='ocrx_word' id='word_1_401' title='bbox 1317 3721 1424 3803; x_wconf 92' lang='lat' dir='ltr'>ipsum</span> <span class='ocrx_word' id='word_1_402' title='bbox 1447 3729 1637 3805; x_wconf 90' lang='lat' dir='ltr'>preceptum</span> <span class='ocrx_word' id='word_1_403' title='bbox 1659 3719 1777 3804; x_wconf 89' lang='lat' dir='ltr'>legitur</span> <span class='ocrx_word' id='word_1_404' title='bbox 1799 3722 1831 3786; x_wconf 91' lang='lat' dir='ltr'>in</span> <span class='ocrx_word' id='word_1_405' title='bbox 1854 3743 1943 3785; x_wconf 92' lang='lat' dir='ltr'>man-</span> 
     </span>
     <span class='ocr_line' id='line_1_33' title="bbox 299 3821 1944 3910; baseline -0.001 -21"><span class='ocrx_word' id='word_1_406' title='bbox 299 3846 396 3889; x_wconf 91' lang='lat' dir='ltr'>cosos</span> <span class='ocrx_word' id='word_1_407' title='bbox 420 3825 484 3890; x_wconf 91' lang='lat' dir='ltr'>duo</span> <span class='ocrx_word' id='word_1_408' title='bbox 508 3825 613 3907; x_wconf 85' lang='lat' dir='ltr'>milia,</span> <span class='ocrx_word' id='word_1_409' title='bbox 637 3834 673 3890; x_wconf 91' lang='lat' dir='ltr'>ut</span> <span class='ocrx_word' id='word_1_410' title='bbox 694 3823 802 3889; x_wconf 90' lang='lat' dir='ltr'>nullus</span> <span class='ocrx_word' id='word_1_411' title='bbox 826 3823 980 3910; x_wconf 87' lang='lat' dir='ltr'>quislibet</span> <span class='ocrx_word' id='word_1_412' title='bbox 1002 3821 1100 3887; x_wconf 93' lang='lat' dir='ltr'>homo</span> <span class='ocrx_word' id='word_1_413' title='bbox 1124 3844 1244 3906; x_wconf 89' lang='lat' dir='ltr'>magna</span> <span class='ocrx_word' id='word_1_414' title='bbox 1266 3844 1433 3908; x_wconf 90' lang='lat' dir='ltr'>parvaque</span> <span class='ocrx_word' id='word_1_415' title='bbox 1456 3845 1596 3907; x_wconf 90' lang='lat' dir='ltr'>persona</span> <span class='ocrx_word' id='word_1_416' title='bbox 1613 3822 1653 3886; x_wconf 91' lang='lat' dir='ltr'>de</span> <span class='ocrx_word' id='word_1_417' title='bbox 1669 3826 1778 3888; x_wconf 90' lang='lat' dir='ltr'>omnia</span> <span class='ocrx_word' id='word_1_418' title='bbox 1802 3825 1890 3910; x_wconf 90' lang='lat' dir='ltr'>quod</span> <span class='ocrx_word' id='word_1_419' title='bbox 1911 3826 1944 3888; x_wconf 94' lang='lat' dir='ltr'>in</span> 
     </span>
     <span class='ocr_line' id='line_1_34' title="bbox 299 3925 1945 4013; baseline 0.001 -23"><span class='ocrx_word' id='word_1_420' title='bbox 299 3929 406 4012; x_wconf 90' lang='lat' dir='ltr'>ipsum</span> <span class='ocrx_word' id='word_1_421' title='bbox 440 3937 628 4013; x_wconf 88' lang='lat' dir='ltr'>preceptum</span> <span class='ocrx_word' id='word_1_422' title='bbox 662 3928 890 3993; x_wconf 90' lang='lat' dir='ltr'>confirmatum</span> <span class='ocrx_word' id='word_1_423' title='bbox 924 3936 956 3991; x_wconf 91' lang='lat' dir='ltr'>et</span> <span class='ocrx_word' id='word_1_424' title='bbox 985 3925 1232 3991; x_wconf 90' lang='lat' dir='ltr'>corroboratum</span> <span class='ocrx_word' id='word_1_425' title='bbox 1266 3925 1385 4011; x_wconf 90' lang='lat' dir='ltr'>legitur</span> <span class='ocrx_word' id='word_1_426' title='bbox 1417 3928 1483 3990; x_wconf 89' lang='lat' dir='ltr'>iam</span> <span class='ocrx_word' id='word_1_427' title='bbox 1518 3925 1605 3990; x_wconf 92' lang='lat' dir='ltr'>dicto</span> <span class='ocrx_word' id='word_1_428' title='bbox 1639 3927 1797 4011; x_wconf 91' lang='lat' dir='ltr'>episcopii</span> <span class='ocrx_word' id='word_1_429' title='bbox 1833 3937 1945 3992; x_wconf 86' lang='lat' dir='ltr'>sancte</span> 
     </span>
     <span class='ocr_line' id='line_1_35' title="bbox 298 4026 1944 4116; baseline 0.002 -23"><span class='ocrx_word' id='word_1_430' title='bbox 298 4030 467 4114; x_wconf 89' lang='lat' dir='ltr'>Regiensis</span> <span class='ocrx_word' id='word_1_431' title='bbox 498 4031 635 4095; x_wconf 87' lang='lat' dir='ltr'>ecclesie</span> <span class='ocrx_word' id='word_1_432' title='bbox 665 4030 824 4096; x_wconf 87' lang='lat' dir='ltr'>devestire</span> <span class='ocrx_word' id='word_1_433' title='bbox 854 4039 911 4095; x_wconf 90' lang='lat' dir='ltr'>aut</span> <span class='ocrx_word' id='word_1_434' title='bbox 939 4031 1119 4116; x_wconf 88' lang='lat' dir='ltr'>inquietare</span> <span class='ocrx_word' id='word_1_435' title='bbox 1150 4026 1330 4113; x_wconf 80' lang='lat' dir='ltr'>presumoh</span> <span class='ocrx_word' id='word_1_436' title='bbox 1362 4030 1430 4094; x_wconf 91' lang='lat' dir='ltr'>sine</span> <span class='ocrx_word' id='word_1_437' title='bbox 1461 4027 1557 4113; x_wconf 83' lang='lat' dir='ltr'>legali</span> <span class='ocrx_word' id='word_1_438' title='bbox 1586 4029 1721 4113; x_wconf 86' lang='lat' dir='ltr'>iudicio,</span> <span class='ocrx_word' id='word_1_439' title='bbox 1757 4031 1836 4116; x_wconf 84' lang='lat' dir='ltr'>qui⁰</span> <span class='ocrx_word' id='word_1_440' title='bbox 1868 4054 1944 4096; x_wconf 93' lang='lat' dir='ltr'>vero</span> 
     </span>
     <span class='ocr_line' id='line_1_36' title="bbox 299 4132 1994 4220; baseline 0.003 -24"><span class='ocrx_word' id='word_1_441' title='bbox 299 4133 421 4217; x_wconf 88' lang='lat' dir='ltr'>fecerit,</span> <span class='ocrx_word' id='word_1_442' title='bbox 444 4134 609 4220; x_wconf 89' lang='lat' dir='ltr'>predictos</span> <span class='ocrx_word' id='word_1_443' title='bbox 633 4134 697 4200; x_wconf 90' lang='lat' dir='ltr'>duo</span> <span class='ocrx_word' id='word_1_444' title='bbox 720 4134 810 4199; x_wconf 90' lang='lat' dir='ltr'>milia</span> <span class='ocrx_word' id='word_1_445' title='bbox 829 4154 1003 4199; x_wconf 90' lang='lat' dir='ltr'>mancosos</span> <span class='ocrx_word' id='word_1_446' title='bbox 1020 4133 1090 4196; x_wconf 85' lang='lat' dir='ltr'>auri</span> <span class='ocrx_word' id='word_1_447' title='bbox 1108 4133 1353 4216; x_wconf 86' lang='lat' dir='ltr'>conpositurum</span> <span class='ocrx_word' id='word_1_448' title='bbox 1375 4155 1410 4197; x_wconf 92' lang='lat' dir='ltr'>se</span> <span class='ocrx_word' id='word_1_449' title='bbox 1428 4142 1596 4217; x_wconf 81' lang='lat' dir='ltr'>agnoscat,</span> <span class='ocrx_word' id='word_1_450' title='bbox 1620 4132 1828 4198; x_wconf 88' lang='lat' dir='ltr'>medietatem</span> <span class='ocrx_word' id='word_1_451' title='bbox 1851 4145 1944 4219; x_wconf 91' lang='lat' dir='ltr'>parte</span> <span class='ocrx_word' id='word_1_452' title='bbox 1962 4157 1994 4203; x_wconf 80' lang='lat'>35</span> 
     </span>
     <span class='ocr_line' id='line_1_37' title="bbox 300 4235 1945 4322; baseline 0.001 -24"><span class='ocrx_word' id='word_1_453' title='bbox 300 4257 427 4300; x_wconf 90' lang='lat' dir='ltr'>camere</span> <span class='ocrx_word' id='word_1_454' title='bbox 457 4236 567 4301; x_wconf 92' lang='lat' dir='ltr'>domni</span> <span class='ocrx_word' id='word_1_455' title='bbox 596 4239 802 4322; x_wconf 90' lang='lat' dir='ltr'>imperatoris</span> <span class='ocrx_word' id='word_1_456' title='bbox 824 4246 856 4302; x_wconf 94' lang='lat' dir='ltr'>et</span> <span class='ocrx_word' id='word_1_457' title='bbox 878 4235 1085 4301; x_wconf 91' lang='lat' dir='ltr'>medietatem</span> <span class='ocrx_word' id='word_1_458' title='bbox 1113 4237 1217 4320; x_wconf 92' lang='lat' dir='ltr'>ipsius</span> <span class='ocrx_word' id='word_1_459' title='bbox 1241 4235 1439 4301; x_wconf 82' lang='lat' dir='ltr'>Ermenaldo</span> <span class='ocrx_word' id='word_1_460' title='bbox 1465 4238 1639 4321; x_wconf 91' lang='lat' dir='ltr'>episcopus</span> <span class='ocrx_word' id='word_1_461' title='bbox 1668 4238 1802 4322; x_wconf 91' lang='lat' dir='ltr'>eiusque</span> <span class='ocrx_word' id='word_1_462' title='bbox 1837 4260 1945 4303; x_wconf 87' lang='lat' dir='ltr'>sucee-</span> 
     </span>
     <span class='ocr_line' id='line_1_38' title="bbox 300 4338 1944 4426; baseline 0.002 -24"><span class='ocrx_word' id='word_1_463' title='bbox 300 4338 427 4403; x_wconf 91' lang='lat' dir='ltr'>soribus</span> <span class='ocrx_word' id='word_1_464' title='bbox 456 4362 476 4402; x_wconf 91' lang='lat' dir='ltr'>a</span> <span class='ocrx_word' id='word_1_465' title='bbox 504 4361 581 4424; x_wconf 91' lang='lat' dir='ltr'>pars</span> <span class='ocrx_word' id='word_1_466' title='bbox 611 4339 748 4426; x_wconf 89' lang='lat' dir='ltr'>predicti</span> <span class='ocrx_word' id='word_1_467' title='bbox 778 4340 936 4424; x_wconf 90' lang='lat' dir='ltr'>episcopii</span> <span class='ocrx_word' id='word_1_468' title='bbox 966 4348 1078 4403; x_wconf 89' lang='lat' dir='ltr'>sancte</span> <span class='ocrx_word' id='word_1_469' title='bbox 1100 4339 1271 4424; x_wconf 91' lang='lat' dir='ltr'>Regiensis</span> <span class='ocrx_word' id='word_1_470' title='bbox 1301 4339 1448 4405; x_wconf 89' lang='lat' dir='ltr'>ecclesie.</span> <span class='ocrx_word' id='word_1_471' title='bbox 1493 4339 1537 4403; x_wconf 88' lang='lat' dir='ltr'>Et</span> <span class='ocrx_word' id='word_1_472' title='bbox 1566 4360 1625 4424; x_wconf 93' lang='lat' dir='ltr'>pro</span> <span class='ocrx_word' id='word_1_473' title='bbox 1654 4339 1738 4403; x_wconf 87' lang='lat' dir='ltr'>hanc</span> <span class='ocrx_word' id='word_1_474' title='bbox 1761 4363 1781 4404; x_wconf 90' lang='lat' dir='ltr'>a</span> <span class='ocrx_word' id='word_1_475' title='bbox 1804 4342 1944 4405; x_wconf 87' lang='lat' dir='ltr'>futuram</span> 
     </span>
     <span class='ocr_line' id='line_1_39' title="bbox 298 4441 1945 4529; baseline 0.002 -24"><span class='ocrx_word' id='word_1_476' title='bbox 298 4441 473 4506; x_wconf 87' lang='lat' dir='ltr'>tenendam</span> <span class='ocrx_word' id='word_1_477' title='bbox 496 4445 684 4507; x_wconf 90' lang='lat' dir='ltr'>memoriam</span> <span class='ocrx_word' id='word_1_478' title='bbox 708 4465 763 4507; x_wconf 92' lang='lat' dir='ltr'>seo</span> <span class='ocrx_word' id='word_1_479' title='bbox 786 4464 846 4527; x_wconf 94' lang='lat' dir='ltr'>pro</span> <span class='ocrx_word' id='word_1_480' title='bbox 871 4445 1044 4507; x_wconf 88' lang='lat' dir='ltr'>securitate</span> <span class='ocrx_word' id='word_1_481' title='bbox 1067 4441 1172 4507; x_wconf 91' lang='lat' dir='ltr'>eidem</span> <span class='ocrx_word' id='word_1_482' title='bbox 1187 4442 1374 4507; x_wconf 86' lang='lat' dir='ltr'>Ermenaldi</span> <span class='ocrx_word' id='word_1_483' title='bbox 1399 4445 1572 4528; x_wconf 89' lang='lat' dir='ltr'>episcopus</span> <span class='ocrx_word' id='word_1_484' title='bbox 1595 4444 1728 4529; x_wconf 90' lang='lat' dir='ltr'>eiusque</span> <span class='ocrx_word' id='word_1_485' title='bbox 1751 4445 1945 4508; x_wconf 89' lang='lat' dir='ltr'>successori-</span> 
     </span>
     <span class='ocr_line' id='line_1_40' title="bbox 298 4542 1945 4631; baseline -0.001 -22"><span class='ocrx_word' id='word_1_486' title='bbox 298 4543 360 4609; x_wconf 92' lang='lat' dir='ltr'>bus</span> <span class='ocrx_word' id='word_1_487' title='bbox 383 4567 404 4609; x_wconf 89' lang='lat' dir='ltr'>a</span> <span class='ocrx_word' id='word_1_488' title='bbox 426 4567 502 4631; x_wconf 89' lang='lat' dir='ltr'>pars</span> <span class='ocrx_word' id='word_1_489' title='bbox 531 4546 633 4630; x_wconf 90' lang='lat' dir='ltr'>ipsius</span> <span class='ocrx_word' id='word_1_490' title='bbox 662 4547 820 4631; x_wconf 88' lang='lat' dir='ltr'>episcopii</span> <span class='ocrx_word' id='word_1_491' title='bbox 849 4568 910 4630; x_wconf 92' lang='lat' dir='ltr'>ego</span> <span class='ocrx_word' id='word_1_492' title='bbox 939 4546 1044 4610; x_wconf 85' lang='lat' dir='ltr'>Liuzo</span> <span class='ocrx_word' id='word_1_493' title='bbox 1078 4543 1235 4627; x_wconf 88' lang='lat' dir='ltr'>[notarius</span> <span class='ocrx_word' id='word_1_494' title='bbox 1266 4544 1309 4627; x_wconf 91' lang='lat' dir='ltr'>et]</span> <span class='ocrx_word' id='word_1_495' title='bbox 1341 4542 1441 4608; x_wconf 85' lang='lat' dir='ltr'>iudex</span> <span class='ocrx_word' id='word_1_496' title='bbox 1471 4546 1554 4607; x_wconf 88' lang='lat' dir='ltr'>sacri</span> <span class='ocrx_word' id='word_1_497' title='bbox 1583 4543 1701 4628; x_wconf 85' lang='lat' dir='ltr'>palacii</span> <span class='ocrx_word' id='word_1_498' title='bbox 1732 4568 1775 4608; x_wconf 90' lang='lat' dir='ltr'>ex</span> <span class='ocrx_word' id='word_1_499' title='bbox 1803 4547 1945 4610; x_wconf 88' lang='lat' dir='ltr'>iussione</span> 
     </span>
     <span class='ocr_line' id='line_1_41' title="bbox 300 4645 1996 4733; baseline 0.002 -21"><span class='ocrx_word' id='word_1_500' title='bbox 300 4646 410 4712; x_wconf 93' lang='lat' dir='ltr'>domni</span> <span class='ocrx_word' id='word_1_501' title='bbox 434 4645 663 4733; x_wconf 83' lang='lat' dir='ltr'>imperatoriss</span> <span class='ocrx_word' id='word_1_502' title='bbox 683 4657 715 4712; x_wconf 90' lang='lat' dir='ltr'>et</span> <span class='ocrx_word' id='word_1_503' title='bbox 734 4647 869 4712; x_wconf 84' lang='lat' dir='ltr'>Auberti</span> <span class='ocrx_word' id='word_1_504' title='bbox 893 4647 1037 4712; x_wconf 88' lang='lat' dir='ltr'>marchio</span> <span class='ocrx_word' id='word_1_505' title='bbox 1061 4656 1093 4712; x_wconf 89' lang='lat' dir='ltr'>et</span> <span class='ocrx_word' id='word_1_506' title='bbox 1116 4669 1225 4712; x_wconf 91' lang='lat' dir='ltr'>comes</span> <span class='ocrx_word' id='word_1_507' title='bbox 1248 4647 1369 4732; x_wconf 89' lang='lat' dir='ltr'>palacii</span> <span class='ocrx_word' id='word_1_508' title='bbox 1391 4656 1424 4712; x_wconf 90' lang='lat' dir='ltr'>et</span> <span class='ocrx_word' id='word_1_509' title='bbox 1438 4647 1553 4712; x_wconf 89' lang='lat' dir='ltr'>Uberti</span> <span class='ocrx_word' id='word_1_510' title='bbox 1577 4649 1752 4732; x_wconf 89' lang='lat' dir='ltr'>episcopus</span> <span class='ocrx_word' id='word_1_511' title='bbox 1774 4657 1806 4711; x_wconf 91' lang='lat' dir='ltr'>et</span> <span class='ocrx_word' id='word_1_512' title='bbox 1826 4649 1944 4712; x_wconf 86' lang='lat' dir='ltr'>missus</span> <span class='ocrx_word' id='word_1_513' title='bbox 1963 4669 1996 4716; x_wconf 77' lang='lat'>40</span> 
     </span>
     <span class='ocr_line' id='line_1_42' title="bbox 300 4748 1943 4836; baseline 0 -21"><span class='ocrx_word' id='word_1_514' title='bbox 300 4774 356 4815; x_wconf 90' lang='lat' dir='ltr'>seu</span> <span class='ocrx_word' id='word_1_515' title='bbox 378 4750 522 4815; x_wconf 90' lang='lat' dir='ltr'>iudicum</span> <span class='ocrx_word' id='word_1_516' title='bbox 546 4752 751 4816; x_wconf 90' lang='lat' dir='ltr'>amunicione</span> <span class='ocrx_word' id='word_1_517' title='bbox 774 4753 890 4836; x_wconf 90' lang='lat' dir='ltr'>scripsi</span> <span class='ocrx_word' id='word_1_518' title='bbox 914 4761 946 4815; x_wconf 94' lang='lat' dir='ltr'>et</span> <span class='ocrx_word' id='word_1_519' title='bbox 967 4750 1120 4833; x_wconf 80' lang='lat' dir='ltr'>interluit,</span> <span class='ocrx_word' id='word_1_520' title='bbox 1145 4772 1231 4814; x_wconf 90' lang='lat' dir='ltr'>anno</span> <span class='ocrx_word' id='word_1_521' title='bbox 1254 4751 1381 4836; x_wconf 90' lang='lat' dir='ltr'>imperii</span> <span class='ocrx_word' id='word_1_522' title='bbox 1406 4749 1515 4815; x_wconf 94' lang='lat' dir='ltr'>domni</span> <span class='ocrx_word' id='word_1_523' title='bbox 1540 4748 1652 4814; x_wconf 91' lang='lat' dir='ltr'>Ottoni</span> <span class='ocrx_word' id='word_1_524' title='bbox 1676 4759 1707 4814; x_wconf 91' lang='lat' dir='ltr'>et</span> <span class='ocrx_word' id='word_1_525' title='bbox 1729 4752 1806 4814; x_wconf 91' lang='lat' dir='ltr'>item</span> <span class='ocrx_word' id='word_1_526' title='bbox 1829 4750 1943 4816; x_wconf 93' lang='lat' dir='ltr'>Ottoni</span> 
     </span>
     <span class='ocr_line' id='line_1_43' title="bbox 299 4852 1942 4939; baseline 0.001 -23"><span class='ocrx_word' id='word_1_527' title='bbox 299 4853 357 4918; x_wconf 90' lang='lat' dir='ltr'>filii</span> <span class='ocrx_word' id='word_1_528' title='bbox 373 4855 442 4918; x_wconf 90' lang='lat' dir='ltr'>eius</span> <span class='ocrx_word' id='word_1_529' title='bbox 457 4855 568 4938; x_wconf 89' lang='lat' dir='ltr'>gracia</span> <span class='ocrx_word' id='word_1_530' title='bbox 585 4853 636 4918; x_wconf 87' lang='lat' dir='ltr'>dei</span> <span class='ocrx_word' id='word_1_531' title='bbox 652 4875 727 4937; x_wconf 90' lang='lat' dir='ltr'>rege</span> <span class='ocrx_word' id='word_1_532' title='bbox 742 4853 795 4917; x_wconf 88' lang='lat' dir='ltr'>hic</span> <span class='ocrx_word' id='word_1_533' title='bbox 812 4855 845 4916; x_wconf 90' lang='lat' dir='ltr'>in</span> <span class='ocrx_word' id='word_1_534' title='bbox 860 4852 957 4918; x_wconf 87' lang='lat' dir='ltr'>Italia</span> <span class='ocrx_word' id='word_1_535' title='bbox 972 4855 1083 4937; x_wconf 86' lang='lat' dir='ltr'>tercio,</span> <span class='ocrx_word' id='word_1_536' title='bbox 1107 4852 1158 4917; x_wconf 92' lang='lat' dir='ltr'>die</span> <span class='ocrx_word' id='word_1_537' title='bbox 1174 4875 1261 4917; x_wconf 93' lang='lat' dir='ltr'>nono</span> <span class='ocrx_word' id='word_1_538' title='bbox 1285 4874 1395 4917; x_wconf 91' lang='lat' dir='ltr'>mense</span> <span class='ocrx_word' id='word_1_539' title='bbox 1418 4862 1568 4937; x_wconf 86' lang='lat' dir='ltr'>augusto,</span> <span class='ocrx_word' id='word_1_540' title='bbox 1592 4853 1771 4918; x_wconf 86' lang='lat' dir='ltr'>indictione</span> <span class='ocrx_word' id='word_1_541' title='bbox 1795 4854 1942 4939; x_wconf 89' lang='lat' dir='ltr'>septima.</span> 
     </span>
    </p>
   </div>
   <div class='ocr_carea' id='block_1_3' title="bbox 298 5006 1994 5402">
    <p class='ocr_par' dir='ltr' id='par_1_3' title="bbox 298 5006 1994 5402">
     <span class='ocr_line' id='line_1_44' title="bbox 404 5006 1944 5093; baseline -0.001 -20"><span class='ocrx_word' id='word_1_542' title='bbox 404 5007 449 5089; x_wconf 71' lang='lat' dir='ltr'>(l)</span> <span class='ocrx_word' id='word_1_543' title='bbox 466 5007 602 5073; x_wconf 91' lang='lat' dir='ltr'>Otberto</span> <span class='ocrx_word' id='word_1_544' title='bbox 626 5030 737 5073; x_wconf 88' lang='lat' dir='ltr'>comes</span> <span class='ocrx_word' id='word_1_545' title='bbox 760 5008 880 5093; x_wconf 89' lang='lat' dir='ltr'>palacii</span> <span class='ocrx_word' id='word_1_546' title='bbox 904 5007 1092 5092; x_wconf 90' lang='lat' dir='ltr'>subscripsi.</span> <span class='ocrx_word' id='word_1_547' title='bbox 1180 5007 1225 5088; x_wconf 71' lang='lat' dir='ltr'>(l)</span> <span class='ocrx_word' id='word_1_548' title='bbox 1239 5006 1406 5073; x_wconf 89' lang='lat' dir='ltr'>Hvbertus</span> <span class='ocrx_word' id='word_1_549' title='bbox 1428 5010 1541 5091; x_wconf 87' lang='lat' dir='ltr'>gracia</span> <span class='ocrx_word' id='word_1_550' title='bbox 1560 5006 1611 5072; x_wconf 93' lang='lat' dir='ltr'>dei</span> <span class='ocrx_word' id='word_1_551' title='bbox 1631 5006 1827 5093; x_wconf 76' lang='lat' dir='ltr'>episcopusf</span> <span class='ocrx_word' id='word_1_552' title='bbox 1848 5011 1944 5073; x_wconf 88' lang='lat' dir='ltr'>inter·</span> 
     </span>
     <span class='ocr_line' id='line_1_45' title="bbox 298 5109 1942 5196; baseline -0.001 -20"><span class='ocrx_word' id='word_1_553' title='bbox 298 5111 355 5176; x_wconf 87' lang='lat' dir='ltr'>fui.</span> <span class='ocrx_word' id='word_1_554' title='bbox 444 5110 488 5191; x_wconf 88' lang='lat'>(†)</span> <span class='ocrx_word' id='word_1_555' title='bbox 512 5111 585 5194; x_wconf 87' lang='lat' dir='ltr'>Ego</span> <span class='ocrx_word' id='word_1_556' title='bbox 609 5110 776 5175; x_wconf 87' lang='lat' dir='ltr'>Gerardus</span> <span class='ocrx_word' id='word_1_557' title='bbox 805 5133 915 5177; x_wconf 91' lang='lat' dir='ltr'>comes</span> <span class='ocrx_word' id='word_1_558' title='bbox 937 5110 982 5175; x_wconf 94' lang='lat' dir='ltr'>ibi</span> <span class='ocrx_word' id='word_1_559' title='bbox 1004 5111 1061 5175; x_wconf 89' lang='lat' dir='ltr'>fui.</span> <span class='ocrx_word' id='word_1_560' title='bbox 1148 5110 1193 5192; x_wconf 71' lang='lat' dir='ltr'>(l)</span> <span class='ocrx_word' id='word_1_561' title='bbox 1215 5109 1412 5175; x_wconf 89' lang='lat' dir='ltr'>Adelbertvs</span> <span class='ocrx_word' id='word_1_562' title='bbox 1439 5133 1548 5176; x_wconf 92' lang='lat' dir='ltr'>comes</span> <span class='ocrx_word' id='word_1_563' title='bbox 1572 5111 1712 5175; x_wconf 89' lang='lat' dir='ltr'>interfui.</span> <span class='ocrx_word' id='word_1_564' title='bbox 1801 5111 1846 5193; x_wconf 84' lang='lat'>(†)</span> <span class='ocrx_word' id='word_1_565' title='bbox 1869 5111 1942 5196; x_wconf 82' lang='lat' dir='ltr'>Ego</span> 
     </span>
     <span class='ocr_line' id='line_1_46' title="bbox 300 5213 1994 5300; baseline 0.002 -22"><span class='ocrx_word' id='word_1_566' title='bbox 300 5215 471 5279; x_wconf 84' lang='lat' dir='ltr'>Rainerius</span> <span class='ocrx_word' id='word_1_567' title='bbox 500 5237 610 5280; x_wconf 90' lang='lat' dir='ltr'>comes</span> <span class='ocrx_word' id='word_1_568' title='bbox 632 5213 677 5279; x_wconf 92' lang='lat' dir='ltr'>ibi</span> <span class='ocrx_word' id='word_1_569' title='bbox 701 5215 757 5279; x_wconf 88' lang='lat' dir='ltr'>fui.</span> <span class='ocrx_word' id='word_1_570' title='bbox 846 5215 890 5295; x_wconf 76' lang='lat' dir='ltr'>(l)</span> <span class='ocrx_word' id='word_1_571' title='bbox 915 5214 988 5298; x_wconf 78' lang='lat' dir='ltr'>Ego</span> <span class='ocrx_word' id='word_1_572' title='bbox 1012 5214 1121 5279; x_wconf 90' lang='lat' dir='ltr'>Uuido</span> <span class='ocrx_word' id='word_1_573' title='bbox 1147 5214 1277 5280; x_wconf 89' lang='lat' dir='ltr'>humilis</span> <span class='ocrx_word' id='word_1_574' title='bbox 1301 5216 1474 5300; x_wconf 90' lang='lat' dir='ltr'>episcopus</span> <span class='ocrx_word' id='word_1_575' title='bbox 1496 5213 1637 5277; x_wconf 80' lang='lat' dir='ltr'>interlui.</span> <span class='ocrx_word' id='word_1_576' title='bbox 1723 5213 1767 5294; x_wconf 89' lang='lat'>(†)</span> <span class='ocrx_word' id='word_1_577' title='bbox 1789 5214 1861 5297; x_wconf 87' lang='lat' dir='ltr'>Ego</span> <span class='ocrx_word' id='word_1_578' title='bbox 1884 5215 1943 5279; x_wconf 87' lang='lat' dir='ltr'>Re·</span> <span class='ocrx_word' id='word_1_579' title='bbox 1960 5232 1994 5281; x_wconf 81' lang='lat'>45</span> 
     </span>
     <span class='ocr_line' id='line_1_47' title="bbox 300 5315 1942 5402; baseline 0.001 -21"><span class='ocrx_word' id='word_1_580' title='bbox 300 5316 426 5400; x_wconf 90' lang='lat' dir='ltr'>prando</span> <span class='ocrx_word' id='word_1_581' title='bbox 449 5339 560 5382; x_wconf 87' lang='lat' dir='ltr'>comes</span> <span class='ocrx_word' id='word_1_582' title='bbox 574 5316 620 5382; x_wconf 94' lang='lat' dir='ltr'>ibi</span> <span class='ocrx_word' id='word_1_583' title='bbox 635 5318 693 5382; x_wconf 85' lang='lat' dir='ltr'>lui.</span> <span class='ocrx_word' id='word_1_584' title='bbox 782 5316 827 5398; x_wconf 90' lang='lat'>(†)</span> <span class='ocrx_word' id='word_1_585' title='bbox 845 5315 1034 5382; x_wconf 83' lang='lat' dir='ltr'>Grimaldus</span> <span class='ocrx_word' id='word_1_586' title='bbox 1057 5320 1168 5401; x_wconf 88' lang='lat' dir='ltr'>gracia</span> <span class='ocrx_word' id='word_1_587' title='bbox 1192 5317 1243 5382; x_wconf 87' lang='lat' dir='ltr'>dei</span> <span class='ocrx_word' id='word_1_588' title='bbox 1267 5319 1441 5402; x_wconf 77' lang='lat' dir='ltr'>episcopus</span> <span class='ocrx_word' id='word_1_589' title='bbox 1464 5316 1604 5380; x_wconf 87' lang='lat' dir='ltr'>interfui.</span> <span class='ocrx_word' id='word_1_590' title='bbox 1693 5316 1738 5396; x_wconf 86' lang='lat'>(†)</span> <span class='ocrx_word' id='word_1_591' title='bbox 1756 5315 1942 5400; x_wconf 83' lang='lat' dir='ltr'>Sigelredus</span> 
     </span>
    </p>
   </div>
   <div class='ocr_carea' id='block_1_4' title="bbox 386 5466 1995 5761">
    <p class='ocr_par' dir='ltr' id='par_1_4' title="bbox 386 5466 1995 5761">
     <span class='ocr_line' id='line_1_48' title="bbox 386 5466 1944 5554; baseline 0.001 -33"><span class='ocrx_word' id='word_1_592' title='bbox 386 5467 446 5522; x_wconf 73' lang='lat'>200.</span> <span class='ocrx_word' id='word_1_593' title='bbox 472 5471 500 5537; x_wconf 78' lang='lat' dir='ltr'>f)</span> <span class='ocrx_word' id='word_1_594' title='bbox 518 5471 576 5537; x_wconf 88' lang='lat' dir='ltr'>dni,</span> <span class='ocrx_word' id='word_1_595' title='bbox 594 5474 697 5538; x_wconf 75' lang='lat' dir='ltr'>imptis,</span> <span class='ocrx_word' id='word_1_596' title='bbox 718 5471 745 5522; x_wconf 87' lang='lat' dir='ltr'>di</span> <span class='ocrx_word' id='word_1_597' title='bbox 763 5489 809 5540; x_wconf 89' lang='lat' dir='ltr'>eps</span> <span class='ocrx_word' id='word_1_598' title='bbox 832 5472 898 5524; x_wconf 66' lang='lat' dir='ltr'>oleae</span> <span class='ocrx_word' id='word_1_599' title='bbox 913 5470 1180 5554; x_wconf 68' lang='lat' dir='ltr'>Adlor&#39;lmmpmiqben</span> <span class='ocrx_word' id='word_1_600' title='bbox 1282 5469 1393 5537; x_wconf 68' lang='lat' dir='ltr'>glsvlyt</span> <span class='ocrx_word' id='word_1_601' title='bbox 1411 5466 1471 5520; x_wconf 85' lang='lat' dir='ltr'>Do.</span> <span class='ocrx_word' id='word_1_602' title='bbox 1485 5469 1542 5519; x_wconf 76' lang='lat'>268</span> <span class='ocrx_word' id='word_1_603' title='bbox 1639 5470 1665 5530; x_wconf 85' lang='lat' dir='ltr'>lr)</span> <span class='ocrx_word' id='word_1_604' title='bbox 1685 5469 1708 5520; x_wconf 73' lang='lat' dir='ltr'><em>A</em></span> <span class='ocrx_word' id='word_1_605' title='bbox 1805 5474 1825 5532; x_wconf 90' lang='lat' dir='ltr'>i)</span> <span class='ocrx_word' id='word_1_606' title='bbox 1844 5472 1865 5522; x_wconf 78' lang='lat' dir='ltr'><em>A</em></span> <span class='ocrx_word' id='word_1_607' title='bbox 1884 5477 1944 5522; x_wconf 77' lang='lat' dir='ltr'>rtatt</span> 
     </span>
     <span class='ocr_line' id='line_1_49' title="bbox 471 5554 1944 5622; baseline 0.001 -16"><span class='ocrx_word' id='word_1_608' title='bbox 471 5556 552 5607; x_wconf 85' lang='lat' dir='ltr'>silens</span> <span class='ocrx_word' id='word_1_609' title='bbox 654 5557 682 5620; x_wconf 81' lang='lat' dir='ltr'>k)</span> <span class='ocrx_word' id='word_1_610' title='bbox 701 5557 754 5621; x_wconf 80' lang='lat' dir='ltr'>uus</span> <span class='ocrx_word' id='word_1_611' title='bbox 765 5557 854 5609; x_wconf 67' lang='lat' dir='ltr'>Rom</span> <span class='ocrx_word' id='word_1_612' title='bbox 952 5559 972 5621; x_wconf 96' lang='lat' dir='ltr'>l)</span> <span class='ocrx_word' id='word_1_613' title='bbox 991 5559 1133 5610; x_wconf 86' lang='lat' dir='ltr'>roborauul</span> <span class='ocrx_word' id='word_1_614' title='bbox 1151 5557 1182 5621; x_wconf 79' lang='lat' dir='ltr'>A,</span> <span class='ocrx_word' id='word_1_615' title='bbox 1206 5556 1231 5608; x_wconf 76' lang='lat' dir='ltr'>d.</span> <span class='ocrx_word' id='word_1_616' title='bbox 1250 5555 1275 5607; x_wconf 71' lang='lat' dir='ltr'>la</span> <span class='ocrx_word' id='word_1_617' title='bbox 1298 5557 1341 5606; x_wconf 68' lang='lat' dir='ltr'>clu</span> <span class='ocrx_word' id='word_1_618' title='bbox 1359 5554 1451 5618; x_wconf 74' lang='lat' dir='ltr'>Bedafl</span> <span class='ocrx_word' id='word_1_619' title='bbox 1467 5571 1498 5604; x_wconf 71' lang='lat' dir='ltr'>m</span> <span class='ocrx_word' id='word_1_620' title='bbox 1515 5557 1610 5620; x_wconf 51' lang='lat' dir='ltr'>wouh,</span> <span class='ocrx_word' id='word_1_621' title='bbox 1637 5557 1758 5607; x_wconf 83' lang='lat' dir='ltr'>roboravi</span> <span class='ocrx_word' id='word_1_622' title='bbox 1779 5556 1865 5622; x_wconf 69' lang='lat' dir='ltr'>ploiek</span> <span class='ocrx_word' id='word_1_623' title='bbox 1886 5557 1944 5608; x_wconf 75' lang='lat' dir='ltr'>den</span> 
     </span>
     <span class='ocr_line' id='line_1_50' title="bbox 470 5623 1944 5693; baseline -0.001 -16"><span class='ocrx_word' id='word_1_624' title='bbox 470 5623 692 5691; x_wconf 62' lang='lat' dir='ltr'>armenorum</span> <span class='ocrx_word' id='word_1_625' title='bbox 714 5629 808 5693; x_wconf 79' lang='lat' dir='ltr'>rogavi</span> <span class='ocrx_word' id='word_1_626' title='bbox 910 5629 947 5688; x_wconf 87' lang='lat' dir='ltr'>m)</span> <span class='ocrx_word' id='word_1_627' title='bbox 966 5635 1057 5679; x_wconf 87' lang='lat' dir='ltr'>est-</span> <span class='ocrx_word' id='word_1_628' title='bbox 1074 5627 1212 5693; x_wconf 80' lang='lat' dir='ltr'>Asprando</span> <span class='ocrx_word' id='word_1_629' title='bbox 1234 5624 1287 5688; x_wconf 67' lang='lat' dir='ltr'>atq*</span> <span class='ocrx_word' id='word_1_630' title='bbox 1303 5623 1392 5675; x_wconf 65' lang='lat' dir='ltr'>Ram</span> <span class='ocrx_word' id='word_1_631' title='bbox 1494 5623 1563 5683; x_wconf 60' lang='lat' dir='ltr'>ulai</span> <span class='ocrx_word' id='word_1_632' title='bbox 1585 5630 1646 5676; x_wconf 74' lang='lat' dir='ltr'>esau</span> <span class='ocrx_word' id='word_1_633' title='bbox 1670 5628 1744 5676; x_wconf 81' lang='lat' dir='ltr'>iuxta</span> <span class='ocrx_word' id='word_1_634' title='bbox 1851 5626 1879 5690; x_wconf 95' lang='lat' dir='ltr'>o)</span> <span class='ocrx_word' id='word_1_635' title='bbox 1897 5629 1944 5692; x_wconf 90' lang='lat' dir='ltr'>qui</span> 
     </span>
     <span class='ocr_line' id='line_1_51' title="bbox 470 5692 1995 5761; baseline 0.005 -16"><span class='ocrx_word' id='word_1_636' title='bbox 470 5692 657 5761; x_wconf 61' lang='lat' dir='ltr'>ambusta-aym</span> <span class='ocrx_word' id='word_1_637' title='bbox 673 5711 724 5745; x_wconf 81' lang='lat' dir='ltr'>ona</span> <span class='ocrx_word' id='word_1_638' title='bbox 737 5694 851 5761; x_wconf 70' lang='lat' dir='ltr'>yletcber</span> <span class='ocrx_word' id='word_1_639' title='bbox 867 5696 957 5749; x_wconf 77' lang='lat' dir='ltr'>Haud.</span> <span class='ocrx_word' id='word_1_640' title='bbox 1960 5704 1995 5753; x_wconf 81' lang='grc'>50</span> 
     </span>
    </p>
   </div>
   <div class='ocr_carea' id='block_1_5' title="bbox 0 0 2255 6420">
    <p class='ocr_par' dir='ltr' id='par_1_5' title="bbox 0 0 2255 6420">
     <span class='ocr_line' id='line_1_52' title="bbox 0 0 2255 6420; baseline 0 0"><span class='ocrx_word' id='word_1_641' title='bbox 0 0 2255 6420; x_wconf 95' lang='lat' dir='ltr'> </span> 
     </span>
    </p>
   </div>
  </div>
 </body>
</html>
