4298 6414
224 363 263 427 12
818 369 1270 428 KAISERURKUNDEN.

322 555 505 630 Aassprueb
529 555 657 614 derum
680 555 763 617 Rath
786 555 944 628 basraptea
968 555 1104 615 crossen
1126 554 1175 614 als
1196 553 1323 628 Vorlaqc
1346 553 1455 614 dicate.
1479 586 1522 597 -
1542 553 1605 613 Van
1631 549 1761 609 Btltmcr
1783 570 1813 610 a.
1837 568 1865 610 a.

324 660 400 719 olane
426 661 538 722 erana
559 661 777 736 oapeaaoeifelt.
815 659 977 720 Erlctatcrt
998 676 1058 717 roa
1081 659 1228 717 Braaaer
1249 659 1284 716 ia
1304 657 1425 718 Wiener
1449 656 1512 718 SR.
1536 658 1587 727 51,
1611 657 1686 715 467.

326 831 384 911 (C.)
408 828 422 913 3
443 831 481 896 In
504 832 634 897 nominc
658 839 791 895 sanctac
815 837 846 892 et
869 827 1057 892 individuae
1079 828 1244 892 trinitatis.
1272 824 1487 892 Ohuonradus
1514 825 1624 891 divina
1651 825 1784 889 favente
1806 824 1867 889 cle·

220 934 342 998 mentia
363 957 433 999 rex.
518 935 655 1000 Noverit
683 936 826 999 omnium
852 934 997 998 fidelium
1025 942 1210 999 nostrornm
1237 933 1456 1019 praesentium
1486 929 1610 994 scilicet
1633 939 1665 993 et
1687 929 1868 993 futurorum

222 1039 397 1120 sagacitas,
421 1037 560 1122 qualiter
582 1037 777 1103 venerabilis
799 1036 967 1101 Dictolfus
990 1035 1155 1101 Curiensis
1177 1035 1192 1117 3
1213 1034 1392 1100 aecclesiae
1415 1033 1546 1120 praesul
1568 1032 1611 1097 ad
1633 1041 1780 1098 nostram
1807 1031 1901 1095 cle-t

219 1142 374 1204 mentiam
396 1142 495 1222 venit,
518 1140 701 1206 reclamans
725 1163 760 1206 se
783 1139 871 1225 quod
892 1139 1014 1204 multae
1036 1140 1261 1225 neglegentiae
1285 1161 1323 1203 ac
1339 1137 1514 1202 violentiae
1537 1138 1570 1201 in
1595 1159 1653 1200 suo
1677 1136 1869 1221 episcopatu

220 1242 335 1307 fierent
357 1265 440 1328 quae
464 1245 533 1307 sine
555 1243 656 1328 regali
680 1243 842 1308 adiutorio
866 1245 1028 1328 corrigere
1050 1244 1260 1329 nequivisset.
1292 1242 1441 1327 Initoque
1465 1243 1562 1326 igitur
1585 1239 1721 1305 consilio
1744 1248 1869 1334 nostro·

219 1367 291 1410 rum
306 1345 461 1428 fidelium,
486 1345 671 1411 Salomonis
693 1347 817 1411 scilicet
831 1346 1027 1412 venerabilis
1048 1348 1204 1432 episcopi,
1227 1343 1443 1434 Erchangarii
1459 1345 1588 1408 comitis
1603 1342 1728 1433 palatii,
1751 1339 1870 1406 Parab-

221 1448 312 1530 toldi,
336 1446 534 1532 (lhuonradi,
558 1451 704 1514 Heinrici
728 1459 972 1535 ceterorumque
994 1450 1152 1515 nobilium
1167 1447 1337 1533 vilr]orum
1359 1447 1455 1513 nobis
1477 1449 1698 1512 assistentium
1721 1468 1783 1512 nec
1805 1469 1869 1511 non

221 1552 398 1635 primorum
415 1550 629 1635 Curiensium,
654 1555 839 1618 testimonio
856 1563 889 1617 ct
903 1555 1012 1617 veraci
1029 1553 1165 1618 consilio
1190 1561 1326 1617 coruma
1348 1551 1530 1617 invenimus
1554 1549 1679 1616 dubial'
1699 1559 1871 1636 quaequea
1889 1565 1917 1614 10

221 1655 434 1719 sacramentis
457 1657 657 1740 investigare
681 1655 809 1721 debere.
843 1656 948 1741 Igitur
971 1657 997 1719 si
1020 1655 1150 1741 aliquae
1171 1655 1347 1720 violentiae
1369 1655 1402 1719 in
1424 1653 1546 1718 villulis
1570 1664 1704 1719 sanctae
1721 1651 1870 1718 Curiensi

220 1755 402 1821 aecclesiae
426 1758 580 1823 subiectis
603 1760 697 1823 terris
721 1761 823 1844 pratis
847 1759 938 1823 silvis
962 1761 1064 1824 servis
1087 1759 1215 1824 ancillis
1238 1758 1290 1823 vel
1314 1758 1571 1844 quibuscumque
1592 1758 1732 1842 negotiis
1748 1757 1870 1822 inlatae

221 1860 355 1941 fuerint,
390 1871 507 1945 rogatu
539 1863 799 1948 supradictorum
828 1885 999 1953 procerum
1030 1862 1135 1927 eidem
1163 1861 1340 1927 venerabili
1370 1860 1518 1926 Diotolso
1549 1862 1705 1947 episcopo
1740 1863 1871 1947 suisque

221 1964 465 2029 successoribus
488 1974 684 2051 potestatem
707 1988 746 2029 ac
770 1966 934 2030 licentiam
960 1966 1138 2030 secundum
1160 1987 1282 2031 morem
1312 1974 1492 2047 ceterorum
1521 1965 1708 2049 praesulum
1735 1964 1871 2029 latentia

221 2089 369 2152 quaeque
400 2071 612 2133 sacramentis
640 2068 805 2156 popu[li]¹²
836 2071 1033 2154 investigare
1064 2069 1232 2133 donamus.
1270 2067 1431 2133 Volumus
1461 2087 1591 2154 quoque
1620 2077 1717 2154 atque
1748 2068 1871 2153 praeci·
1890 2080 1920 2128 ts

220 2172 344 2255 pimus,
376 2181 411 2234 ut
433 2171 541 2236 nullus
566 2195 732 2237 servorum
756 2172 808 2236 vel
831 2171 1022 2237 ancillarum
1046 2172 1089 2236 ad
1116 2171 1252 2236 eandem
1277 2169 1465 2236 Coriensem
1493 2171 1686 2236 aecclesiam
1709 2172 1871 2256 pertinen-

220 2275 302 2339 tium
331 2297 365 2338 sc
396 2297 454 2359 por
482 2277 663 2340 tricenniac
691 2285 839 2361 tempora
868 2275 1006 2340 liberare
1038 2276 1216 2360 deinceps²
1250 2275 1384 2358 audeat,
1420 2276 1514 2339 sicuti
1542 2274 1700 2340 hactenus
1721 2284 1758 2338 ut
1780 2273 1871 2338 arudi-

220 2375 352 2462 vimlus]
376 2378 464 2443 mala
487 2380 722 2446 consuetudine
744 2391 777 2444 et
800 2379 947 2443 dissimili
964 2379 1102 2443 aliarum
1118 2378 1352 2443 aecclesiarum
1368 2379 1523 2461 fecerant,
1547 2380 1623 2463 quin
1640 2379 1749 2465 potius
1766 2377 1870 2442 sicubi

221 2480 305 2545 tales
328 2482 411 2546 forte
433 2484 669 2567 repperiuntur,
692 2481 819 2565 nostr[a
839 2483 953 2567 re]gali
978 2484 1173 2547 auctoritate
1196 2483 1317 2547 servire
1341 2482 1586 2568 compellantur.
1614 2481 1773 2546 Iussimus
1793 2503 1871 2566 quo-

222 2606 284 2670 que
307 2584 370 2649 hoc
393 2596 604 2670 praeceptum
627 2586 702 2651 indc
725 2584 912 2669 consc[ribi]
937 2608 996 2671 per
1018 2586 1106 2671 quod
1129 2585 1279 2651 volumus
1302 2586 1500 2671 firmiterque
1523 2584 1680 2666 iubemus,
1704 2593 1740 2647 ut
1762 2585 1871 2648 cuncti
1890 2597 1923 2645 20

221 2689 254 2751 in
277 2687 392 2752 eodem
416 2690 583 2775 episcopio
609 2691 825 2754 consistentes
848 2690 995 2776 praefato
1018 2689 1167 2755 Diotolfo
1196 2691 1352 2775 episcopo
1383 2691 1514 2774 suisque
1544 2688 1787 2753 successoribus
1815 2687 1872 2751 ad-

221 2793 371 2856 iuvantes
401 2800 433 2856 et
460 2794 494 2858 in
522 2793 672 2858 omnibus
700 2795 794 2857 iustis
823 2796 963 2879 negotiis
994 2794 1182 2859 obedientes
1217 2795 1361 2857 existant
1390 2804 1422 2857 et
1450 2793 1558 2857 nullus
1589 2795 1617 2856 ei
1648 2791 1873 2857 contradicere

221 2894 352 2959 audeat.
375 2895 420 2959 Et
436 2906 473 2960 ut
493 2896 555 2961 hoc
578 2906 788 2983 praeceptum
812 2897 940 2962 firmum
964 2896 1145 2982 stabileque
1168 2906 1374 2981 permaneat,
1398 2917 1496 2960 manu
1518 2904 1631 2960 nostra
1655 2894 1769 2959 subtus
1792 2894 1873 2959 illud

220 2998 422 3063 firmavimus
445 2993 598 3085 ariulique
620 3002 722 3065 nostri
747 3001 960 3085 impressione
983 3001 1131 3084 insigniri
1154 3001 1390 3085 praecepimus.

324 3128 338 3214 ξ
360 3133 494 3220 Signum
518 3135 628 3200 domni
652 3134 839 3201 Chuonradi
865 3137 954 3218 (ΜΡ.)
980 3138 1176 3203 serenissimi
1201 3133 1335 3223 regia}
1889 3165 1923 3212 aa

323 3239 338 3322 3
360 3237 515 3304 Salomon
538 3240 752 3305 cancellarius
768 3241 917 3306 advicem
938 3241 1094 3326 Piligrimi
1117 3241 1393 3327 archicappellani
1416 3243 1590 3326 recognovi
1607 3251 1640 3304 ct
1659 3239 1674 3320 3
1698 3243 1768 3323 (SR.
1791 3244 1868 3321 NN.)

1745 3347 1803 3425 (SI.
1827 3347 1870 3425 3.)

325 3471 415 3536 Data
431 3490 491 3537 vn.
507 3471 574 3536 kal.
592 3480 654 3537 oct.
675 3496 761 3538 anno
784 3475 1018 3540 incarnationis
1041 3474 1163 3540 domini
1186 3490 1358 3558 cccccxn,
1382 3471 1620 3540 indictionumd
1636 3491 1659 3558 1,
1683 3497 1770 3540 anno
1793 3499 1872 3541 vero

221 3577 312 3660 regni
336 3574 561 3659 gloriosissimi
585 3578 671 3660 regis
695 3575 933 3660 Chuonradi13
963 3588 1071 3643 actum
1094 3580 1263 3644 Potamico
1287 3578 1427 3664 palatio,
1450 3579 1483 3642 in
1507 3577 1558 3642 dei
1581 3580 1711 3643 nonrine
1733 3578 1873 3644 feliciter

223 3701 328 3744 amen.
1455 3688 1459 3702 ¹
1889 3695 1922 3743 30

1015 3838 1076 3914 12.

223 3958 382 4053 Koarad
402 3980 542 4055 soberabt
562 3980 640 4054 dem
664 3980 817 4080 Biscbqf
832 3979 1005 4056 Submota
1026 3984 1148 4057 seiaea
1171 3983 1288 4056 Bata
1309 4009 1354 4056 za
1375 3983 1719 4082 Niedcrbelfeaswil.

1464 4106 1536 4166 Ulm
1558 4109 1622 4168 912
1646 4106 1776 4166 Obtober
1798 4109 1828 4168 3.

330 4256 590 4333 Originaldiplom
611 4261 655 4318 im
678 4259 872 4333 Sliflsarclriv
894 4278 936 4320 aa
957 4263 987 4322 S.
1015 4261 1126 4322 (tollen
1150 4261 1162 4339 (
1192 4260 1213 4340 ).

328 4395 400 4456 Cod.
424 4397 503 4455 trad.
531 4396 560 4458 S.
580 4397 666 4458 Galli
688 4399 752 4459 432
773 4404 808 4456 a⁰
830 4397 894 4458 744
919 4398 973 4478 (α).
997 4434 1039 4444 -
1061 4400 1209 4473 Her-ryott
1227 4398 1352 4460 Geneal.
1377 4401 1406 4471 2,
1431 4403 1473 4459 67
1495 4407 1530 4459 a⁰
1553 4403 1625 4466 115.
1639 4418 1697 4461 aas
1718 4401 1746 4459 Α
1763 4400 1805 4481 (b)
1830 4427 1871 4458 =
1890 4421 1924 4469 35

327 4498 457 4558 Bdltmer
477 4499 517 4560 A.
536 4500 626 4562 Goar.
648 4505 688 4561 16
712 4507 746 4559 a⁰
769 4505 820 4561 11.
845 4536 887 4545 —
909 4502 1052 4577 Neaqart
1068 4503 1131 4564 OD.
1147 4503 1246 4563 Alam.
1270 4505 1299 4572 1,
1324 4502 1387 4563 562
1408 4508 1444 4561 πθ
1466 4505 1540 4574 685,
1564 4506 1654 4563 Eatr.
1678 4523 1737 4564 aas
1758 4507 1806 4566 ab.
1830 4542 1873 4552 -

332 4603 515 4662 Wartmona
537 4605 567 4664 S.
587 4603 670 4664 Gall.
691 4604 752 4666 UB.
775 4607 807 4678 2,
830 4607 895 4666 370
917 4613 950 4666 n⁰
973 4609 1035 4668 769
1058 4623 1117 4667 aas
1140 4604 1182 4668 A.
1206 4640 1248 4649 —
1270 4605 1404 4665 Baltasar
1425 4607 1500 4681 Ray.
1525 4608 1603 4680 Imp.
1627 4612 1677 4676 10,
1700 4610 1776 4683 Rea.
1792 4612 1870 4673 Kar.

328 4708 422 4767 1242.
445 4739 487 4751 —-
509 4708 626 4767 Hidber
648 4709 724 4783 aeq.
747 4712 821 4771 969.

332 4844 397 4903 Voa
419 4845 515 4903 ciuem
538 4843 570 4905 S.
590 4845 696 4906 Galler
716 4849 828 4909 Monet
850 4849 983 4922 versasst
1004 4850 1070 4909 aad
1090 4849 1293 4925 aeschricbea.

330 4997 389 5077 (C.)
412 4991 426 5074 3
447 4997 485 5062 In
508 5000 637 5065 nomine
661 5010 819 5065 sanctae⁸
839 5009 872 5066 et
894 5002 1081 5067 individuae
1104 5003 1268 5067 trinitatis.
1292 4998 1508 5067 Ohuonradus
1531 5002 1663 5067 caelesti
1681 5003 1871 5070 moderante
1889 5020 1923 5071 lo

225 5098 430 5184 providentia
458 5123 527 5165 rex.
607 5102 744 5168 Noverit
771 5104 915 5169 fidelium
943 5116 1125 5170 nostrorum
1155 5127 1387 5192 usquequaque
1416 5105 1602 5191 degentium
1623 5108 1834 5190 universitas,
1857 5105 1872 5187 ᾖ

225 5199 363 5285 qualiter
377 5196 512 5288 nosper
534 5204 745 5270 multimodae
770 5209 934 5272 servitutis
959 5207 1163 5274 sedulitatem
1188 5209 1346 5295 simulque
1368 5231 1507 5294 magnae
1531 5213 1676 5275 caritatis
1700 5235 1779 5276 suae
1802 5235 1871 5277 cor-

225 5302 360 5368 detenus
383 5327 557 5371 accensum
581 5308 730 5374 ardorem
754 5308 920 5376 Salomoni
943 5313 1204 5377 reverentissimo
1228 5334 1288 5377 nec
1317 5336 1382 5378 non
1412 5311 1634 5396 religiositatis
1663 5316 1793 5379 nomine
1817 5315 1870 5380 de·

330 5456 369 5511 ll.
396 5458 502 5529 [Siclrel]
589 5464 616 5527 a)
633 5481 683 5516 coa
701 5463 754 5518 sl.
772 5471 854 5516 suaet
870 5465 1045 5532 amquam,
1063 5465 1137 5517 duaa
1152 5466 1215 5518 tiber
1230 5468 1281 5518 den
1298 5467 1386 5518 mum
1401 5466 1588 5545 aocbqqaqen
1668 5470 1696 5529 b)
1719 5470 1773 5534 aas
1784 5470 1873 5521 Bastar

396 5549 421 5606 c)
440 5565 454 5596 c
471 5565 521 5599 coa
540 5548 591 5604 SA.
608 5551 796 5616 mhqetrayen
812 5551 874 5602 iiber
891 5551 949 5601 dem
965 5552 1182 5618 araprr'lngls'clren
1198 5555 1311 5604 triennia
1398 5554 1426 5613 d)
1444 5553 1527 5603 indict
1544 5553 1575 5604 A.
1889 5575 1923 5623 45

329 5631 367 5685 12.
394 5631 502 5702 [Sickcl]
592 5637 618 5702 a)
638 5656 651 5687 c
670 5639 723 5700 aris
738 5638 834 5692 Rama.
