4500 6420
1007 473 1132 530 orno
1155 475 1179 530 1.
1203 471 1275 530 oso.
1531 426 1534 431 ⁵
1899 468 1966 534 435

423 657 533 715 Trevir.
558 661 587 725 1,
611 659 674 714 304
695 661 730 714 a⁰
752 658 816 716 183
844 673 900 716 aas
928 655 1090 728 Abschrtft.
1120 691 1163 699 —
1194 658 1290 733 Beyer
1311 658 1506 718 Mittelrhein.
1528 658 1592 719 UB.
1616 664 1646 728 1,
1669 662 1736 720 282
1756 666 1790 718 e⁰
1810 662 1874 720 225
1906 677 1964 721 aas

420 759 458 819 A.
482 793 524 803 -
546 761 675 819 Be’hmer
696 761 767 834 Rea.
791 762 863 820 315.
888 795 929 802 —
953 759 1081 834 Stampf
1098 762 1171 835 aee.
1194 765 1267 823 398.
1293 799 1333 805 -
1359 762 1438 822 Gora
1460 762 1653 822 Mittelrher‘e.
1677 763 1747 836 aeq.
1771 767 1864 824 1009.

422 896 557 968 Verfasst
579 897 643 956 aad
662 899 847 971 pesclsriebea
868 915 925 959 coe
947 897 1016 958 LK.

422 1082 481 1162 (O.)
504 1081 518 1164 l
539 1081 578 1145 In
601 1083 731 1146 nomine
755 1091 888 1146 sanetae
911 1091 943 1145 et
966 1080 1154 1147 individuae
1177 1083 1341 1147 trinitatis.
1387 1081 1465 1148 Otto
1496 1083 1606 1147 divina
1634 1084 1765 1150 favente
1792 1086 1963 1152 clementia

283 1186 494 1267 simperator
522 1193 689 1268 augustus.
791 1184 928 1248 Noverit
957 1187 1100 1249 omnium
1128 1183 1273 1249 fidelium
1301 1195 1486 1251 nostrorum
1515 1198 1582 1251 tam
1611 1190 1831 1272 praesentium
1864 1213 1962 1276 quarn

315 1289 497 1353 futurorum
518 1288 687 1369 industria,
709 1285 723 1365 ᾖ
745 1287 883 1373 qualiter
905 1309 966 1352 nes
988 1288 1172 1354 interventu
1195 1288 1333 1353 dilectae
1356 1291 1504 1374 coniugis
1526 1300 1658 1355 nestrae
1673 1290 1865 1357 Adalheidis
1884 1294 1960 1358 lide-

315 1391 420 1476 lisque
442 1392 544 1455 nostri
568 1392 806 1476 archiepiscopi
830 1389 1030 1455 Uuillihclmi
1052 1390 1231 1456 venerabili
1255 1401 1389 1457 sanctae
1411 1393 1582 1458 Treuerice
1606 1393 1691 1458 sedis
1714 1395 1961 1482 archiepiscopo

315 1496 489 1561 Thiedrico
513 1495 667 1580 quicquid
690 1494 812 1580 praedii
836 1491 1064 1578 Megingaldus
1087 1503 1119 1558 et
1140 1494 1286 1578 Reginae
1309 1495 1442 1578 fratres,
1470 1505 1645 1583 antequam
1670 1496 1711 1561 ob
1734 1497 1907 1564 latrocinia
1929 1510 1962 1565 ct

316 1598 490 1664 malefacta
519 1621 630 1663 eorum
658 1601 692 1662 in
722 1597 888 1683 publicum
916 1599 1008 1682 regni
1030 1595 1082 1661 vel
1111 1599 1237 1682 imperii
1264 1601 1365 1662 nostri
1388 1601 1439 1663 ius
1463 1609 1494 1664 et
1516 1600 1632 1665 fiscum
1655 1600 1879 1666 adiudicatum
1902 1613 1961 1686 est,

266 1708 297 1755 ¹0
314 1702 546 1787 hereditarium
568 1701 688 1765 habere
711 1702 772 1765 visi
797 1709 886 1782 sunt,
922 1701 1018 1764 tertia
1045 1710 1172 1766 tantum
1199 1710 1292 1786 parte
1321 1712 1460 1787 excepta
1489 1724 1571 1788 quae
1594 1703 1686 1768 fratri
1710 1725 1822 1768 eorum
1845 1707 1960 1770 maiori

316 1805 505 1870 Landberto
530 1806 684 1881 accessit,
709 1805 863 1890 quoniam
887 1803 1013 1887 legibus
1037 1805 1071 1867 in
1092 1813 1240 1869 nostmm
1261 1805 1311 1868 ius
1335 1814 1367 1868 et
1389 1807 1622 1891 proprietatem
1645 1806 1813 1871 redactum
1835 1818 1900 1890 est,
1927 1810 1960 1872 in

315 1910 483 1994 proprium
505 1931 547 1972 cx
569 1917 637 1972 toto
662 1917 693 1971 ct
715 1908 841 1992 integro
866 1906 1021 1971 munifica
1044 1904 1197 1991 largitate
1220 1906 1424 1990 donavimus,
1448 1911 1494 1972 ita
1518 1931 1596 1973 sanc
1618 1918 1653 1972 ut
1670 1908 1849 1995 [quicquild
1869 1933 1958 1994 prae-

314 2012 471 2075 nominati
496 2010 560 2075 duo
583 2011 700 2074 fratres
723 2009 952 2094 Megingaldus
980 2018 1012 2073 et
1033 2010 1178 2093 Reginzo
1208 2011 1241 2073 in
1271 2009 1397 2075 duabus
1428 2010 1489 2075 sibi
1517 2010 1720 2095 hereditariis
1750 2011 1897 2097 partibus
1926 2014 1959 2077 in

315 2117 472 2179 comitatu
494 2115 652 2198 Nagouue
680 2115 713 2177 in
741 2114 824 2178 locis
854 2113 1036 2178 subnotatis
1059 2112 1241 2196 habebant,
1271 2113 1423 2178 videlicet
1444 2116 1477 2178 in
1500 2137 1611 2179 marca
1634 2114 1732 2198 Kirra,
1763 2118 1796 2180 in
1818 2116 1960 2202 Bergon,

265 2231 296 2279 15
313 2222 347 2283 in
369 2220 572 2302 Puzuuilare,
596 2221 630 2283 in
652 2218 865 2300 Husonbahc,
889 2220 922 2282 in
945 2216 1171 2300 Bettonlors[t‚
1195 2218 1280 2302 cum]
1307 2217 1457 2283 omnibus
1480 2216 1677 2303 appenditiis
1700 2227 1732 2281 et
1753 2217 1959 2302 utilitatibus,

313 2326 436 2388 tamin
459 2325 630 2409 mancipiis
654 2345 752 2408 quam
773 2325 806 2386 in
830 2321 999 2386 curtilibus
1022 2331 1055 2385 et
1077 2321 1234 2386 aedificiis
1256 2324 1349 2386 terris
1374 2321 1468 2384 cultis
1492 2331 1524 2384 et
1546 2319 1675 2385 incultis
1704 2323 1804 2405 pratis
1828 2324 1958 2406 pascuis

315 2426 405 2491 silvis
428 2429 521 2513 aquis
544 2448 744 2512 aquarumve
768 2424 958 2490 decursibus
980 2423 1176 2488 molendinis
1198 2424 1374 2489 mobilibus
1398 2424 1521 2489 scilicet
1540 2433 1572 2487 et
1590 2424 1798 2489 inmobilibus
1817 2425 1958 2490 exitibus

314 2540 346 2594 et
367 2529 524 2594 reditibus
547 2530 609 2593 viis
632 2539 664 2593 et
686 2530 782 2593 inviis
806 2528 961 2612 quaesitis
984 2537 1016 2591 et
1038 2525 1237 2610 inquirendis
1260 2526 1312 2592 vel
1344 2529 1575 2612 cuiuscumque
1604 2526 1691 2591 modi
1721 2526 1834 2610 rebus,
1866 2551 1957 2613 prae·

313 2636 498 2699 nominatus
527 2631 723 2697 venerabilis
752 2630 1018 2717 archiepiscopus
1047 2628 1238 2693 Thiedricus
1267 2638 1377 2695 teneat
1405 2640 1436 2693 ct
1465 2629 1632 2713 possideat
1654 2639 1685 2693 et
1708 2628 1844 2695 liberam
1868 2640 1956 2714 pote·

262 2748 296 2796 ⁴20
314 2744 431 2800 statem
453 2735 573 2800 habeat
595 2733 738 2797 donandi
754 2732 915 2797 vendendi
938 2731 1160 2797 commutandi
1176 2731 1228 2796 vel
1248 2732 1402 2817 quicquid
1426 2731 1487 2796 sibi
1509 2732 1639 2797 libuerit
1662 2733 1780 2797 exinde
1804 2733 1955 2798 faciendi.

313 2839 357 2902 Et
385 2848 420 2903 ut
447 2838 510 2902 hoc
539 2838 742 2902 auctoritatis
770 2845 902 2900 nostrae
931 2834 1053 2900 donum
1082 2836 1151 2899 sive
1180 2845 1391 2920 praeceptum
1413 2836 1541 2900 firmum
1564 2844 1596 2898 ct
1619 2835 1733 2899 stabile
1757 2845 1956 2920 permaneat,

314 2951 439 3006 cartam
466 2940 551 3004 hanc
581 2937 743 3004 conscribi
766 2948 798 3002 et
824 2937 912 3002 anuli
940 2939 1043 3003 nostri
1072 2938 1287 3023 impressione
1316 2940 1437 3023 signari
1466 2940 1636 3020 iussimus,
1671 2959 1769 3023 quam
1798 2948 1830 3002 et
1858 2960 1956 3002 manu

314 3046 447 3131 propria
470 3043 583 3108 subtus
605 3043 817 3107 firmavimus.

416 3186 430 3268 ξ
452 3181 588 3266 Signum
611 3181 722 3245 domni
746 3179 877 3244 Ottonis
900 3180 963 3259 (M.)
985 3179 1096 3263 magni
1118 3188 1150 3242 ct
1172 3179 1377 3244 invictissimi
1401 3178 1605 3264 imperatoris
1628 3178 1769 3261 augusti.
1792 3179 1806 3262 ξ

263 3298 296 3345 25
415 3284 623 3367 {Lindolfus
646 3283 861 3348 cancellarius
884 3282 1033 3346 advicem
1055 3281 1255 3347 Uuillihclmi
1283 3281 1560 3367 archicappellani
1589 3282 1776 3364 recognovi.
1799 3279 1813 3360 ll
1836 3282 1893 3361 (SI.
1911 3280 1953 3360 5.)

1874 3383 1955 3463 (SR)

414 3509 504 3574 Data
522 3527 558 3573 11.
576 3530 652 3573 non.
669 3507 750 3572 febr.
769 3530 854 3571 anne
875 3506 1056 3572 dominicae
1076 3504 1309 3571 incarnationis
1332 3521 1537 3587 Deeccuxm,
1561 3504 1739 3569 indictione
1755 3520 1842 3585 vnn,
1865 3526 1951 3569 anno

311 3615 401 3695 regni
425 3612 534 3677 domni
559 3611 689 3676 Ottonis
713 3596 816 3693 xxxi,
839 3611 965 3695 imperii
987 3631 1064 3673 vero
1088 3626 1127 3691 v;
1150 3618 1260 3674 actum
1283 3608 1506 3692 Nouiomag03
1534 3609 1566 3672 in
1590 3608 1642 3672 dei
1664 3609 1795 3672 nominc
1817 3605 1954 3671 feliciter

312 3738 418 3780 amen.

262 3964 295 4012 30
1090 3935 1174 4007 321.

320 4091 400 4167 Otto
425 4091 564 4165 scheukt
589 4091 654 4164 der
679 4118 750 4163 von
777 4091 856 4163 dere
876 4090 1094 4187 Erzbr'scbqf
1110 4088 1326 4161 Theoderich
1344 4113 1415 4159 oen
1438 4086 1541 4158 Trica
1561 4083 1804 4182 peprttevletee
1822 4083 1953 4156 Kivchc

312 4212 351 4287 S.
375 4211 597 4309 Geapolszu
615 4212 742 4283 illeinz
767 4211 825 4283 dic
849 4210 928 4283 (lem
946 4211 1211 4308 Mepiupemlus
1239 4207 1316 4280 virid
1332 4206 1489 4305 Repiezo
1514 4204 1715 4303 pertendet
1741 4217 1953 4301 conopeum

313 4333 549 4430 Besitzonpen
578 4333 626 4403 im
652 4330 843 4429 Nabepeu.
1440 4347 1610 4420 Nirrrwepen
1633 4348 1695 4406 966
1718 4345 1857 4404 Februcr
1879 4348 1908 4406 6.

417 4555 664 4628 Oripiaeldiplom
687 4557 728 4613 im
750 4556 777 4614 lc.
802 4554 1003 4614 Stecrtsarchiv
1024 4571 1064 4611 aa
1086 4552 1217 4612 Koblena
1240 4552 1302 4632 (A).

259 4709 292 4753 35
417 4694 552 4752 thetlter
576 4694 637 4750 CD.
662 4691 903 4752 elveno-Mosen.
930 4695 958 4761 1,
983 4695 1023 4750 70
1045 4698 1080 4749 e⁰
1102 4695 1143 4751 19
1172 4709 1228 4749 eus
1254 4689 1284 4748 A
1309 4714 1346 4742 =
1370 4688 1587 4763 Ensmr'nphcus
1611 4688 1724 4762 Corpus
1756 4691 1833 4747 iteris
1858 4705 1949 4760 peres.

414 4797 457 4855 cd.
478 4804 518 4866 11,
545 4800 572 4867 1,
597 4802 639 4855 12
659 4804 694 4853 e⁰
708 4800 759 4855 28.
783 4829 825 4835 -
849 4795 944 4867 Beper
967 4794 1156 4852 Mittelrbcr'n.
1178 4794 1242 4852 ΠΒ.
1267 4799 1295 4863 1,
1318 4797 1384 4855 282
1404 4800 1438 4851 e⁰
1451 4798 1516 4853 226
1539 4811 1595 4853 aas
1610 4792 1647 4851 A.
1669 4825 1711 4835 -
1735 4792 1863 4850 Bolano-r
1877 4792 1949 4863 Rep.

412 4904 485 4959 316.
509 4934 551 4941 —-
575 4899 703 4972 Stempf
720 4900 793 4972 Rea.
817 4902 889 4958 399.
913 4930 956 4938 -
981 4896 1061 4955 titre
1082 4896 1277 4955 Mittclrhcia.
1301 4897 1371 4970 Rep.
1396 4901 1490 4956 1616.

416 5038 477 5096 Von
499 5037 567 5097 LG.
592 5039 645 5094 erit
667 5037 846 5107 Bere-octaua]
867 5050 923 5092 oon
944 5034 1012 5093 DO.
1029 5038 1092 5095 320
1114 5034 1243 5104 versasse
1264 5033 1328 5093 mad
1346 5034 1538 5108 rectricem.

416 5240 474 5319 (C.)
496 5236 509 5315 {i
531 5239 568 5302 In
591 5238 721 5302 nomine
746 5247 878 5301 sanctae
901 5247 933 5300 et
961 5235 1147 5301 individuae
1169 5237 1330 5301 trinitatis.
1376 5236 1453 5302 Otto
1483 5235 1593 5301 divina
1620 5237 1751 5301 favente
1779 5235 1950 5301 clementia

259 5358 293 5407 40
311 5345 487 5428 imperator
508 5352 673 5426 augustum
766 5356 876 5404 Noverit
898 5356 1013 5403 ernuium
1035 5353 1152 5404 tidelium
1174 5359 1322 5404 nostrorum
1345 5360 1399 5405 tarn
1421 5356 1582 5421 prqsentium
1604 5370 1682 5420 quam
1705 5355 1854 5405 futurorum
1875 5338 1889 5419 h
1911 5356 1949 5404 in-

311 5463 427 5523 dustria,
461 5461 573 5525 ‹proliter
606 5476 654 5508 nos
687 5461 836 5508 interventu
870 5458 965 5522 dilecte
996 5458 1116 5522 coniugis
1147 5461 1252 5508 nostrae
1285 5458 1440 5509 Adalheidis
1470 5458 1608 5524 fidelisque
1641 5459 1832 5524 archiepiscopi
1866 5461 1949 5509 uestri

310 5550 484 5616 Theodrici
508 5572 565 5633 pro
588 5547 730 5612 remedio
753 5558 785 5611 et
807 5547 1017 5612 absolucione
1039 5545 1167 5611 animae
1189 5555 1330 5629 nostrae,
1351 5569 1411 5631 pro
1435 5556 1522 5612 statu
1538 5569 1665 5633 quoque
1681 5556 1713 5612 et
1727 5547 1948 5614 incolomitate

396 5736 455 5791 320.
482 5736 587 5803 {Foltzl

1684 5839 1744 5907 55*
