4298 6414
902 461 1028 520 orno
1050 463 1075 517 1.
1099 457 1170 517 sca.
1737 496 1742 504 .
1794 452 1858 518 449

217 653 282 709 tum
305 643 388 729 legn's
410 645 494 709 ratio
518 643 630 708 dictat.
668 642 827 708 Volumus
850 645 948 708 etiam
969 651 1005 707 ut
1027 643 1242 708 advocatores
1266 643 1306 707 de
1328 644 1393 708 iam
1416 645 1584 709 nominata
1606 644 1767 710 aecelcsia
1788 644 1857 709 nul-

218 745 279 811 lam
308 745 460 812 hostilem
489 755 665 812 exerceant
692 745 933 831 expeditionem
963 748 1031 811 sine
1061 768 1119 810 suo
1149 747 1320 832 episcop03
1354 756 1386 810 et
1408 748 1435 810 si
1458 748 1520 832 ipsi
1543 756 1599 811 aut
1621 750 1719 812 ceteri
1746 746 1857 832 [valssi

221 852 269 935 qui
293 848 504 915 commenditi
528 859 602 915 sunt
624 851 779 935 episcopo
803 851 890 914 etin
913 851 981 914 eius
1006 849 1161 936 obsequio
1185 849 1301 934 degere
1323 850 1490 933 videntur,
1520 854 1547 916 si
1578 853 1610 915 in
1634 851 1765 936 publico
1789 852 1857 937 pla·

222 954 280 1017 cito
304 955 338 1018 in
361 955 599 1039 compositione
621 952 665 1018 ad
686 955 733 1018 rei
755 952 906 1038 publicae
929 952 981 1017 vel
1007 963 1137 1018 nostrae
1166 953 1341 1037 imperialis
1371 963 1496 1038 partem
1525 954 1716 1037 ceciderint,
1750 956 1858 1021 nullus

206 1078 324 1121 »comcs
350 1055 429 1141 [aut]
455 1057 608 1144 quislibet
630 1066 765 1122 exactor
787 1058 918 1140 exigere
940 1065 997 1120 aut
1019 1056 1132 1122 tollere
1158 1066 1340 1142 presumat,
1374 1060 1451 1143 quia
1480 1080 1539 1142 pro
1570 1068 1701 1124 nostrae
1730 1062 1859 1125 animae

223 1159 365 1225 mercede
387 1159 432 1224 ad
454 1169 581 1246 partem
602 1161 668 1225 iam
691 1161 756 1244 fate
778 1159 957 1225 aecclesiae
981 1159 1140 1224 donamus
1163 1169 1261 1245 atque
1290 1158 1532 1243 [conceldimus.
1578 1162 1649 1227 Hos
1671 1172 1781 1227 autem
1805 1164 1859 1249 qui

221 1266 246 1328 in
269 1263 368 1329 rebus
391 1264 571 1330 aecclesiae
593 1263 745 1346 resident,
770 1264 967 1349 precipimus
990 1273 1025 1327 ut
1047 1246 1154 1327 nullus
1177 1272 1312 1327 exactor
1325 1264 1371 1327 rei
1389 1263 1539 1347 publicae
1555 1267 1729 1350 pignorare
1744 1277 1802 1332 aut
1817 1267 1860 1331 ad

219 1367 337 1452 placita
360 1389 545 1434 convocare
570 1363 643 1453 [vel]
669 1368 920 1451 compositiones
943 1366 1069 1453 aliquas
1093 1366 1135 1431 ab
1159 1367 1205 1430 eis
1229 1368 1359 1450 exigere
1383 1378 1584 1450 praesumat,
1612 1371 1688 1455 quia
1710 1370 1859 1434 volumus

216 1480 250 1533 ut
271 1470 305 1534 in
329 1469 451 1535 iudicio
474 1470 655 1555 legatorum
678 1480 862 1535 nostrorum
886 1480 985 1551 stent,
1021 1493 1101 1557 quos
1125 1468 1309 1553 specialiter
1332 1468 1375 1533 ad
1397 1491 1508 1534 corum
1531 1471 1711 1536 audiendas
1740 1494 1859 1538 causas

215 1573 443 1655 direxerimus,
466 1598 504 1640 eo
529 1575 616 1660 quod
639 1574 695 1638 tali
721 1575 932 1660 oppressione
955 1573 1094 1659 plurima
1113 1573 1306 1637 detrimenta
1325 1574 1393 1656 pati
1415 1574 1599 1639 audivimus
1619 1576 1766 1641 homines
1783 1600 1860 1664 sepe

211 1677 324 1742 dictae
348 1678 537 1743 aecclesiae.
581 1678 783 1763 Precipimns
806 1678 903 1741 ctiam
926 1686 961 1741 ut
985 1676 1171 1740 sacerdotes
1194 1678 1228 1739 in
1251 1676 1366 1740 eadem
1394 1677 1554 1742 aeeclesia
1580 1679 1859 1766 comm[anen]tes,

211 1781 240 1843 si
271 1783 467 1846 canonicam
497 1778 716 1845 obedientiam
744 1803 900 1845 exercere
928 1779 1091 1844 noluerint
1112 1787 1144 1842 et
1167 1778 1349 1844 subtractas
1373 1803 1393 1844 a
1414 1780 1665 1864 baptismalibus
1692 1784 1860 1848 aecclesiis

211 1882 362 1949 decimas
384 1887 529 1970 recipere
551 1887 829 1970 praesumpserint
850 1893 883 1948 et
905 1882 949 1948 ad
972 1882 1152 1948 sinodalem
1175 1893 1371 1948 conventum
1393 1888 1502 1949 vocati
1525 1889 1635 1950 venire
1658 1898 1861 1972 contempse-

209 1989 288 2069 rint,
313 1987 355 2052 ab
380 1989 535 2073 episcopo
559 1987 704 2052 eiusdem
728 1985 906 2050 aecclesiae
929 1988 1252 2051 excommunicentur
1274 1997 1306 2051 et
1328 2010 1348 2052 a
1370 1990 1498 2052 nemine
1523 1991 1730 2075 recipiantur.
1776 1990 1861 2054 (lon-

214 2089 364 2156 cedimus
386 2093 483 2156 etiarn
507 2101 539 2156 et
561 2091 741 2177 perpetuali
763 2090 944 2155 firmatione
968 2092 1131 2154 sancimus
1153 2100 1189 2154 ut
1209 2091 1431 2175 unusquisqne
1458 2089 1555 2156 homo
1583 2092 1626 2156 ad
1649 2092 1861 2178 baptismales

216 2194 397 2259 aecclesias
421 2194 563 2259 decimas
587 2195 641 2259 det
663 2197 695 2259 in
719 2193 835 2280 quibus
858 2192 1006 2258 habitare
1021 2193 1148 2258 videtur
1163 2193 1213 2257 vel
1233 2201 1340 2258 curtes
1360 2202 1416 2258 aut
1434 2216 1484 2257 res
1507 2193 1627 2258 habere
1650 2195 1859 2281 dignoscitur.

217 2313 245 2363 Si
267 2316 328 2378 quis
350 2320 448 2377 antem,
471 2313 542 2379 quod
565 2330 618 2364 non
640 2319 771 2378 putamus,
795 2328 827 2362 ex
843 2312 954 2362 ducibus
969 2313 1166 2363 marchionibus
1184 2314 1325 2363 comitibus
1342 2313 1553 2379 gastaldionibus
1571 2314 1614 2364 vel
1632 2298 1760 2380 aliqnael'
1778 2317 1861 2379 partis

216 2417 342 2481 publicae
371 2417 530 2468 officialibus
559 2434 606 2468 seu
635 2418 713 2467 etiam
742 2417 838 2481 aliquis
862 2432 894 2466 ex
917 2415 987 2466 clero
1009 2416 1053 2466 vel
1076 2433 1108 2467 ex
1131 2416 1231 2481 plebeis
1253 2416 1369 2482 aliquam
1391 2423 1563 2481 suprataxato
1592 2412 1705 2468 sancio
1730 2434 1761 2469 ac
1784 2435 1861 2468 vene·

217 2521 301 2570 raudo
324 2520 384 2571 loro
407 2521 560 2571 violentiam
583 2523 789 2571 subtractionem
813 2519 856 2569 vel
883 2520 1047 2570 invasionem
1075 2518 1194 2568 intulerit
1222 2521 1249 2568 in
1278 2519 1358 2568 robus
1386 2520 1530 2569 mobilibus
1559 2525 1585 2570 et
1612 2522 1791 2571 immobilibus
1819 2521 1862 2570 vel

218 2624 325 2674 familiis
353 2613 520 2696 utriusque
552 2633 666 2692 sexus,
696 2632 829 2689 tamquam
859 2623 1004 2687 imperialis
1032 2624 1149 2688 precepti
1179 2625 1334 2673 temerarius
1363 2624 1477 2674 violator
1505 2608 1661 2674 ducentas
1692 2626 1774 2675 libras
1804 2627 1862 2675 anri

220 2712 321 2777 obrizi
352 2729 436 2779 eidem
464 2730 608 2780 aecclesiae
636 2730 678 2781 vel
709 2731 793 2794 ipsias
823 2728 971 2777 rectoribus
999 2743 1155 2791 componere
1185 2732 1310 2792 cogatur,
1339 2733 1366 2777 et
1393 2727 1443 2777 hoc
1472 2728 1543 2792 qnod
1572 2728 1676 2777 anferre
1704 2734 1814 2778 cernatur
1837 2733 1864 2778 et

218 2831 369 2894 vindicare,
391 2848 445 2881 non
468 2832 552 2895 valet,
574 2834 683 2897 insuper
706 2838 733 2881 et
754 2833 920 2881 inmunitatis
941 2846 1036 2895 ponam
1059 2833 1167 2896 triginta
1189 2830 1271 2880 libras
1294 2833 1396 2897 argenti
1420 2826 1532 2881 sancto
1557 2833 1691 2897 episcopio
1712 2833 1861 2897 persolvere

219 2940 337 3000 cogatur.
375 2935 500 2985 Similiter
523 2936 646 2985 volumus
669 2941 698 2985 ut
720 2937 879 3001 quicumque
901 2941 962 3000 post
984 2935 1052 2985 lianc
1074 2942 1189 2984 nostram
1212 2935 1373 2998 imperialem
1396 2937 1592 3000 preceptionem
1614 2920 1743 2985 inutiles
1762 2924 1862 3005 serip-

218 3023 324 3087 tlones
347 3033 379 3086 ei
401 3025 536 3089 nocivos
559 3039 664 3089 libellos
687 3056 753 3104 quos
776 3055 823 3103 pro
846 3039 889 3088 dei
911 3054 1000 3089 amore
1023 3043 1180 3103 nostraeque
1202 3055 1219 3086 s
1241 3040 1343 3088 animae
1366 3038 1481 3088 remedio
1503 3038 1623 3088 funditus
1652 3022 1861 3101 extincxinrusl',

219 3144 359 3192 retinuerit
380 3148 406 3192 ct
427 3145 500 3208 ipsos
522 3145 705 3210 presentaliter
720 3160 782 3208 sepo
797 3144 867 3193 «licto
884 3143 1028 3193 reverendo
1050 3129 1145 3192 Petro
1169 3144 1293 3207 episeopo
1316 3157 1369 3190 non
1388 3141 1543 3205 reddiderit,
1566 3148 1596 3191 nt
1618 3158 1667 3193 nec
1690 3144 1713 3192 ei
1737 3159 1785 3192 nec
1807 3143 1862 3191 siris

221 3247 419 3296 successoribus
441 3247 531 3312 aliqua
553 3254 660 3297 maneat
681 3249 875 3297 contrarietatis
898 3248 1019 3311 suspitio,
1042 3248 1157 3297 bannum
1184 3226 1289 3315 [8611]Θ
1311 3250 1337 3294 et
1360 3246 1544 3295 inmunitatem
1566 3252 1625 3316 per
1643 3254 1678 3295 se
1697 3231 1861 3295 districtus

220 3352 354 3413 tamqnam
378 3348 487 3399 rebellio
510 3352 646 3414 nostrique
668 3352 801 3414 praecepti
826 3356 1003 3416 transgressor
1026 3365 1182 3412 componere
1205 3354 1323 3414 cogatur.
1358 3331 1456 3412 Quod
1473 3342 1509 3397 ut
1526 3334 1634 3397 verius
1657 3320 1813 3399 credatur·
1831 3343 1863 3398 ei

221 3435 407 3521 diligentius
436 3437 478 3502 ab
509 3438 658 3502 omnibus
689 3438 891 3520 observetur,
925 3459 1024 3502 mann
1054 3437 1187 3522 propria
1212 3434 1402 3500 roborantes
1425 3435 1522 3500 anulo
1546 3446 1658 3501 nostro
1683 3438 1793 3502 subter
1815 3438 1862 3501 in-

221 3541 334 3624 signiri
357 3542 520 3605 iussimus.

323 3667 337 3750 ξ
359 3667 494 3754 Signum
518 3669 627 3735 domni
652 3672 716 3752 (M.)
739 3669 870 3735 Ottonis
893 3671 1089 3735 serenissimi
1114 3672 1245 3755 cesaris.
1268 3669 1282 3751 ξ

322 3772 553 3856 {Ambrosius
583 3774 797 3840 cancellarius
828 3772 974 3837 advieem
997 3774 1136 3838 Huberti
1163 3774 1307 3858 episcopi
1331 3781 1363 3836 et
1385 3773 1663 3838 archicancellarii
1686 3776 1862 3858 recognovi

222 3884 254 3939 et
274 3876 463 3963 subscripsi.
486 3874 500 3956 ll

323 4005 413 4070 Data
435 4024 499 4071 1111.
523 4029 598 4071 non.
623 4006 803 4072 decembris
825 4029 911 4071 anno
935 4005 1097 4072 dominice
1121 4008 1355 4072 incarnationis
1379 4024 1602 4090 nccccnxvn,
1634 4011 1761 4094 imperii
1785 4032 1862 4073 vero

223 4108 333 4174 domni
357 4109 487 4174 Ottonis
511 4113 648 4196 piissimi
671 4115 793 4176 cesaris
810 4130 841 4193 v,
870 4110 1047 4175 indictione
1070 4130 1111 4193 x3
1140 4122 1249 4176 aetum
1272 4114 1304 4175 in
1327 4122 1435 4176 castro
1460 4111 1548 4197 qnod
1571 4111 1690 4176 dieitur
1711 4112 1807 4178 Uado
1830 4114 1864 4176 in

223 4215 380 4278 comitatu
402 4214 553 4291 Pisense;
575 4215 713 4279 feliciter
735 4237 840 4280 amen.

1001 4386 1087 4460 335.

231 4525 312 4601 Otto
344 4525 489 4598 verleibt
524 4525 603 4598 dem
644 4525 770 4601 Cleo-ns
803 4525 868 4598 der
900 4523 1007 4600 Staret
1038 4526 1160 4599 Lacon
1194 4523 1462 4600 Gcriclttsstand
1493 4550 1560 4595 eor
1593 4523 1672 4596 dean
1705 4524 1863 4617 Biscbo,

223 4646 436 4719 Irrrmnnitot
461 4646 540 4718 arrd
566 4646 701 4719 eredere
727 4646 861 4720 Redite.
1610 4698 1651 4706 -
1695 4698 1736 4705 -
1780 4698 1822 4705 -

328 4837 574 4912 Oripiaaldiplom
597 4841 639 4897 im
662 4839 912 4909 crebisrlapiclea
933 4836 1042 4895 Archia
1063 4855 1103 4894 sa
1126 4837 1226 4895 Lacca
1248 4832 1309 4916 (A).

324 4968 444 5027 Bertiai
464 4970 498 5026 ia
520 4969 665 5027 Memoris
688 4968 720 5025 di
742 4968 842 5026 Laeca
864 4971 908 5037 4⁰,
933 4971 996 5025 117
1017 4965 1235 5037 aaoollstr'tadiq
1257 4981 1312 5022 aas
1335 4963 1372 5020 A.
1396 4997 1437 5005 -
1460 4963 1653 5021 Barsoccleiai
1670 4965 1703 5021 tn
1721 4964 1865 5022 Alenwrie

326 5070 358 5127 di
380 5071 481 5130 Lacca
503 5072 544 5142 5⁶,
567 5074 631 5130 296
653 5075 792 5129 a⁰1400
815 5088 871 5129 aas
894 5070 931 5129 A.
954 5088 994 5127 aa
1016 5072 1079 5128 966
1102 5067 1258 5141 lsapefdbr.
1283 5101 1324 5110 —
1348 5065 1477 5139 Stampf
1494 5067 1564 5139 Itep.
1590 5070 1677 5126 427⁰.

330 5198 463 5271 Verfasst
491 5200 555 5259 arrd
580 5201 764 5273 pesclrriebea
787 5217 842 5257 roa
864 5199 906 5257 lt.
929 5198 968 5256 D.
993 5197 1230 5256 somarselrcialicb
1250 5198 1325 5256 atreb
1348 5199 1428 5255 einer
1450 5196 1513 5256 VU.
1537 5195 1601 5274 (epi.
1625 5215 1655 5254 a.
1679 5214 1708 5255 o.
1732 5197 1865 5256 manibus

328 5303 462 5382 propriis)
484 5304 655 5363 besoaderer
676 5305 825 5376 Fasenap.

327 5472 385 5554 (O.)
406 5468 420 5551 ll
441 5473 480 5537 In
509 5474 641 5538 nomine
671 5482 782 5538 sancte
811 5481 843 5538 et
871 5471 1038 5536 individue
1067 5472 1233 5535 trinitatis.
1280 5469 1357 5535 Otto
1388 5471 1495 5553 gratia
1523 5467 1575 5532 dei
1604 5468 1783 5552 imperator
1811 5488 1866 5529 au·

206 5583 352 5660 gustus.
449 5578 641 5642 Iustissimis
674 5585 707 5642 et
738 5579 836 5643 rectis
871 5575 1140 5661 opitulationibus
1174 5572 1380 5659 providentia
1413 5572 1466 5637 dei
1500 5571 1711 5657 dispensante
1746 5579 1867 5635 statum

312 5729 371 5784 334.
399 5734 422 5798 e)
439 5731 526 5783 Lis'clce
542 5734 572 5782 in
588 5731 620 5797 A,
638 5734 755 5784 bannum
773 5750 820 5800 pro
840 5749 868 5784 se
887 5738 913 5784 et
929 5733 1120 5783 immunitatem
1137 5728 1192 5782 VU.

276 5838 468 5885 mummium
484 5842 502 5885 1.
1622 5836 1662 5896 57
