4500 6420
940 470 1064 526 ΟΤΤΟ
1087 471 1109 525 1.
1135 467 1207 524 967.
1831 459 1895 523 463

252 647 397 712 fidelium
428 661 584 715 suerum“
613 650 831 736 peticionibus
861 649 1034 732 inclinare,
1069 651 1221 734 quatinus
1250 652 1444 733 promtiores
1474 660 1506 712 et
1535 649 1718 713 devotiores
1741 648 1755 730 ξ
1776 671 1833 712 eos
1862 651 1895 712 in

254 773 347 814 suum
377 751 516 817 effitiaut
545 753 748 819 famulatum.
794 753 1002 838 Quapropter
1030 755 1157 817 noverit
1187 754 1329 817 omnium
1358 752 1502 817 fidelium
1531 762 1643 838 sancte
1674 752 1725 816 dei
1759 752 1896 836 ecclesie

252 864 501 942 nostrorumque
524 859 721 941 presentium
745 856 894 921 scilieet¹²
922 878 961 919 ae
989 857 1170 921 futurorum
1192 859 1402 938 universitas,
1437 855 1646 939 Aled[ram]b
1675 856 1896 921 marchionem

251 958 435 1021 interventu
450 980 489 1022 ao
505 960 667 1043 peticione
682 957 883 1043 Adhelegide
899 967 1008 1023 nostre
1027 959 1176 1043 coniugis
1198 968 1296 1045 atquc
1320 961 1444 1043 imperii
1468 962 1570 1024 nestri
1594 961 1763 1045 participis
1786 970 1895 1024 nostre

219 1058 385 1123 0011000ο
414 1060 623 1126 sublimitatis
653 1061 797 1142 culmen,
831 1061 995 1126 humiliter
1023 1061 1220 1144 postulando
1250 1072 1285 1127 ut
1315 1061 1473 1147 quasdam
1502 1072 1610 1127 certes
1638 1063 1736 1128 absas
1759 1074 1895 1128 actenus

251 1163 341 1246 regni
368 1165 469 1227 nostri
499 1165 559 1227 iuri
590 1162 744 1228 debeati‘1
771 1167 873 1229 nostri
897 1167 1040 1249 precepti
1064 1167 1185 1250 pagina
1207 1164 1254 1228 illi
1279 1163 1531 1229 concederemus
1553 1188 1614 1229 nec
1637 1189 1704 1231 non
1727 1177 1759 1231 et
1783 1188 1894 1231 onmes

250 1287 302 1329 res
326 1275 358 1329 et
380 1268 593 1351 proprietates
618 1289 693 1332 suas
716 1266 783 1330 ade
806 1270 972 1352 utriusque
996 1289 1095 1331 sexus
1118 1266 1259 1331 familias
1283 1290 1345 1353 que
1368 1266 1414 1330 illi
1439 1266 1639 1332 advenerunt
1663 1278 1728 1332 tam
1748 1269 1787 1333 de
1806 1267 1895 1332 here-

252 1369 353 1432 ditate
376 1380 547 1454 parentum
570 1392 668 1456 quam
691 1370 731 1434 de
756 1392 814 1435 suo
838 1368 1007 1456 adquestu,
1032 1368 1178 1434 similiter
1200 1371 1393 1434 auctoritate
1415 1372 1518 1433 nestri
1538 1373 1681 1455 precepti
1698 1369 1803 1435 eidem
1819 1391 1895 1434 eon-

251 1471 452 1536 firmaremus
482 1482 514 1537 et
544 1464 672 1557 penitus
701 1473 996 1538 corroboraremus.
1036 1470 1135 1537 Cuius
1165 1471 1382 1556 peticionibus
1413 1483 1591 1537 annuentes
1614 1482 1646 1536 et
1668 1474 1770 1558 ipsius
1793 1472 1895 1536 fideli-

202 1589 234 1635 10
252 1584 352 1639 tatem
383 1575 626 1640 considerantes
656 1599 714 1662 per
742 1575 805 1640 hoe
833 1585 982 1639 nostrum
1012 1582 1216 1659 preceptum,
1252 1585 1348 1658 prout
1376 1578 1459 1639 iuste
1482 1586 1514 1640 et
1535 1576 1682 1660 legaliter
1711 1598 1894 1661 possumus,

252 1676 461 1742 concedimus
486 1677 644 1742 donamus
668 1689 766 1765 atque
788 1677 944 1762 largimur
967 1679 1093 1763 prefate
1118 1677 1306 1742 Alledramo
1336 1680 1516 1744 marchioni
1547 1703 1657 1745 omnes
1685 1680 1758 1744 illas
1789 1690 1895 1744 cortes

251 1782 284 1844 in
313 1780 448 1846 desertis
478 1781 560 1845 locis
592 1783 806 1846 consistentes
836 1805 856 1844 a
884 1781 1016 1846 flumine
1045 1782 1175 1845 Tanaro
1204 1802 1307 1867 usque
1337 1781 1380 1846 ad
1409 1782 1529 1847 flumen
1552 1784 1677 1848 Urbem
1700 1794 1732 1847 et
1754 1783 1797 1847 ad
1819 1783 1895 1846 litus

252 1887 366 1967 maris,
392 1907 528 1970 querum
550 1887 683 1949 nomina
706 1883 766 1948 hee
790 1895 882 1949 sunt:
916 1885 956 1950 de
980 1884 1228 1968 Gobangiasce,
1251 1885 1430 1970 Balangi0,
1454 1885 1645 1968 Saleseedo,
1669 1886 1802 1965 Lecesi,
1826 1884 1896 1950 Sal·

252 1986 334 2069 aole,
358 1986 482 2067 Niolia,
506 1986 711 2069 Puleionem,
736 1986 886 2069 Grualia,
909 1988 1065 2070 Pruneto,
1090 1987 1249 2069 Altesino,
1274 1985 1479 2068 Ourternilia,
1503 1989 1715 2071 Montoneso,
1742 1990 1894 2071 Noseeto,

201 2102 233 2149 15
251 2088 421 2173 Masiouti,
450 2090 575 2173 Arche,
609 2100 641 2154 et
668 2088 824 2176 quicquid
851 2089 971 2155 ibidem
1004 2086 1163 2175 [aletenus
1194 2092 1273 2154 iuris
1302 2093 1394 2175 regni
1422 2091 1527 2155 Italici
1553 2095 1719 2176 pertinuit,
1753 2101 1789 2156 ut
1812 2094 1896 2155 sieut

251 2193 417 2279 hucusque
439 2196 499 2259 iuri
522 2195 614 2277 regni
636 2194 737 2258 nostri
761 2203 792 2257 ct
816 2193 959 2259 dominio
984 2194 1173 2260 subdivisaf
1196 2205 1279 2271 sunt,
1303 2196 1349 2257 ita
1368 2193 1487 2259 arnode
1507 2196 1638 2258 inantea
1654 2196 1770 2280 prefati
1786 2193 1894 2258 Allae-

251 2295 355 2360 drami
389 2297 586 2361 marchionis
616 2294 759 2361 dominio
791 2296 971 2361 subdantur
1000 2307 1032 2361 et
1060 2298 1093 2360 in
1123 2301 1192 2362 eius
1223 2299 1273 2360 ius
1302 2295 1489 2381 delegentur
1517 2305 1549 2360 et
1579 2299 1709 2361 omnino
1733 2296 1894 2361 transfun-

252 2398 380 2463 dantur.
425 2399 563 2484 Insuper
592 2402 690 2464 etiam
713 2399 942 2464 confirmamus
965 2409 998 2463 et
1021 2399 1270 2464 corroboramus
1294 2399 1481 2484 supradicto
1498 2398 1692 2464 Alledram⁸
1714 2400 1894 2466 marchioni

253 2525 364 2568 omnes
388 2527 440 2568 res
464 2514 495 2567 et
517 2507 732 2589 proprietates
757 2526 833 2568 suas
856 2503 923 2568 ad⁰
944 2505 1113 2588 utriusque
1137 2526 1234 2568 sexus
1256 2503 1398 2567 familias
1423 2514 1489 2566 tam
1513 2504 1552 2566 de
1574 2503 1752 2567 hereditate
1780 2527 1895 2589 paren·

200 2623 233 2669 00
251 2615 320 2670 turn
343 2628 440 2691 quarn
464 2605 503 2670 de
527 2607 687 2693 adquestu
710 2606 756 2671 illi
780 2606 989 2671 advenientes
1013 2629 1071 2691 per
1092 2605 1222 2669 diversa
1249 2604 1322 2670 loea
1348 2607 1434 2671 infra
1455 2606 1605 2671 Italicum
1628 2629 1763 2691 regnum
1786 2610 1895 2671 oonia-

251 2717 376 2789 eentes,
411 2708 588 2774 videlicet·
617 2713 650 2775 in
680 2711 836 2774 comitatu
864 2709 1027 2796 Aquensi,
1063 2708 1222 2774 Saenensi
1251 2731 1310 2773 nec
1341 2732 1407 2774 non
1435 2709 1567 2774 Astansi
1595 2720 1627 2773 et
1650 2710 1895 2793 Montisferrati,

252 2812 445 2876 Taurinensi
473 2822 505 2876 et
533 2812 749 2896 Uercellensi,
783 2813 950 2877 Parmensi
980 2822 1012 2877 et
1041 2811 1251 2877 Cremonensi
1275 2835 1332 2877 seu
1354 2811 1606 2895 Perg[o]mensi,
1641 2835 1714 2877 eum
1746 2813 1895 2878 omnibus

250 2938 361 2979 eorum
384 2919 586 3000 pertinentiis
609 2927 641 2981 ct
664 2917 856 2981 adiacentiis
888 2938 943 2981 seu
973 2918 1071 2981 etiam
1101 2915 1255 3001 quicquid
1283 2915 1404 2979 habere
1431 2914 1481 2978 vel
1512 2916 1679 3000 possidere
1708 2916 1836 2981 videtur
1862 2918 1894 2980 in

251 3019 387 3082 diversis
418 3017 525 3084 locish
553 3021 587 3084 in
609 3030 677 3085 toto
702 3019 817 3084 ltalieo
841 3041 941 3101 regno
966 3019 1016 3083 vel
1039 3022 1172 3083 inantea
1195 3019 1365 3103 adquirere
1389 3020 1521 3103 peterit,
1556 3020 1624 3083 sine
1653 3018 1764 3104 aliqua
1794 3022 1895 3083 mine-

199 3136 232 3185 10
249 3124 375 3187 ratione
399 3145 456 3207 per
477 3123 573 3187 huius
595 3126 699 3189 nostri
722 3125 866 3208 precepti
890 3122 1169 3186 confirmationem
1191 3119 1312 3185 habeat
1334 3131 1366 3184 et
1386 3130 1494 3184 teneat
1512 3121 1710 3207 firmiterque
1728 3123 1896 3207 possideat

252 3236 319 3290 tarn
341 3228 411 3310 ipse
435 3249 598 3312 quamque
621 3229 669 3292 sui
695 3225 844 3308 heredes,
880 3247 944 3289 una
967 3247 1042 3289 cum
1065 3227 1158 3288 terris
1181 3227 1284 3288 vineis
1308 3226 1433 3309 eampis
1460 3226 1563 3310 pratis
1591 3227 1722 3309 pascuis
1746 3224 1840 3289 cultis
1864 3233 1896 3289 et

251 3329 381 3393 incultis
405 3330 517 3393 divisis
540 3340 572 3393 et
595 3330 744 3394 indivisis
766 3328 941 3393 mobilibus
964 3337 997 3392 et
1018 3326 1229 3392 inmobilibus
1248 3329 1414 3411 utriusque
1432 3350 1531 3392 sexus
1550 3328 1680 3392 t'arniliis
1700 3328 1790 3391 silvis
1809 3327 1894 3392 salli·

252 3435 331 3495 cetis
354 3432 518 3496 montibus
542 3441 574 3495 et
596 3431 737 3496 vallibus
766 3430 969 3516 planiciebus
996 3432 1089 3517 aquis
1113 3452 1335 3515 aquarumque
1358 3430 1549 3495 decursibus
1573 3431 1767 3496 molendinis
1790 3434 1895 3517 pisea-

251 3534 394 3598 tionibus
417 3534 645 3599 venationibus
669 3537 820 3599 mercatis
844 3534 1007 3600 toloneis⁰
1037 3533 1252 3620 omnibusque
1280 3533 1444 3618 publicis⁸
1470 3533 1691 3599 functionibus
1713 3535 1765 3599 vel
1797 3536 1895 3599 etiam

200 3657 234 3701 ao
252 3660 314 3722 que
338 3636 402 3700 dici
425 3638 476 3701 vel
500 3640 658 3701 nominari
689 3647 832 3722 posuntc
863 3636 906 3701 ad
934 3636 1066 3701 easdem
1095 3659 1147 3701 res
1177 3646 1209 3700 ct
1237 3639 1452 3721 proprietates
1476 3660 1533 3702 sen
1555 3649 1661 3702 cortes
1685 3638 1737 3702 vel
1761 3637 1893 3702 castella

251 3739 484 3823 pertinentibus
509 3739 560 3803 vel
583 3739 849 3825 adspitientibus,
884 3738 1090 3824 habeantque
1113 3747 1310 3823 potestatem
1333 3740 1463 3804 tenendi
1487 3740 1649 3805 vendendi
1672 3741 1894 3806 commutandi

252 3841 415 3906 alienandi
439 3865 498 3926 pre
521 3843 630 3906 anima
653 3842 819 3907 iudicandi
843 3851 875 3905 ot
899 3841 1054 3929 quicquid
1076 3865 1188 3907 eorum
1212 3843 1391 3907 decreverit
1413 3845 1541 3907 animus
1564 3844 1714 3924 fatiendi,
1751 3845 1893 3907 omniurn

251 3945 418 4008 hominurn
444 3946 702 4009 contradictione
724 3956 859 4010 remota.
897 3943 1045 4010 lntereai
1069 3969 1127 4030 per
1148 3947 1243 4011 huius
1262 3957 1371 4011 nostre
1391 3948 1575 4012 donationis
1592 3957 1623 4011 et
1638 3947 1893 4011 confirmationis

251 4051 480 4113 auctoritatem
502 4048 649 4113 iubemus
671 4058 704 4113 et
727 4049 857 4113 omnine
882 4050 1068 4130 statuimus,
1103 4058 1138 4112 ut
1166 4048 1257 4112 nulla
1285 4048 1418 4132 Ita[li]ei
1446 4050 1537 4133 regni
1566 4071 1706 4134 persona
1732 4051 1894 4134 prelatum

200 4168 232 4214 30
251 4151 444 4215 Α110(100011
473 4173 613 4236 suesque
641 4150 776 4214 heredes
801 4151 840 4215 de
864 4151 1013 4215 omnibus
1038 4174 1099 4235 que
1124 4173 1223 4236 supra
1245 4151 1395 4235 leguntur
1416 4152 1468 4216 vel
1490 4153 1623 4215 inantea
1646 4151 1815 4236 adquirere
1838 4173 1894 4234 po-

250 4257 334 4333 terit,
358 4254 528 4318 disvestire
551 4263 734 4338 presumat3
759 4253 874 4338 quodsi
898 4253 1014 4337 aliquis
1038 4257 1280 4319 contentionem
1304 4254 1343 4318 de
1366 4254 1416 4318 his
1435 4253 1632 4339 supradictis
1652 4254 1800 4318 erunibus
1820 4276 1894 4318 curn

253 4357 367 4422 eodem
392 4359 522 4441 suisque
545 4356 718 4423 heredibus
741 4356 905 4438 habuerit,
939 4357 1052 4422 volens
1074 4357 1121 4422 illi
1144 4355 1298 4423 abicerelt
1321 4356 1410 4442 qued
1431 4361 1622 4422 investitura
1643 4357 1718 4421 inde
1741 4360 1893 4442 preterito

251 4469 395 4544 tempore
418 4482 483 4525 non
506 4458 693 4541 habuerint,
716 4459 815 4524 liceat
836 4460 941 4525 eidem
963 4460 1131 4526 Alledram
1155 4465 1286 4548 suisque
1308 4461 1481 4526 heredibus
1505 4484 1563 4546 per
1584 4473 1730 4527 nostram
1757 4460 1894 4545 [dlatam

250 4562 416 4626 licentiam
439 4572 471 4627 et
493 4562 589 4626 huius
611 4565 713 4627 nostri
737 4565 882 4647 precepti
905 4561 1198 4647 eelnstiltutieuem
1227 4574 1284 4628 aut
1312 4586 1371 4649 per
1398 4574 1637 4629 sacramentum
1666 4575 1723 4628 aut
1752 4585 1894 4648 pugnam

200 4681 233 4727 40
252 4665 427 4730 declarare.
472 4666 625 4730 Preterea
646 4666 820 4750 recipimus
849 4667 987 4731 eundem
1012 4668 1231 4733 marchionem
1254 4667 1447 4732 Alledram⁸
1470 4691 1543 4733 curn
1570 4668 1644 4731 filiis
1667 4677 1699 4732 et
1721 4667 1894 4732 heredibus

252 4771 317 4832 suis
342 4778 375 4832 et
398 4768 548 4832 omnibns
571 4768 668 4832 rebus
693 4768 867 4833 mobilibus
891 4780 922 4833 ct
944 4770 1150 4835 inmobibus¹
1174 4773 1257 4835 iuste
1280 4779 1313 4835 et
1334 4770 1481 4855 legaliter
1503 4770 1546 4835 ad
1568 4793 1642 4834 eum
1661 4771 1895 4855 pertinentibus

251 4871 310 4935 sub
330 4873 432 4935 nostri
451 4870 747 4952 mundburditiene,
771 4873 817 4935 ita
839 4871 990 4938 videlieet
1013 4884 1049 4938 ut
1071 4874 1178 4939 nullus
1201 4873 1269 4939 dux
1291 4874 1463 4959 nullusque
1486 4875 1630 4938 marchio
1655 4873 1763 4939 nullus
1785 4896 1896 4938 eomes

250 4974 357 5038 nullus
379 4974 479 5038 iudex
502 4973 609 5038 nullus
632 4973 793 5058 gastaldio
818 4973 989 5061 nullusque
1012 4976 1142 5061 publice
1165 4979 1268 5061 partis
1291 4986 1484 5062 procurator
1498 4975 1589 5040 nulla
1605 4980 1709 5041 rnaier
1723 4976 1773 5040 vel
1790 4978 1895 5040 minor

250 5100 390 5161 persona
412 5101 485 5142 erun
509 5077 632 5162 absque
654 5076 752 5161 legali
776 5077 896 5142 iudicio
926 5080 1105 5164 iuquietare
1135 5089 1191 5145 aut
1219 5079 1393 5145 molestare
1424 5089 1599 5164 presumat.
1644 5080 1677 5142 Si
1702 5079 1773 5163 quis
1796 5079 1896 5161 igitur

198 5201 232 5249 40
250 5183 343 5246 huius
366 5185 469 5247 nostri
493 5186 635 5267 precepti
659 5193 715 5248 aut
738 5182 931 5248 mundburdi
954 5181 1096 5247 violator
1117 5184 1273 5265 extiterit,
1308 5181 1480 5267 culpabilis
1512 5180 1636 5247 solvere
1664 5191 1801 5265 cogatur
1823 5184 1893 5245 auri

250 5287 363 5368 optimi
387 5284 487 5349 libras
511 5293 651 5367 eentum,
675 5285 881 5351 medietatem
903 5285 1099 5351 chamaere⁰
1120 5296 1231 5369 nostre
1254 5295 1286 5350 et
1307 5285 1514 5349 medietatem
1544 5286 1671 5370 prefato
1700 5284 1894 5349 Allcdram⁸

334 5522 392 5575 att.
421 5521 530 5590 [Siclrel]
618 5528 644 5585 a)
663 5523 724 5574 uter
741 5524 788 5574 der
805 5525 875 5575 Zeila
891 5524 1078 5590 0001901οῳ00
1164 5527 1192 5587 b)
1210 5523 1354 5577 AledTTA
1440 5523 1505 5585 011
1593 5526 1621 5587 (1)
1639 5524 1671 5587 Α,
1688 5541 1746 5576 oum
1759 5522 1894 5576 Sclrres'bor

419 5592 488 5642 wohl
505 5591 616 5643 00010000
639 5609 687 5642 000
713 5594 816 5644 debitas
920 5592 983 5658 e)A
1006 5601 1067 5643 01011
1090 5612 1122 5646 ac
1224 5595 1245 5653 1)
1265 5594 1301 5655 Α,
1324 5593 1470 5643 0001101011
1491 5594 1595 5644 subdite
1699 5597 1725 5660 g)
1746 5593 1893 5645 Alledrr'rrl

420 5663 446 5724 h)
464 5664 491 5710 in
511 5662 620 5711 diversis
639 5664 704 5712 locis
721 5662 782 5711 11100
799 5662 847 5711 der·
863 5662 932 5712 Zetlc
949 5663 1136 5729 nuchqutruyen
1239 5665 1259 5725 i)
1278 5662 1313 5727 A,
1335 5662 1547 5713 wabrsrbcs'uls‘ch
1564 5669 1625 5713 01011
1656 5665 1719 5712 item
1823 5663 1851 5724 k)
1870 5661 1893 5712 A

198 5729 232 5776 50
419 5736 480 5780 01011
498 5732 603 5780 obicere
699 5731 717 5792 l)
737 5730 760 5781 Α
778 5736 838 5781 01011
857 5732 1036 5782 inmobilibus.
