4298 6414
815 371 1269 429 KAISERURKUNDEN.

1026 654 1061 728 1.

222 808 382 883 Kourod
401 808 542 883 seltealtt
562 809 642 882 doru
660 807 800 882 Kloster
817 808 877 882 des
894 806 927 881 lt.
955 806 1147 905 Gerrulpcrt
1166 834 1212 881 za
1228 808 1396 882 Aasborlt
1415 809 1652 909 Besitzarrpeu
1673 837 1720 884 zu
1747 811 1872 886 Vicrct.

1295 933 1477 992 Forelrter'm
1500 937 1561 994 911
1586 934 1754 994 November
1778 938 1828 995 10.

328 1103 587 1180 Oriptnoldtptom
609 1103 652 1162 tm
674 1105 702 1165 t.
727 1104 943 1163 Retelrsarclrto
964 1122 1005 1163 ru
1026 1106 1182 1164 Maurico
1207 1103 1270 1184 (A).

324 1243 416 1302 Fries
439 1243 473 1300 ta
495 1242 644 1315 Ludcrotp
665 1243 789 1302 Wirtrb.
809 1242 1044 1304 Grsclrtebtsctr.
1062 1247 1124 1304 115
1143 1245 1207 1304 und
1222 1247 1285 1305 130
1299 1247 1374 1318 Rep.
1398 1280 1441 1288 -
1463 1245 1602 1304 Eettrart
1624 1245 1737 1305 Fruar.
1763 1247 1904 1306 orientt

324 1352 356 1419 2,
379 1350 443 1409 899
466 1353 501 1406 o⁰
524 1350 566 1407 26
589 1364 647 1406 aas
670 1347 699 1406 Α
722 1370 762 1399 =
787 1347 900 1407 Strebet
922 1349 1100 1408 Froueouia
1124 1349 1235 1410 illustr.
1255 1353 1319 1410 221
1342 1356 1377 1408 a⁰
1399 1354 1429 1419 7,
1453 1372 1494 1402 =
1517 1349 1734 1408 Felclreustrta
1750 1350 1872 1411 ltlr'trub.

332 1454 405 1514 Ura.
430 1454 470 1511 11
493 1458 528 1534 πῇ
550 1455 581 1510 6.
603 1485 645 1494 -
667 1450 955 1528 morasmoras,
980 1456 1041 1511 111
1058 1460 1093 1511 u⁰
1110 1457 1173 1514 102
1195 1455 1298 1517 ortsrl
1321 1478 1361 1506 =
1385 1451 1570 1514 BeluuerA.
1590 1452 1872 1514 00199191.-

325 1556 456 1615 Bbtmer
477 1557 552 1630 Rep.
577 1558 655 1629 Imp.
681 1560 710 1629 1,
733 1557 808 1630 tlep.
832 1558 911 1616 Kar.
937 1559 1030 1619 1233.

332 1695 467 1768 Versosst
489 1695 556 1755 aad
576 1694 771 1770 prsrtutebeu
792 1713 852 1754 oon
874 1696 933 1758 SA.

326 1883 385 1964 (C.)
408 1886 422 1969 tt
443 1882 483 1947 In
504 1881 634 1947 nominc
657 1890 791 1946 sanctae
814 1891 846 1946 et
867 1881 1056 1947 individuae
1078 1883 1243 1947 trinitatis.
1281 1880 1498 1947 Clurouradus
1522 1883 1633 1948 divina
1656 1884 1787 1949 favente
1809 1887 1872 1952 cle·
1891 1896 1922 1944 10

221 1990 343 2055 mentia
365 2011 434 2053 rcx.
517 1983 705 2070 Comperiat
728 1987 871 2050 omnium
892 1984 1037 2050 fidelium
1059 1996 1244 2052 nostrorum
1266 1988 1486 2072 praesentium
1504 1987 1629 2051 seilicct
1644 1996 1676 2051 et
1691 1988 1873 2056 futurorum

221 2092 392 2175 industria,
416 2091 493 2176 quia
508 2112 570 2154 nos
585 2097 703 2173 rogatu
717 2088 871 2154 Diotonis
893 2089 907 2170 ᾖ
928 2088 1125 2154 venerabilis
1148 2099 1181 2154 et
1203 2090 1313 2155 dilecti
1336 2092 1482 2176 episcopi
1505 2093 1608 2155 nostri
1628 2101 1742 2156 saneto
1760 2091 1873 2160 Gund-

221 2205 314 2283 pcrto
337 2194 516 2260 confessori
535 2190 656 2256 Christi
680 2192 840 2278 quasdam
862 2217 914 2258 res
937 2195 1016 2257 iuris
1038 2195 1141 2259 nostri
1164 2195 1197 2259 in
1220 2216 1306 2279 pago
1322 2193 1496 2258 Folchfc-ld
1518 2194 1605 2259 dicto
1630 2196 1720 2280 sitas,
1744 2197 1807 2263 hoe
1823 2210 1874 2264 cst

221 2302 256 2366 in
283 2300 441 2365 comitatu
463 2296 633 2362 cuiusdam
657 2297 785 2360 comitis
808 2299 860 2362 eui
882 2321 1001 2364 nomon
1023 2298 1137 2382 llessi,
1167 2299 1322 2385 quiequid
1350 2299 1383 2363 in
1406 2298 1478 2363 loco
1502 2299 1661 2365 Fihuriod
1682 2314 1872 2389 nuncupato

221 2404 266 2471 ad
287 2405 397 2489 regiae
421 2402 604 2466 serenitatis
627 2400 855 2466 arrctcritatem
877 2403 1038 2486 pertinere
1060 2402 1190 2467 videtur
1209 2425 1276 2467 una
1298 2425 1373 2466 erun
1388 2404 1527 2467 caeteris
1543 2402 1725 2469 Selavienis
1741 2407 1873 2491 oppidis
1893 2431 1922 2478 15

221 2508 299 2572 illue
328 2509 412 2572 iusto
441 2505 733 2591 conspicientibus,
764 2526 839 2569 cum
867 2505 1037 2570 curtilibus
1065 2508 1183 2571 vinetis
1212 2506 1370 2570 aedificiis
1398 2508 1571 2592 mancipiis
1600 2510 1694 2573 terris
1720 2510 1818 2575 cultis
1841 2522 1874 2578 et

135 2642 138 2646 “
221 2611 353 2677 incultis
369 2613 457 2696 agris
473 2611 576 2696 pratis
592 2610 718 2695 campis
742 2610 873 2694 pascuis
897 2608 988 2673 silvis
1011 2612 1105 2695 aquis
1127 2633 1352 2695 aquarumque
1376 2609 1567 2675 decursibus
1590 2611 1786 2677 molendinis
1808 2616 1873 2699 pis·

222 2716 406 2781 erationibus
428 2716 491 2779 viis
515 2724 547 2779 et
569 2716 665 2779 inviis
688 2713 831 2778 exitibus
854 2738 894 2778 ae
916 2714 1075 2779 reditibus
1098 2716 1255 2800 quaesitis
1278 2725 1310 2778 et
1328 2714 1528 2799 inquirendis
1545 2714 1760 2801 omnibusque
1775 2716 1873 2782 rebus

222 2820 350 2905 magnis
373 2828 405 2884 et
427 2821 538 2904 parvis
558 2819 602 2884 ad
617 2818 754 2884 eandem
770 2820 1003 2905 proprietatem
1025 2819 1109 2883 iuste
1131 2819 1338 2904 legitimeque
1361 2818 1607 2904 pertinentibus,
1631 2842 1690 2904 pro
1711 2830 1825 2886 nostra
1841 2831 1874 2886 ct

221 2933 466 2991 antecessorum
489 2932 684 3006 nostrorum,
707 2921 860 2987 videlicet
881 2944 994 3007 regum
1018 2944 1075 2986 seu
1091 2924 1333 3008 imporatorum,
1358 2924 1412 3008 pia
1428 2925 1784 2990 commemorationem
1801 2948 1871 3010 per-
1890 2946 1923 2993 20

221 3038 354 3117 petuam
376 3028 609 3114 proprietatem
633 3026 837 3092 donavimus.
873 3026 1033 3089 Iussimus
1056 3048 1185 3111 quoque
1207 3026 1269 3091 hoc
1292 3034 1503 3112 praeceptum
1527 3026 1601 3091 indc
1625 3028 1787 3093 conscribi
1814 3052 1874 3114 per

222 3133 310 3219 quod
338 3131 489 3197 volumus
517 3131 716 3216 firmiterque
743 3129 910 3212 iubemus,
942 3138 1101 3214 quatenus
1131 3130 1298 3215 praefatus
1321 3131 1371 3195 vir
1392 3128 1589 3193 venerabilis
1611 3130 1713 3195 Dicto
1740 3133 1873 3217 praesul

221 3238 392 3323 aegregius
422 3238 535 3321 suique
565 3257 771 3300 successoros
799 3233 898 3298 talem
928 3233 1002 3298 indo
1030 3233 1165 3298 ulterius
1187 3233 1332 3298 habeant
1354 3242 1550 3318 potestatem
1574 3235 1658 3298 sieut
1680 3246 1712 3300 et
1735 3236 1775 3301 de
1798 3237 1872 3302 aliis

220 3340 319 3406 rebus
341 3363 425 3427 quac
449 3340 591 3425 antiquis
614 3337 816 3424 temporibus
838 3336 882 3401 ad
898 3337 1059 3422 praedicti
1077 3339 1181 3403 sancti
1198 3337 1380 3423 Gundperti
1397 3337 1592 3403 coenobirun
1606 3340 1767 3424 portinere
1782 3340 1873 3405 vide·

220 3445 349 3510 bantur.
387 3444 432 3510 Et
460 3455 496 3508 ut
523 3443 585 3508 hoc
614 3443 796 3528 largitionis
824 3451 956 3506 nostras
979 3451 1190 3527 praeceptum
1213 3465 1233 3506 a
1254 3440 1344 3506 nullo
1368 3463 1522 3526 umquam
1546 3464 1735 3508 successore
1757 3454 1870 3510 nostro
1889 3463 1922 3513 ro

220 3548 361 3613 violetur
384 3570 441 3611 seu
462 3546 580 3612 violari
604 3554 846 3631 praesumatur,
882 3544 940 3609 sod
961 3544 1089 3610 finnrun
1112 3567 1151 3609 ac
1176 3545 1292 3610 stabile
1314 3568 1373 3631 pcr
1396 3546 1504 3609 omnia
1528 3546 1770 3611 succedentium
1793 3558 1873 3613 tem-

221 3674 337 3737 porum
361 3649 522 3714 curricula
550 3658 755 3735 permancat,
784 3670 883 3713 manu
906 3657 1018 3713 nostra
1042 3648 1156 3714 subtus
1179 3648 1260 3713 illud
1281 3649 1482 3714 firmavimus
1505 3649 1667 3735 anuloque
1689 3659 1802 3717 nostro
1825 3654 1873 3718 in-

223 3754 334 3839 signiri
358 3753 595 3839 praecepimus.
1790 3742 1794 3749 ⁵

323 3892 338 3975 ᾖ
359 3891 495 3976 Signum
518 3891 628 3956 domni
651 3889 839 3957 Ohuonradi
865 3891 954 3973 (MP.)
980 3892 1176 3956 serenissimi
1199 3889 1333 3977 regis}

323 3996 552 4097 {bdalfridus
585 4013 800 4079 cancellarius
833 4012 982 4078 advieem
1010 4013 1173 4079 Hathouis
1207 4014 1444 4101 archiepiscopi
1477 4018 1657 4102 summique
1685 4018 1871 4104 cappellani
1889 4033 1924 4082 30

221 4118 398 4201 recognovi
421 4125 453 4181 et
475 4113 489 4196 ἐξ
512 4118 590 4211 (SR.
604 4118 680 4198 NN.)
788 4119 845 4198 (SI.
871 4117 912 4197 1.)

323 4254 414 4319 Data
429 4272 493 4320 1111.
509 4255 553 4320 id.
566 4256 733 4321 novembr.
747 4279 832 4322 anno
849 4257 1082 4322 incarnationis
1098 4257 1220 4323 domini
1235 4273 1392 4341 Dccccxl,
1410 4257 1626 4324 indictionum
1641 4277 1698 4341 xv,
1714 4270 1871 4345 regnante

222 4359 368 4445 piissimo
391 4382 468 4444 rege
491 4357 688 4426 chuonrado
712 4378 843 4443 ann013
866 4371 976 4425 aetum
998 4361 1209 4444 Foraclreim3
1232 4363 1266 4427 in
1288 4359 1409 4426 Christi
1432 4364 1562 4427 nominc
1585 4363 1722 4428 feliciter
1743 4387 1849 4431 amen.

1031 4579 1066 4654 2.

219 4719 380 4794 Koarod
403 4720 544 4797 solie-obt
571 4721 651 4795 clere
676 4722 818 4797 Kloster
845 4720 883 4799 S.
912 4722 1042 4799 Gollea
1067 4724 1305 4823 Berttzuupea
1331 4725 1372 4797 io
1397 4723 1702 4825 Wunderlrliupeu
1732 4727 1870 4825 (Muui-
1889 4748 1922 4798 ss

222 4842 378 4941 chiragra).
1356 4880 1520 4941 Bootmoua
1543 4884 1753 4944 9121unuor
1776 4889 1827 4945 11.

327 5051 584 5166 Ortptaatctiplopr
606 5055 648 5112 im
672 5053 867 5128 Stiftsoreltto
887 5072 929 5114 ru
950 5055 981 5115 8.
1009 5052 1120 5115 Gullea
1144 5051 1209 5132 (A).

325 5189 396 5250 eoo.
413 5191 493 5250 trud.
512 5190 542 5252 S.
563 5191 648 5252 Galli
662 5195 724 5251 131
741 5199 777 5251 o⁰
792 5195 855 5252 711
873 5190 928 5272 (o).
951 5226 993 5237 —-
1015 5193 1161 5267 Herrpott
1179 5192 1305 5254 Geneol.
1320 5197 1352 5268 2,
1369 5198 1411 5255 66
1426 5200 1461 5254 a⁰
1476 5197 1538 5254 111
1554 5213 1612 5255 asts
1627 5195 1653 5254 Α
1673 5193 1714 5274 (b)
1734 5218 1772 5248 =
1790 5196 1870 5255 Boo-

325 5311 389 5352 ruer
411 5295 450 5355 A.
469 5294 560 5356 Oonr.
577 5299 598 5355 8
613 5303 647 5354 a⁰
660 5300 691 5359 2.
715 5331 758 5340 —
780 5297 921 5370 Neaport
945 5297 1007 5355 CD.
1031 5295 1129 5356 Aleos.
1155 5300 1184 5370 1,
1206 5296 1268 5358 559
1290 5305 1323 5355 n⁰
1340 5301 1413 5374 680,
1437 5301 1527 5359 Ectr.
1551 5317 1610 5359 aas
1633 5299 1680 5359 ab.
1704 5332 1747 5344 -
1768 5301 1869 5361 Wart-

324 5415 421 5457 mona
436 5400 466 5460 S.
487 5399 567 5460 Gall.
590 5400 656 5462 ΗΒ.
671 5404 703 5474 2,
719 5404 783 5461 366
798 5407 833 5459 12⁰
848 5402 910 5460 765
934 5418 992 5459 utts
1007 5399 1046 5459 A.
1070 5434 1112 5443 -
1134 5400 1268 5462 Bblrmer
1283 5404 1359 5477 Rea.
1379 5405 1455 5477 Imp.
1471 5406 1503 5475 2,
1527 5405 1602 5477 qu.
1622 5405 1699 5463 Kar.
1718 5407 1811 5468 1234.
1827 5440 1869 5449 -
1887 5423 1922 5471 40

325 5499 442 5559 Hidber
463 5503 538 5576 Περ.
563 5504 636 5565 963.

345 5670 368 5723 Ι.
396 5669 512 5738 [Sickell.
