4500 6420
238 434 304 500 dil)
830 443 1286 502 KAISERUBKUNDEN.

240 625 458 711 quorumlibet
479 625 668 690 animalium
691 625 844 709 pasturis,
869 625 924 710 qui
947 623 1076 688 bannus
1098 625 1282 688 continetur
1303 623 1353 687 bis
1376 622 1544 687 confiniis:
1568 645 1589 686 a
1603 621 1774 687 Iordannis
1792 623 1891 687 fonte
1970 644 1978 651 ·

238 750 343 814 usque
372 727 505 813 Stampe
534 738 567 792 et
595 750 616 792 a
643 727 734 791 fonte
765 729 819 812 qui
849 724 1020 791 Chenselle
1056 725 1175 790 dieitur
1206 747 1309 811 usque
1339 728 1494 790 verticem
1527 725 1648 790 montis
1680 726 1736 811 qui
1766 726 1893 790 dicitur

240 830 393 910 Strailes,
423 841 456 897 et
479 830 595 896 Grand
617 832 684 913 Ru,
716 829 965 894 decimationem
994 851 1122 916 quoque
1151 830 1251 892 totius
1274 828 1374 893 banni
1397 838 1464 893 tam
1487 828 1616 913 frugum
1639 851 1737 913 quarn
1759 831 1890 892 anima·

239 934 318 998 lium
341 956 415 998 cum
437 956 537 1000 censu
560 933 694 1019 capitali
716 933 884 997 hominum
907 934 1107 997 manentium
1131 954 1189 1017 per
1210 942 1312 996 totam
1335 931 1599 1015 Letharingiam,
1627 941 1695 996 tam
1717 930 1891 995 hominum

240 1037 374 1102 Eleonis
402 1038 590 1102 monasterii
619 1059 717 1122 quam
746 1036 962 1119 Stivagicnsis
992 1037 1226 1120 spectantium,
1258 1033 1437 1100 Sendronis
1459 1034 1539 1100 villa
1567 1057 1665 1120 quam
1694 1034 1783 1099 dedit
1805 1033 1926 1099 Seu-5

240 1141 341 1206 draus
370 1161 442 1204 cum
472 1141 687 1206 decimatione
716 1151 748 1203 et
777 1141 966 1224 mancipiis,
996 1148 1028 1201 et
1055 1138 1212 1203 allodium
1240 1159 1261 1201 a
1284 1138 1369 1203 vado
1392 1137 1550 1202 Mosellae
1574 1139 1628 1222 qui
1651 1137 1756 1202 vadus
1780 1136 1890 1202 sancti

241 1244 327 1308 Petri
357 1242 490 1326 dicitur,
521 1267 623 1329 usquc
653 1244 768 1308 silvam
797 1266 881 1329 quae
905 1243 1021 1307 Linuir
1049 1240 1182 1323 dieitur,
1212 1250 1245 1305 et
1273 1240 1359 1305 ultra
1381 1263 1534 1325 campum
1557 1243 1662 1304 sancti
1685 1239 1832 1320 Quintini
1854 1248 1891 1301 et

241 1346 399 1432 Starpes⁸
421 1357 453 1411 et
467 1347 638 1412 Mosellam
662 1369 735 1411 cum
759 1347 940 1432 piscatione
963 1367 1066 1430 usque
1082 1344 1213 1426 Tornai,
1238 1353 1270 1408 et
1292 1344 1449 1409 allodium
1464 1343 1601 1408 Vaberti
1625 1346 1686 1408 orti
1704 1365 1778 1407 cum
1796 1363 1889 1406 man·

241 1451 336 1534 cipiis
364 1458 397 1512 et
424 1450 548 1513 iustitia
576 1450 679 1534 ipsius
708 1448 824 1531 banni,
855 1458 888 1511 et
913 1446 1070 1511 allodium
1092 1447 1227 1511 Denuas
1250 1469 1323 1512 cum
1346 1448 1486 1512 ecclesia
1510 1449 1614 1512 sancti
1638 1447 1718 1533 Apri
1742 1455 1776 1511 et
1799 1447 1889 1510 omni

242 1553 467 1634 decimatione,
491 1575 565 1617 cum
588 1552 715 1618 duabus
740 1552 829 1617 silvis
852 1561 885 1615 et
907 1552 1079 1636 mancipiis
1103 1561 1136 1616 et
1158 1553 1282 1615 iustitia
1303 1550 1415 1631 banni,
1438 1562 1471 1615 et
1488 1551 1644 1617 allodium
1661 1551 1701 1616 de
1716 1550 1889 1614 Donceres
1911 1568 1948 1615 re

242 1679 317 1721 cum
345 1656 484 1721 eeclesia
514 1657 618 1721 sancti
641 1654 771 1739 Cyriaei
802 1666 834 1720 et
862 1657 1077 1722 decimatione
1106 1666 1139 1721 et
1166 1655 1294 1740 capella
1322 1655 1385 1720 sibi
1412 1655 1560 1720 subiecta
1583 1655 1623 1719 de
1646 1652 1833 1720 Saeleviller
1853 1661 1890 1715 et

242 1760 367 1824 iustitia
388 1757 499 1839 banni,
523 1760 555 1822 in
579 1758 708 1822 Alsatia
729 1757 903 1823 eeclesiam
926 1759 966 1823 de
982 1758 1179 1841 Singoleeim
1202 1782 1276 1823 cum
1299 1761 1386 1824 omni
1401 1760 1618 1825 decimatione
1635 1769 1667 1822 et
1682 1755 1839 1821 allodium
1854 1755 1891 1818 in

243 1885 306 1948 quo
330 1863 393 1925 sita
416 1869 466 1926 est
489 1860 602 1925 eadem
626 1860 776 1939 ecclesia,
801 1872 833 1925 et
856 1862 1093 1947 quinquaginta
1116 1861 1199 1926 duas
1221 1862 1326 1926 hubas
1349 1865 1382 1926 in
1406 1862 1521 1928 eodem
1550 1884 1636 1948 pago
1660 1870 1692 1925 et
1715 1859 1889 1924 eeclesiam

244 1974 378 2029 sanctae
400 1964 525 2028 Mariae
549 1964 589 2029 de
612 1963 750 2028 Mostrul
773 1986 847 2029 eum
871 1965 1086 2030 decimatione
1109 1964 1149 2029 de
1173 1964 1385 2048 Crotumvile,
1416 1976 1448 2030 et
1470 1964 1626 2030 allodium
1650 1965 1692 2028 de
1715 1961 1891 2028 luncheres

244 2090 318 2133 cum
340 2068 511 2152 mancipiis
541 2077 573 2132 et
601 2068 818 2133 decimatione
847 2079 879 2133 et
908 2070 1033 2134 iustitia
1054 2069 1165 2151 banni,
1189 2080 1221 2134 et
1244 2069 1400 2135 allodium
1423 2070 1682 2154 Dispargisingis
1706 2089 1780 2131 cum
1802 2065 1889 2130 deoi—
1913 2084 1946 2131 15

244 2174 389 2236 matione
410 2181 443 2235 et
469 2171 637 2256 praedium
668 2194 742 2237 cum
770 2175 942 2258 mancipiis
965 2172 1172 2257 Difarliuigis
1203 2196 1277 2238 cum
1301 2173 1535 2253 decimatione,
1564 2184 1596 2236 et
1618 2171 1790 2235 ecclesiam
1815 2191 1891 2234 cum

246 2274 380 2339 decimis
403 2274 443 2338 de
466 2274 596 2356 Falues,
627 2283 659 2338 et
682 2275 854 2340 ecclesiam
879 2279 981 2340 sancti
1006 2276 1176 2358 Andreae3
1206 2279 1240 2339 in
1262 2275 1313 2340 bis
1337 2276 1484 2340 ecclesiis
1507 2278 1557 2339 ius
1580 2283 1773 2360 patronatus
1794 2271 1891 2336 vobis

245 2376 454 2443 concedimus
478 2387 510 2443 et
532 2379 773 2443 confirmamus.
806 2380 850 2443 Et
872 2390 907 2444 ut
930 2379 1012 2444 haec
1036 2382 1145 2445 omnia
1168 2379 1356 2446 eorumdem
1378 2379 1611 2444 canonicorum
1629 2375 1822 2443 utilitatibus
1838 2375 1891 2439 vel

246 2483 272 2544 si
297 2501 379 2564 quae
402 2478 509 2544 adhuc
531 2479 762 2565 adquisierint,
798 2492 955 2569 perpetua
978 2483 1157 2548 stabilitate
1180 2483 1385 2569 possideant,
1419 2482 1482 2547 hoc
1506 2503 1662 2567 praesens
1686 2479 1890 2544 auctoritatis

246 2593 376 2649 nostrae
401 2592 611 2669 praeceptum
636 2582 789 2648 decrevit.
826 2585 923 2666 Quod
947 2589 973 2650 si
997 2586 1114 2673 aliquis
1138 2586 1213 2650 huic
1236 2589 1377 2672 paginae
1394 2595 1527 2649 nostrae
1543 2585 1753 2649 contraiverit
1768 2591 1825 2645 aut
1840 2603 1892 2644 res
1912 2598 1948 2644 ao

246 2688 405 2753 ecclcsiae
427 2687 586 2753 violenter
608 2687 778 2752 abstulerit
801 2712 858 2753 seu
881 2688 994 2754 ablata
1015 2691 1193 2771 retinuerit,
1217 2689 1306 2755 mille
1328 2689 1479 2753 marchas
1503 2688 1573 2753 auri
1595 2689 1704 2771 regiae
1728 2683 1892 2769 persolvat

247 2793 419 2872 maiestati,
444 2813 581 2877 quarum
597 2791 804 2855 marcharum
823 2794 1016 2877 quingentas
1033 2793 1247 2876 Stivagiensis
1270 2792 1409 2857 ecelesia
1432 2791 1561 2856 babeat.
1596 2792 1640 2855 Et
1663 2800 1697 2853 ut
1719 2789 1781 2853 hoe
1800 2810 1891 2873 prae-

247 2917 322 2960 sens
345 2896 551 2959 auctoritatis
573 2903 704 2959 nostrae
728 2905 939 2980 praeceptum
961 2895 1088 2960 firmum
1112 2906 1144 2959 et
1168 2895 1284 2960 stabile
1308 2904 1507 2981 permaneat,
1535 2893 1619 2957 hanc
1643 2890 1793 2957 cartamb
1816 2912 1892 2954 con-

248 2997 347 3062 scribi
368 2998 521 3062 iussimus
545 3007 578 3063 et
600 2997 697 3081 sigilli
720 3000 822 3062 nostri
846 3001 1059 3084 impressione
1083 2998 1197 3063 subtus
1220 2999 1430 3063 firmavimus.

351 3134 485 3217 Signum
509 3134 643 3199 domni⁶
665 3133 797 3199 Ottonis
820 3136 1026 3220 imperatoris
1050 3158 1175 3221 semper
1198 3138 1338 3220 augusti.
1911 3146 1946 3193 26

350 3236 526 3301 Lintilinus
549 3237 763 3303 cancellarius
786 3237 868 3302 edus
892 3238 1133 3303 Oombrimonis
1156 3238 1346 3324 capellanus
1369 3239 1570 3320 recognovit.

351 3373 441 3437 Data
455 3391 502 3438 1v.
519 3395 594 3439 non.
611 3376 691 3439 iunii
705 3396 792 3438 anno
809 3373 992 3440 dominicae
1007 3378 1243 3441 incarnationis
1262 3423 1398 3440 .......
1405 3426 1414 3458 ,
1437 3398 1523 3440 anno
1541 3392 1639 3437 xxvu
1655 3375 1745 3457 regni
1764 3371 1894 3437 Ottonis

249 3478 445 3541 serenissimi
468 3478 673 3562 imperatoris
697 3479 845 3561 augusti3
869 3488 979 3543 actum
1002 3477 1170 3544 Coloniae.

1029 3717 1117 3789 att.

986 3873 1162 3953 (Uacelrt.)
1912 3898 1947 3947 30

260 4003 341 4079 Otto
374 4007 520 4080 verleiltt
553 4008 623 4079 dee
656 4008 905 4081 Eiaeeolmere
935 4036 1007 4081 eoa
1033 4009 1393 4109 Nieder-Murebeey
1420 4011 1485 4083 des
1512 4011 1762 4083 Dortmueder
1788 4012 1895 4084 Reolet

252 4126 333 4196 used
356 4127 499 4225 versitpt
525 4128 607 4201 duas
633 4130 683 4201 sie
708 4156 782 4203 nair
808 4130 878 4202 dee
904 4130 1040 4203 Aebtee
1065 4156 1137 4203 eoa
1163 4130 1291 4205 Comei
1317 4132 1509 4203 rtatertlsun
1535 4133 1611 4205 aeia
1635 4134 1754 4205 sellem

1529 4254 1610 4314 Soest
1632 4259 1697 4316 962
1719 4256 1799 4314 Jam'
1821 4260 1850 4315 9.

358 4440 500 4499 bresma
520 4458 577 4499 aaa
599 4440 665 4498 dem
680 4440 805 4513 Ansanp
820 4442 869 4499 des
892 4446 943 4501 11.
961 4442 1012 4501 Jo.
1037 4444 1070 4499 in
1084 4441 1287 4513 Diplomsorm
1302 4443 1343 4499 im
1359 4443 1386 4499 lc.
1404 4442 1606 4502 Steutsorelrir
1619 4462 1659 4501 aa
1675 4445 1816 4503 Mitaster
1832 4443 1894 4521 (A).

356 4576 480 4636 Seluten
502 4577 581 4636 Ana.
606 4578 730 4637 Puderb.
755 4578 798 4636 cd.
820 4589 843 4649 1,
868 4584 898 4649 1,
921 4582 985 4638 308
1011 4598 1067 4637 aas
1091 4580 1118 4636 A
1141 4603 1180 4631 =
1205 4580 1307 4652 Jateip
1328 4580 1396 4638 RA.
1421 4584 1487 4649 18⁰,
1513 4585 1552 4639 79
1575 4588 1609 4638 e⁰
1631 4586 1682 4651 32,
1709 4606 1746 4634 =
1772 4582 1896 4642 Selioten
1915 4598 1948 4644 35

354 4679 434 4738 Arm.
460 4682 583 4741 Perierb.
608 4682 652 4740 ed.
673 4690 720 4753 11,
743 4687 773 4753 1,
796 4685 869 4749 210,
895 4704 934 4733 =
958 4683 1098 4740 Leibnita
1126 4682 1204 4740 aaa.
1229 4688 1259 4751 3,
1284 4688 1346 4742 110
1375 4684 1602 4758 aarollstriadip.
1633 4720 1676 4726 —-
1705 4686 1798 4743 Felice
1828 4685 1895 4744 Cod.

355 4783 433 4841 trud.
459 4782 541 4844 Cori.
566 4788 628 4844 514
651 4803 707 4843 aus
729 4784 767 4843 A.
792 4818 832 4826 —
857 4785 985 4857 Wiuand
1003 4785 1103 4843 Geseli.
1128 4804 1183 4844 een
1202 4784 1310 4859 Cerrey
1334 4785 1461 4863 (liberter
1475 4786 1570 4865 1819)
1593 4783 1636 4858 ll,
1659 4792 1721 4848 221
1745 4794 1817 4847 72⁰3
1840 4806 1896 4847 uras

356 4885 392 4943 A.
416 4919 458 4929 -
481 4886 612 4946 seruere
634 4886 738 4959 Westf.
761 4888 824 4948 UB.
848 4893 878 4957 1,
902 4894 943 4946 13
965 4894 998 4946 πθ
1021 4895 1059 4947 11
1085 4907 1141 4946 aras
1164 4887 1201 4947 A.
1225 4924 1268 4932 -
1290 4890 1435 4950 Wilmuras
1458 4891 1561 4962 Westf.
1587 4892 1656 4951 ΚΕ.
1680 4895 1711 4961 2,
1736 4896 1774 4949 81
1800 4900 1833 4948 22⁰
1855 4896 1896 4949 85

354 5005 411 5045 oue
433 4987 471 5046 Α.
496 5022 538 5033 -
561 4989 691 5063 Stuenps
708 4992 780 5063 Req.
805 4994 878 5049 308.

359 5124 490 5197 Obyleiele
507 5125 614 5196 fritlrer
628 5127 655 5183 A
671 5127 715 5185 ala
732 5127 789 5185 dea
807 5133 949 5187 ‹iusseren
964 5129 1149 5187 Merlenalen
1171 5130 1245 5188 neele
1268 5131 1477 5203 unsaramma
1500 5132 1648 5202 defundere
1664 5133 1772 5201 warde,
1797 5132 1898 5190 leurdo
1914 5146 1950 5193 40

357 5229 409 5287 das
432 5230 472 5289 D.
497 5230 576 5301 decli,
601 5248 633 5289 so
654 5250 680 5288 a.
698 5232 735 5289 B.
760 5248 815 5289 oon
837 5233 960 5290 Erlrerd
984 5234 1051 5305 ltep.
1069 5238 1141 5304 589,
1165 5234 1210 5291 uls
1232 5235 1337 5292 ancelii
1359 5233 1530 5305 rerreorsea.
1564 5235 1648 5293 Auel
1673 5236 1780 5293 Fictor
1802 5237 1896 5293 Beitr.

356 5335 386 5400 2,
411 5337 474 5391 142
492 5334 613 5405 pleubte
635 5334 765 5392 dusselbe
786 5335 866 5391 niclet
889 5340 983 5393 rcttca
1003 5355 1043 5393 au
1066 5337 1189 5396 luanus.
1224 5338 1324 5395 Elaea
1341 5338 1449 5396 Gourid
1464 5339 1545 5405 etrele·
1561 5355 1589 5395 es
1604 5357 1643 5395 aa
1666 5337 1826 5408 eerwerfea
1848 5340 1897 5396 leet

357 5435 452 5505 Folta,
477 5437 542 5494 dem
564 5437 645 5495 <daeo
666 5438 802 5510 Philippi
824 5439 1014 5511 beiqestimmt
1037 5441 1096 5510 liet,
1120 5440 1265 5499 auerteret.-
1288 5458 1320 5498 cr
1337 5441 1620 5511 erlcoantear'bnlicle
1638 5443 1670 5498 ia
1685 5442 1712 5497 A
1729 5444 1793 5498 eine
1808 5445 1897 5499 aiem·

343 5619 401 5674 ⁴⁴³.
429 5620 615 5689 {lleinemannl
722 5626 748 5683 a)
768 5624 873 5688 Slarpes
892 5625 918 5674 B
1026 5626 1053 5687 b)
1074 5632 1100 5675 et
1117 5653 1150 5662 —
1168 5630 1267 5674 cartam
1288 5624 1350 5686 ΒΟ,
1382 5627 1432 5675 lroc
1456 5586 1580 5691 praesens
1605 5629 1769 5678 arreroriraris
1794 5586 1898 5677 nostrae

428 5692 643 5759 praereptumA
752 5693 777 5751 el
790 5693 860 5756 saliit
877 5696 905 5743 ia
923 5692 953 5743 A.
1454 5708 1457 5715 ’
1512 5709 1529 5715 ·’
1545 5708 1561 5715 ··
1596 5706 1622 5715 ··
1674 5710 1679 5715 ·
1917 5689 1951 5737 45
