4500 6420
917 475 1042 533 ΟΤΤΟ
1064 476 1089 533 Ι.
1113 470 1185 530 966.
1809 465 1872 530 437

228 682 338 726 muros
364 660 558 723 Treuericae
590 657 679 722 urbis
708 659 742 721 in
768 656 896 721 Horrea
925 658 960 720 in
988 655 1112 720 honore
1142 664 1275 720 sanctae
1305 655 1356 720 dci
1385 656 1551 740 genitricis
1582 678 1709 741 semper
1735 657 1872 739 virginis

227 763 351 827 Mariae
375 771 612 844 constructam,
644 782 727 846 quac
755 760 913 824 hactenus
937 760 970 822 in
992 760 1042 822 ins
1065 767 1098 822 et
1120 760 1352 844 proprietatem
1375 768 1507 825 nostrae
1528 763 1638 845 regiae
1659 759 1712 825 vel
1735 761 1871 845 impera·

227 869 330 931 toriae
353 866 520 950 dignitatis
542 865 594 930 vel
618 874 862 930 antecessorum
884 871 1087 943 nostrorum,
1114 859 1118 943 Ι
1143 882 1256 944 regum
1285 861 1408 926 scilicet
1436 872 1493 927 aut
1520 866 1769 948 imperatorum,
1801 885 1871 948 per-

227 970 327 1033 tinere
350 967 537 1045 videbatur,
572 990 647 1033 cum
677 966 827 1033 omuibus
855 964 1052 1050 appenditiis
1074 963 1126 1028 vel
1156 965 1389 1049 cuiuscumque
1411 965 1500 1029 modi
1521 964 1716 1030 utilitatibus
1740 987 1870 1050 quoquo

193 1069 373 1134 olocorum
395 1069 447 1134 vel
471 1070 713 1155 provinciarum
736 1077 793 1133 aut
816 1071 1028 1133 comitatuum
1050 1067 1104 1131 vel
1132 1068 1300 1153 acquisitis
1328 1066 1381 1132 vel
1410 1067 1619 1153 adquirendis
1649 1067 1745 1133 beato
1775 1069 1870 1134 Petro

228 1173 452 1259 apostolorum
474 1174 613 1258 principi
636 1174 668 1236 in
692 1183 885 1258 perpetuum
907 1175 957 1238 ius
985 1170 988 1256 l
1013 1182 1046 1236 et
1068 1172 1300 1257 proprietatem
1325 1169 1399 1253 [ald
1423 1170 1623 1236 aecclesiam·
1640 1181 1773 1236 sanctae
1795 1172 1871 1236 Tre·

228 1280 354 1341 uerieae
382 1275 490 1359 [sedis]
520 1277 684 1362 propriam
714 1274 867 1361 deinceps
897 1285 929 1339 et
951 1273 1193 1361 append[ie]em
1216 1273 1392 1339 liberaliter
1416 1274 1600 1339 obtulimus.
1635 1276 1773 1360 Hocque
1796 1298 1870 1340 con·
1972 1366 1975 1370 Ι

228 1380 392 1444 cambium
415 1381 575 1465 utrimque
597 1400 663 1443 non
686 1380 820 1462 partim,
857 1377 914 1443 scd
937 1401 980 1442 ex
1002 1387 1070 1442 toto
1094 1386 1126 1441 et
1148 1380 1275 1460 integro
1298 1377 1367 1442 fieri
1391 1377 1592 1443 decrevimus
1621 1388 1666 1460 et,
1698 1378 1872 1443 traditione

228 1505 286 1568 pcr
307 1505 422 1547 manus
444 1481 689 1564 advocatorum,
712 1483 815 1546 nostri
839 1481 963 1546 scilicet
981 1480 986 1563 Ι
1006 1490 1038 1545 et
1061 1479 1230 1565 [praedicti
1247 1479 1509 1566 archiepiscopil,
1535 1480 1756 1567 sollempniter
1772 1482 1870 1564 facta,

179 1607 210 1652 10
231 1583 303 1667 [hoc
326 1595 438 1650 nostro
463 1594 637 1669 praecepto
662 1584 942 1666 confirmavimus,
977 1605 1015 1647 ea
1038 1583 1191 1648 videlieet
1218 1586 1345 1647 ratione
1366 1592 1402 1648 ut
1425 1584 1519 1668 sicut]
1543 1583 1739 1650 venerabilis
1768 1584 1871 1649 archi-

228 1690 401 1774 episcopus
432 1690 545 1773 suique
574 1708 778 1751 successores
809 1709 848 1750 ea
879 1708 961 1772 quae
991 1685 1244 1771 praelibavimus
1273 1694 1405 1750 teneant
1427 1695 1459 1750 et
1481 1687 1672 1772 possideant
1694 1697 1726 1752 ct
1748 1688 1814 1751 suis
1837 1696 1873 1751 ut

228 1791 358 1857 libuerit
381 1790 493 1856 usibus
516 1789 712 1873 adiungant,
736 1811 796 1854 nos
819 1811 947 1874 quoque
974 1786 978 1874 Ι
1007 1788 1219 1875 [praedictam
1243 1789 1411 1855 abbatiam
1433 1790 1510 1855 almi
1533 1792 1730 1855 confessoris
1753 1789 1873 1855 Christi

228 1894 367 1959 Seruatii
390 1894 540 1958 Traiecto
564 1895 597 1957 in
620 1896 692 1979 ripa
711 1893 803 1977 Mose
825 1893 968 1956 fluminis
992 1894 1088 1957 sitam
1111 1892 1234 1977 absque
1257 1895 1402 1958 omnium
1422 1893 1604 1977 hominlum
1626 1893 1776 1958 molestia
1798 1915 1872 1958 cum

229 1997 378 2092 omnibus
407 1997 605 2083 appenditiis
635 1995 871 2082 possideamus.
916 1997 960 2060 Et
981 2006 1018 2060 ut
1039 1995 1101 2060 hoc
1124 1995 1354 2061 concambium
1376 1998 1520 2082 utrisque
1544 1997 1690 2082 partibus
1713 1997 1815 2060 lixum
1841 2005 1874 2060 ot

180 2114 209 2159 15
227 2099 381 2165 inmobile
404 2110 604 2186 permaneat,
624 2098 629 2182 Ι
652 2097 787 2182 [cartam
810 2099 895 2163 hanc
918 2097 1080 2163 conscribi
1104 2107 1136 2162 et
1158 2099 1247 2164 anuli
1269 2101 1372 2164 nostri
1395 2101 1609 2184 impressione
1632 2102 1753 2184 signari
1779 2101 1871 2164 iussi·

227 2228 309 2288 mus,
334 2226 431 2291 quam
454 2214 486 2270 et
508 2227 606 2270 manu
629 2206 763 2290 propria
786 2204 898 2269 subtus
920 2203 1144 2286 firmavimus]

1620 2307 1677 2386 (si.
1693 2307 1768 2388 n.)0
1789 2307 1871 2388 (sa.)

1008 2492 1094 2566 323.

237 2650 317 2727 Otto
338 2651 498 2749 bestdtiqt
514 2650 579 2722 der
596 2648 881 2744 Morienlcopcllc
906 2648 946 2720 in
971 2649 1035 2721 der
1052 2650 1241 2724 Aocbeucr
1258 2649 1366 2748 Pfclz
1389 2649 1447 2722 die
1466 2650 1646 2723 darselben
1662 2675 1734 2722 oon
1751 2653 1873 2724 scinco

178 2804 212 2851 20
239 2771 474 2870 Vorpdaperrs
499 2770 760 2869 sapewicseoca
785 2767 996 2867 Eiulcttrp‘tc.
1337 2788 1510 2861 Ntmwepcn
1532 2791 1595 2849 966
1616 2789 1755 2849 Fcbmar
1778 2793 1828 2849 16.

331 2979 424 3038 moer
440 2979 520 3051 prin
546 2977 577 3038 s.
601 2977 723 3036 Manae
744 2976 893 3050 aquea-a
915 2994 971 3035 aas
994 2976 1060 3034 aem
1082 2976 1169 3035 mae
1191 2976 1240 3037 aes
1263 2981 1313 3037 12.
1336 2976 1390 3036 Jl.
1414 2978 1438 3048 i.
1463 2975 1492 3036 1'
1520 2979 1554 3036 a
1582 2978 1635 3036 aer
1656 2978 1683 3038 a.
1708 2978 1874 3038 Bibliotses
1929 2951 1931 2955 ’

330 3101 370 3140 ro
392 3081 499 3140 Berlin
521 3078 581 3159 (A).
604 3115 648 3123 -
671 3077 849 3153 Copialbucb
871 3097 928 3139 aas
950 3080 1002 3139 dcr
1024 3084 1120 3140 cratae
1135 3079 1241 3152 Hdlstc
1262 3082 1312 3140 des
1335 3085 1386 3141 13.
1403 3081 1455 3141 Js.
1480 3080 1504 3152 f.
1520 3079 1550 3140 1'
1573 3083 1615 3139 im
1631 3081 1819 3142 Stcdtarclrio
1832 3101 1874 3141 so

329 3187 451 3246 Aeeten
473 3183 533 3264 (Β).

332 3325 411 3400 Quia
435 3321 496 3382 01).
520 3320 650 3396 Apatna.
675 3328 705 3392 1,
729 3326 749 3382 9
771 3328 806 3379 a⁰
828 3327 870 3383 13
899 3339 955 3382 aas
984 3322 1021 3380 Β.
1052 3356 1095 3364 -
1123 3322 1292 3381 Locomblet
1317 3322 1524 3382 Nicderrhcia.
1549 3323 1613 3383 ΠΒ.
1637 3328 1666 3394 1,
1692 3325 1731 3382 64
1754 3329 1788 3381 πθ
1810 3327 1874 3384 108

332 3444 387 3484 eus
411 3426 440 3484 B
463 3449 502 3477 =
527 3426 650 3485 Wolters
672 3426 741 3485 Not.
765 3426 832 3485 laist.
857 3444 912 3486 sor
933 3425 1090 3486 Rcclchcim
1114 3427 1175 3486 125
1198 3430 1232 3483 πθ
1254 3429 1285 3486 3.
1312 3459 1354 3468 -
1382 3425 1510 3500 Stamps
1528 3426 1601 3500 Rep.
1626 3430 1697 3486 400.
1725 3459 1767 3469 -
1794 3426 1874 3486 θῦνε

332 3531 526 3589 Mittelrbeia.
550 3531 621 3604 aas.
646 3534 740 3590 1011.

334 3668 529 3728 Uamittelbor
549 3668 625 3727 acels
644 3665 708 3727 VU.
733 3667 858 3739 Amolfs
880 3666 1020 3746 (Bdtmcr
1041 3670 1111 3729 RK.
1136 3668 1232 3747 1042)
1253 3671 1455 3744 pmchmcbem
1489 3669 1560 3727 doct
1588 3670 1627 3727 ist
1653 3668 1701 3727 dic
1725 3668 1800 3727 Zulsl
1822 3668 1875 3727 der

332 3774 532 3846 crnpmetcaen
557 3771 626 3831 Ortc
647 3789 700 3830 am
721 3773 821 3830 sieten
841 3773 984 3830 vennetrt
1008 3773 1134 3832 wadon.

436 3957 475 4021 In
496 3956 627 4022 nomine
651 3965 763 4021 sancte
785 3965 817 4019 et
838 3955 1004 4021 individue
1027 3957 1189 4022 trinitatis.
1235 3955 1314 4021 Otto
1338 3956 1448 4023 divina
1468 3959 1599 4024 favente
1622 3958 1794 4025 clementia
1815 3961 1872 4023 irn-

180 4090 212 4135 30
231 4070 361 4144 perator
390 4070 556 4144 augustus·
658 4074 724 4124 Cum
752 4075 897 4138 peticiones
927 4073 1093 4123 sacerdotum
1122 4074 1164 4124 dci
1193 4080 1219 4124 st
1241 4054 1391 4124 sanctarum
1414 4079 1648 4141 congregationum
1671 4077 1873 4127 rationabilibus

231 4178 313 4227 divini
338 4179 425 4229 cultus
447 4195 535 4229 amore
558 4180 685 4239 favemus,
709 4193 823 4242 superna
846 4193 894 4227 nos
916 4179 1002 4242 gratia
1024 4178 1120 4227 muniri
1143 4194 1196 4228 nou
1214 4176 1366 4228 diffidimus.
1400 4179 1532 4240 Quocirca
1547 4181 1684 4244 perveniat
1698 4181 1732 4229 ad
1747 4181 1872 4230 noticiam

231 4285 346 4332 ‹rrnrrium
370 4283 487 4332 fidelium
510 4283 552 4333 dei
576 4287 777 4346 nostrorumque
800 4281 961 4346 presentium
984 4281 1085 4331 scilicet
1114 4286 1140 4330 et
1167 4282 1315 4331 futurorum
1344 4283 1556 4346 universitatem,
1578 4284 1692 4349 qualiter
1715 4283 1874 4333 venerabilis

231 4391 321 4450 saricrq
344 4370 580 4454 Magnnticnsis
603 4386 714 4452 ecclesis
737 4385 960 4449 archiepiscopus,
983 4369 1134 4433 videlicet
1157 4379 1267 4433 noster
1285 4369 1421 4435 dilectus
1437 4370 1522 4435 lilius
1538 4371 1732 4454 Willelmus,
1755 4392 1872 4436 nostram

231 4489 296 4537 adiit
318 4488 484 4538 clementiam
506 4490 655 4554 obtulitque
678 4491 815 4538 obtutibus
838 4489 934 4538 nostris
957 4488 1088 4553 quandam
1112 4490 1297 4538 auctoritatem
1318 4490 1346 4538 in
1368 4505 1421 4555 qua
1447 4496 1503 4540 crat
1531 4492 1712 4553 manifestum,
1742 4490 1873 4556 quomodo

180 4605 213 4651 35
231 4586 419 4642 antecessor
448 4598 536 4642 noster
563 4593 707 4643 Lotbarius
736 4608 781 4641 rer
812 4608 896 4642 nonas
924 4598 1012 4657 partes
1034 4593 1151 4641 omnium
1174 4608 1260 4642 rerum
1283 4592 1315 4643 de
1338 4596 1358 4640 L
1381 4593 1466 4656 villis,
1495 4594 1523 4642 id
1545 4599 1586 4643 est
1607 4594 1639 4644 dc
1657 4594 1741 4660 Aquis
1762 4595 1872 4658 palatio,

232 4696 358 4756 Geminis,
373 4697 488 4755 Marsua,
505 4696 663 4758 Vuaracbte,
681 4696 805 4759 Linnilca,
821 4690 983 4761 Niurnagal,
1007 4695 1106 4757 Harna,
1129 4695 1234 4758 alnaldo,
1258 4696 1357 4759 Bailus,
1380 4681 1549 4760 Reicbeimb,
1573 4698 1670 4759 Tectis,
1693 4697 1874 4761 Spirisrnonte,

232 4800 384 4861 llaristalio,
414 4800 535 4864 ioppilla,
564 4800 692 4861 ristancit,
722 4800 860 4862 Glauiacc,
890 4800 1019 4864 Curango,
1048 4798 1226 4861 Vuatermala
1257 4800 1408 4863 Nouauilla,
1437 4785 1605 4867 BlaniaCO,
1635 4801 1737 4862 Trnrba,
1769 4802 1874 4861 Coruin,

232 4888 337 4969 Linal,
366 4898 528 4964 Amblaua0,
558 4888 655 4970 Bler,
686 4904 884 4966 Waldsnninas,
914 4886 1094 4969 Blendofia,
1125 4902 1256 4967 Bullinge,
1285 4886 1427 4969 Heldun,
1456 4903 1632 4966 Mauderuelt,
1661 4887 1775 4969 Lizau,
1799 4902 1874 4952 Conr-

231 5005 336 5068 peudio,
365 4989 509 5072 Satanal,
540 5006 622 5068 Dura,
652 5005 759 5065 Villam,
790 5006 943 5069 Ascbwilra
973 5006 1107 5068 Flattuna,
1138 5006 1339 5070 Moulontburp,
1369 5006 1572 5070 Lenspalisiolc,
1600 5007 1674 5069 Vrio,
1706 5005 1873 5070 Casapetrea,

181 5120 214 5164 stt
233 5093 433 5170 (fairrinriacol,
464 5110 643 5171 Gammunias,
673 5109 831 5174 Longulam,
861 5110 1009 5171 Caniniaio,
1039 5108 1178 5173 Maslapio,
1208 5103 1362 5170 Cloduna⁰‚
1390 5108 1541 5169 Ambarlao,
1572 5109 1698 5157 Bastonio
1729 5114 1755 5158 st
1784 5108 1873 5169 Ortac,

233 5214 307 5263 daret
335 5214 445 5264 ecclesie
475 5219 564 5263 sarrcte
593 5213 635 5264 dei
662 5215 798 5279 genitricis
824 5229 926 5277 semper
949 5213 1058 5278 virginis
1081 5213 1172 5273 Maris,
1203 5206 1453 5276 kapellc'videlicet
1475 5226 1526 5276 que
1548 5216 1589 5260 est
1610 5212 1637 5259 in
1660 5210 1743 5275 Aquis
1766 5211 1874 5275 palatio,

231 5317 396 5380 qualiterque
426 5312 611 5365 antecessor
638 5322 728 5365 noster
756 5317 871 5365 Karolns
899 5317 959 5380 pius
989 5318 1118 5380 arigustus
1146 5315 1179 5363 ob
1206 5319 1322 5364 eternam
1345 5315 1582 5363 roinuuerationom
1605 5315 1691 5363 anime
1713 5329 1761 5363 svrs
1783 5313 1873 5362 villum

233 5419 398 5467 Rastonicarn
423 5418 506 5467 eidonr
529 5420 673 5482 prescripta
695 5417 800 5482 kapelle
823 5421 985 5482 contulisset,
1009 5419 1165 5483 deprecatus
1188 5417 1354 5467 clementiam
1377 5422 1492 5467 nostram
1515 5416 1649 5481 predictus
1672 5411 1783 5466 noster
1805 5417 1873 5466 scili-

317 5571 376 5625 ³22.
403 5575 426 5636 c)
442 5571 511 5622 aaclr
528 5572 586 5623 dem
603 5573 726 5624 Atdrroelc
743 5575 795 5637 aas
805 5575 863 5624 dem
881 5574 1033 5641 Perpomcnt
1051 5575 1090 5626 sl.
1109 5578 1133 5626 b.

181 5677 213 5724 45
318 5674 377 5728 32³.
405 5673 513 5743 [Sickcl]
610 5679 635 5740 a)
651 5678 783 5743 Nuimaga
800 5677 826 5727 B
922 5678 950 5737 b)
969 5678 1003 5742 B,
1022 5675 1184 5728 ReiheimA
1279 5682 1302 5741 c)
1322 5678 1452 5729 Amhlava
1470 5677 1521 5728 AB
1617 5678 1645 5740 d)
1663 5678 1830 5729 Caluintioco
1848 5676 1875 5726 B

404 5750 429 5805 o)
448 5745 572 5796 Elodima
590 5745 647 5811 AB,
665 5747 801 5798 oerdmml
818 5746 886 5797 acolt
904 5746 956 5799 VU·
