4500 6420
929 461 1054 521 ΟΤΤΟ
1076 465 1100 521 1.
1125 462 1197 520 967.
1824 461 1889 527 459

242 641 363 708 ibidem
386 660 498 709 eontulit
520 676 545 709 s.
590 661 703 725 Insuper
724 666 751 711 et
773 678 814 711 res
837 662 870 712 de
893 662 990 727 quibus
1012 646 1108 712 Perlo
1132 662 1216 712 abbas
1238 663 1413 712 instrumenta
1435 668 1567 713 cartarum
1590 666 1633 730 pie)
1661 667 1785 732 memorie
1811 651 1886 737 Plp·

242 749 311 835 pini
333 762 449 814 ostendit
470 779 517 828 per
539 780 591 830 que
613 764 716 815 nobiles
738 765 789 814 viri
812 771 838 815 et
860 766 957 832 femine
980 766 1064 817 eidem
1087 768 1246 817 monasterio
1269 767 1390 817 sollemni
1414 750 1586 816 devotione
1605 768 1782 831 contulerunt,
1805 770 1888 821 idest

242 884 284 918 res
307 867 411 917 Sturaci
434 875 460 917 et
482 867 554 917 Petri
576 866 624 917 tilii
647 869 704 918 eius
727 873 753 918 et
775 884 816 918 res
836 868 906 918 Celsi
929 876 956 920 et
977 871 1067 919 uxoris
1090 861 1166 929 [eius]
1190 875 1216 919 et
1236 885 1279 919 res
1301 869 1469 919 Zabennenis
1492 874 1519 919 et
1541 871 1631 920 ureris
1654 872 1724 934 eius,
1752 888 1793 922 res
1814 872 1888 923 Petri

243 971 332 1037 clerici
362 971 394 1022 de
423 971 575 1031 Camerino,
609 954 660 1022 res¹
679 966 807 1021 Arialdi¹
833 973 972 1036 presbiteri
1000 979 1026 1022 et
1048 973 1146 1022 sororis
1168 973 1239 1033 eius,
1274 987 1316 1022 res
1338 972 1456 1021 Asilonis
1478 973 1617 1036 presbiteri
1641 981 1667 1023 et
1688 975 1817 1039 Alprandi
1839 976 1888 1025 tilii

209 1074 225 1120 b
245 1076 357 1140 Sicipori
380 1080 406 1125 et
427 1091 469 1125 res
491 1076 622 1125 Astemari
645 1080 671 1125 et
692 1075 820 1125 Iohannis
836 1082 862 1125 et
876 1075 991 1126 Teudini
1013 1075 1132 1137 fratrum,
1155 1091 1197 1125 res
1213 1075 1333 1125 Grisenis
1349 1074 1487 1140 Speletani
1502 1083 1528 1127 et
1543 1073 1714 1128 Scammari5
1735 1079 1783 1128 filii
1799 1079 1887 1130 Scam-

245 1180 325 1244 perti,
348 1195 390 1229 res
412 1173 497 1228 Ursiz
519 1184 545 1228 et
567 1180 658 1228 uxoris
680 1180 738 1228 eius
762 1184 788 1228 et
809 1180 930 1242 Luponis
953 1184 979 1229 et
1000 1179 1109 1228 atterisi
1137 1179 1248 1228 fratrum
1271 1184 1297 1229 et
1319 1195 1360 1229 res
1383 1179 1562 1230 Teudimundi
1591 1183 1694 1246 nepotis
1717 1199 1822 1245 eonnn,
1846 1200 1888 1234 res

245 1283 352 1334 Scatolli
371 1290 397 1334 et
412 1284 538 1349 Formosq
561 1284 651 1332 uxoris
674 1285 731 1333 eius
755 1290 782 1333 et
803 1283 929 1332 Iohannis
951 1282 999 1332 filii
1023 1284 1080 1334 eius
1102 1298 1169 1348 qum
1191 1282 1236 1333 ille
1259 1299 1306 1347 per
1328 1283 1444 1333 cartulas
1468 1267 1642 1334 oblationis
1666 1302 1713 1336 seu
1736 1287 1887 1338 donationis

245 1387 279 1436 nd
301 1387 370 1436 idem
393 1386 505 1435 contulit
527 1387 715 1436 monasterium
737 1402 765 1449 a,
789 1401 830 1435 res
853 1371 967 1452 Eufimie
990 1386 1087 1452 ancille
1110 1386 1152 1435 dei
1174 1385 1266 1451 relicte
1288 1386 1420 1450 quondam
1439 1387 1574 1451 Lamperti
1597 1380 1629 1436 et
1650 1404 1692 1439 res
1709 1391 1797 1440 Mauri
1815 1406 1886 1455 pres·

246 1493 322 1541 elteri
351 1492 476 1556 Firmane
504 1491 632 1553 civitatis,
665 1496 717 1538 res
746 1473 950 1560 Theophanii
979 1475 1107 1540 comitis
1136 1483 1168 1539 et
1196 1475 1336 1558 Patrieiq
1371 1476 1520 1558 coniugis
1554 1477 1638 1557 eius,
1672 1498 1732 1540 nec
1759 1499 1825 1542 non
1856 1490 1889 1544 et

196 1593 226 1638 re
244 1580 453 1644 Rauennenis
482 1589 514 1643 et
542 1578 745 1664 Theophanii
775 1588 807 1641 et
827 1578 1009 1662 Raziperge
1032 1578 1145 1642 uxoris
1169 1580 1253 1659 eius,
1285 1609 1326 1643 res
1355 1592 1484 1642 Hetaerice
1512 1595 1594 1657 patris
1619 1593 1727 1643 aidulfi
1749 1590 1781 1644 et
1803 1581 1887 1645 Zan-

245 1685 355 1768 grenis
385 1693 417 1746 et
444 1681 593 1764 Probati,
631 1683 761 1746 Picenis
791 1693 823 1747 et
850 1681 1010 1746 Grimaldi
1039 1681 1189 1763 fratrum,
1227 1703 1279 1744 res
1311 1703 1439 1767 quoque
1467 1681 1554 1745 Petri
1584 1681 1624 1745 de
1653 1682 1802 1767 Fumone
1831 1683 1889 1748 filii

244 1786 443 1871 Redepaldi,
481 1808 533 1850 res
562 1785 732 1850 cuiusdam
763 1784 924 1869 Guinigisi
953 1783 1046 1849 ducis
1073 1783 1125 1848 vel
1156 1783 1340 1869 Maineindq
1373 1807 1454 1870 quas
1487 1786 1560 1870 ipsa
1589 1782 1678 1850 dedit
1707 1787 1740 1850 in
1769 1786 1889 1851 finibus

243 1889 461 1955 Balbenslbus
495 1898 527 1953 et
559 1890 763 1953 Furconlnis
808 1904 861 1955 Res
893 1920 956 1954 vere
990 1919 1080 1954 omnes
1115 1905 1237 1968 superius
1271 1905 1433 1969 conscriptas
1467 1920 1527 1953 cum
1561 1905 1683 1954 omnibus
1711 1905 1745 1954 ad
1774 1922 1801 1956 se
1831 1922 1888 1971 per·

243 2011 389 2060 tinentibns
417 2009 460 2059 vel
494 2010 684 2073 aspicientibus
712 2009 855 2058 mobilibus
883 2010 939 2058 sive
968 2008 1149 2058 immobilibus
1177 2025 1206 2068 a,
1240 2009 1309 2057 sicut
1337 2023 1382 2057 eas
1409 2008 1504 2072 prefati
1533 2009 1652 2058 homines
1687 1993 1765 2058 olim
1799 2026 1888 2073 pesse-

196 2116 226 2162 lo
245 2115 340 2164 derunt
362 2120 389 2164 et
409 2130 457 2179 per
478 2115 654 2163 instrumenta
676 2098 861 2163 donationis
884 2118 996 2160 eorum
1025 2116 1197 2162 memoratum
1221 2110 1372 2160 venerabile
1401 2112 1589 2160 monasterium
1618 2099 1720 2160 lenuit
1741 2096 1793 2161 vel
1816 2120 1889 2183 pos·

245 2202 343 2285 sedit,
380 2211 411 2265 Ol
441 2219 510 2267 sicut
532 2218 654 2281 superius
677 2216 775 2266 dictum
799 2222 839 2266 est
861 2221 900 2262 ea
924 2221 985 2284 qut}
1009 2230 1041 2264 ex
1063 2213 1250 2264 munificentiis
1272 2229 1364 2279 regum
1388 2215 1591 2279 reginarumque
1614 2213 1768 2278 pontificum
1791 2216 1888 2267 ducum

243 2320 439 2386 gastaldionum
467 2320 511 2371 vel
538 2336 571 2369 ex
599 2319 703 2369 cellatis
731 2319 823 2383 populi
852 2320 908 2367 sive
938 2322 1085 2383 ceterorum
1114 2316 1232 2367 fidelium
1259 2316 1381 2383 largitate
1408 2317 1451 2367 vel
1479 2319 1558 2367 etiam
1581 2319 1771 2369 monachornm
1792 2322 1838 2385 qui
1860 2323 1888 2370 iu

245 2424 313 2474 idem
342 2424 528 2474 monasterium
557 2438 619 2472 suas
647 2423 748 2471 animas
776 2421 879 2471 salvare
908 2422 1045 2485 cupientes
1071 2423 1238 2470 intraverunt
1259 2437 1289 2482 r,
1323 2419 1422 2470 ibidem
1445 2437 1460 2468 a
1483 2420 1605 2486 delegata
1628 2415 1703 2470 sunt
1725 2416 1822 2493 atque
1845 2431 1887 2473 ex

246 2514 397 2598 preterito
422 2531 448 2576 et
470 2527 595 2575 moderno
618 2531 734 2589 tempore
757 2531 834 2594 stjpe
858 2525 957 2574 dictum
980 2525 1167 2574 monasterium
1194 2523 1328 2588 possidere
1350 2522 1468 2583 videtur,
1503 2539 1563 2572 eum
1591 2526 1757 2573 monasteriis
1786 2526 1889 2577 cellulis

193 2630 226 2677 ‘20
244 2631 415 2681 xerrodoclriie
444 2629 563 2694 ecclesiis
592 2628 711 2677 curtibus
740 2627 811 2676 villis
839 2627 928 2676 lundis
949 2627 993 2677 vel
1016 2626 1149 2675 casalibus
1171 2626 1292 2690 piscariis
1314 2642 1374 2675 cum
1397 2627 1574 2690 piscatoribus
1597 2628 1652 2676 suis
1675 2630 1758 2677 servis
1785 2630 1888 2680 aucillis

245 2734 382 2784 libellariis
404 2733 540 2783 cartulatis
562 2731 661 2782 offertis
685 2731 847 2796 opilionibus
869 2730 975 2796 gualdis
996 2729 1171 2792 molendinis,
1206 2729 1255 2777 sub
1280 2731 1351 2779 omui
1378 2731 1530 2795 integritate
1552 2730 1585 2779 ad
1608 2717 1715 2801 ipsum
1737 2733 1888 2784 venerabile

245 2839 432 2888 monasterium
454 2837 551 2887 nostris
573 2837 722 2901 futurisque
744 2836 908 2900 temporibus
931 2818 1116 2884 omnimodo
1141 2832 1333 2884 confirmamus.
1377 2832 1557 2898 Precipisntes
1580 2849 1641 2900 ergo
1664 2836 1786 2885 iubemus
1809 2842 1887 2901 atque

244 2959 291 3007 per
312 2943 380 2991 hanc
402 2947 491 3007 nostre
514 2941 679 2990 auctoritatis
701 2939 925 2990 confirmationem
948 2939 1089 3001 sancimus,
1112 2939 1182 2987 sicut
1204 2939 1231 2986 in
1254 2920 1391 2986 allorum
1410 2932 1622 3004 augustorum
1641 2934 1673 2988 (tl
1691 2945 1803 3008 regum
1826 2956 1887 2989 cen·

245 3047 342 3094 tinctor
370 3045 515 3109 preceptis,
549 3048 579 3093 ut
605 3043 695 3092 nullus
722 3042 841 3107 pontifex
870 3043 1010 3107 episcopus
1039 3047 1087 3090 aut
1108 3040 1191 3090 abbas
1215 3040 1268 3090 dux
1290 3040 1438 3105 gastaldius
1462 3042 1623 3090 actionarius
1645 3058 1692 3092 seu
1715 3043 1828 3108 quilibet
1849 3045 1888 3093 rei

194 3152 226 3200 ‘26
244 3149 352 3214 publice
374 3152 529 3212 procurator
551 3163 567 3194 r
588 3150 733 3196 memorato
755 3130 894 3195 Iohanni
916 3143 1061 3195 venerabili
1084 3145 1175 3194 abbati
1197 3144 1240 3194 vel
1263 3145 1460 3194 successoribus
1483 3146 1540 3194 eins
1563 3147 1618 3194 sive
1641 3147 1781 3211 agentibus
1804 3148 1887 3211 ipsius

244 3253 396 3302 monasterii
427 3251 459 3300 de
488 3250 609 3299 omnibus
638 3251 718 3299 rebus
747 3251 868 3314 superius
898 3249 1039 3298 nominatis
1068 3248 1110 3297 vel
1139 3249 1172 3298 de
1201 3248 1241 3297 his
1269 3264 1320 3315 quq
1349 3249 1383 3298 ad
1412 3265 1457 3299 eos
1486 3251 1619 3314 pertinent
1641 3257 1667 3301 ot
1689 3267 1740 3317 quq
1763 3252 1887 3317 deinceps

246 3355 337 3404 ‹liviaa
360 3355 488 3419 largiente
511 3354 598 3418 gratia
620 3351 718 3401 ibidem
740 3353 838 3402 fuerint
861 3353 1018 3416 condonata,
1041 3351 1124 3402 ullam
1146 3352 1304 3402 calumniam
1328 3358 1375 3402 aut
1396 3355 1522 3402 iniustam
1544 3354 1740 3405 infestationem
1762 3357 1849 3406 facere
1871 3373 1888 3404 e

244 3459 299 3508 ullo
329 3473 453 3522 umquam
482 3463 599 3521 tempore
626 3462 776 3521 presumat,
811 3456 857 3506 sed
885 3456 964 3507 liceat
993 3456 1078 3506 eidem
1106 3456 1225 3520 predicto
1253 3457 1344 3506 abbati
1367 3457 1617 3522 successoribusque
1640 3459 1694 3507 suis
1717 3457 1822 3507 easdem
1845 3475 1887 3508 res

244 3564 334 3626 quiete
357 3561 449 3611 ordine
471 3566 560 3610 tenere
583 3566 610 3609 et
630 3560 773 3623 possidere.
814 3560 978 3626 Prqeipimus
1001 3563 1080 3611 etiam
1102 3568 1139 3623 ut,
1163 3562 1185 3609 si
1208 3562 1267 3626 quis
1290 3563 1428 3612 temerario
1452 3577 1517 3610 ausu
1542 3578 1632 3613 servos
1654 3569 1680 3612 et
1701 3564 1812 3613 ancillas
1834 3565 1887 3614 iam

194 3650 322 3714 eudicti
346 3667 498 3715 monasterii
521 3666 618 3714 iniuste
642 3665 762 3715 occidero
784 3667 986 3731 presumpserit,
1010 3667 1162 3715 emunitatis
1184 3671 1272 3730 nostre
1295 3666 1373 3714 sicuti
1397 3664 1429 3714 de
1452 3667 1546 3730 ceteris
1569 3667 1648 3716 rebus
1671 3673 1781 3732 cogatur
1803 3667 1887 3718 ensel-

245 3785 305 3817 vere
329 3783 464 3816 sruumam.
510 3767 636 3817 Similiter
658 3769 779 3817 iubemus
802 3775 881 3833 atcpre
904 3770 1064 3833 precipimus
1086 3774 1116 3817 ut
1138 3768 1227 3817 nullus
1250 3784 1295 3818 eos
1319 3768 1351 3817 de
1373 3769 1584 3834 quibuscumque
1606 3770 1686 3819 rebus
1708 3771 1764 3820 sine
1785 3771 1887 3834 publici

244 3871 316 3920 rualli
342 3870 543 3934 compellatione
572 3870 714 3936 dispoliare
742 3871 785 3920 vel
814 3872 847 3921 de
874 3873 954 3921 rebus
984 3873 1136 3921 monasterii
1166 3872 1329 3921 iuvasionem
1359 3871 1446 3920 facere
1474 3875 1615 3935 presumat.
1653 3872 1708 3921 Nec
1731 3888 1783 3921 nen
1807 3877 1832 3922 et
1855 3873 1887 3923 de

245 3976 367 4023 erunibus
390 3974 521 4022 arnmaliis
544 3975 696 4024 monasterii
719 3976 746 4022 iu
768 3973 866 4024 finibus
889 3976 1001 4025 (leucatas
1024 3975 1160 4040 Spoletani
1184 3977 1221 4023 ita
1243 3973 1382 4024 definImus
1404 3980 1484 4038 atque
1506 3975 1642 4037 iubemus,
1672 3981 1702 4023 ut
1729 3976 1756 4023 in
1779 3976 1886 4039 pascuis

245 4079 358 4142 publicis
382 4080 451 4128 citrini
475 4085 591 4141 ternpore
615 4078 729 4128 debeant
751 4079 873 4142 pabulari
896 4080 937 4129 vel
961 4081 1065 4141 nutriri,
1089 4081 1145 4129 sive
1169 4078 1214 4128 illa
1232 4096 1248 4126 r
1266 4079 1322 4127 sive
1344 4077 1480 4126 hominnm
1502 4061 1588 4126 illius
1607 4064 1805 4145 m0naslerll,
1830 4079 1886 4129 sine

193 4182 225 4228 35
245 4184 314 4231 omni
338 4181 444 4231 datione
466 4181 641 4247 gastaldatico
664 4184 778 4247 escatico
801 4184 936 4233 herbatico
960 4184 1001 4233 vel
1024 4183 1184 4248 glandatico,
1208 4188 1233 4231 et
1255 4180 1356 4230 nullam
1381 4179 1527 4230 molestiam
1551 4197 1636 4246 neque
1657 4183 1684 4230 in
1703 4186 1783 4245 ponte
1800 4197 1886 4246 neque

243 4287 270 4334 in
294 4287 338 4334 via
359 4301 444 4349 neque
466 4285 493 4333 iu
516 4285 701 4349 (piraticamque
724 4285 783 4334 loce
805 4287 949 4349 patiantur,
972 4286 1018 4336 sed
1041 4301 1143 4349 semper
1164 4284 1267 4333 illibata
1284 4301 1301 4332 a
1318 4284 1454 4333 ambulent
1477 4285 1522 4332 ubi
1546 4284 1655 4348 publica
1676 4283 1803 4333 animalia
1825 4301 1885 4334 cou-

244 4396 319 4438 sueta
342 4394 403 4437 sunt
426 4387 554 4452 pabulari.
589 4387 765 4438 Concedimus
787 4404 892 4453 quoque
915 4389 1035 4438 similiter
1057 4389 1145 4438 omnia
1167 4389 1318 4438 communia
1340 4401 1447 4451 pascua,
1470 4387 1520 4435 lroc
1544 4392 1583 4436 est
1600 4386 1737 4451 figvaidas,
1760 4391 1790 4435 nt
1808 4389 1885 4437 sicuti

244 4494 281 4542 illi
305 4494 424 4542 homines
450 4495 495 4557 qni
518 4508 559 4541 res
582 4508 643 4542 siras
666 4493 768 4557 pretato
792 4494 950 4543 monasterio
973 4492 1102 4543 dederunt
1124 4498 1151 4543 et
1173 4508 1218 4542 eas
1240 4507 1287 4556 per
1315 4490 1419 4540 diversa
1449 4481 1616 4549 [habuerunt]
1645 4491 1718 4551 loca,
1753 4492 1790 4539 ita
1812 4491 1886 4540 nullo

244 4597 440 4646 contradicente
463 4611 507 4645 eas
529 4611 591 4660 pars
617 4597 768 4645 monasterii
798 4602 887 4647 teneat
914 4603 941 4646 et
968 4595 1103 4661 possideat
1130 4596 1233 4645 laboret
1262 4601 1288 4645 et
1317 4600 1453 4655 exerceat,
1468 4594 1651 4658 'ubicumque
1681 4599 1781 4657 partem
1812 4609 1886 4643 sumn

192 4707 226 4752 te
244 4702 396 4765 cognoverit
418 4701 492 4749 iuxta
514 4699 584 4764 qued
608 4701 645 4749 eis
661 4716 676 4747 e
692 4700 758 4749 utile
780 4701 867 4762 fuerit,
891 4707 916 4749 et
939 4700 1018 4750 liceat
1040 4699 1093 4748 illis
1115 4701 1248 4763 propriam
1271 4704 1366 4748 terram
1389 4697 1541 4747 monasterii
1564 4699 1634 4745 omni
1658 4702 1775 4761 temporo
1798 4697 1886 4746 ‹leten-

244 4804 305 4853 dc1·e
329 4810 407 4868 atque
431 4805 561 4867 integrare
584 4808 637 4851 tam
662 4804 688 4851 iu
710 4803 792 4852 Reate
815 4804 842 4852 in
864 4804 924 4853 loco
947 4805 991 4869 qui
1015 4803 1112 4853 dicitur
1134 4802 1231 4867 Liugla
1253 4808 1279 4852 et
1301 4801 1495 4864 Quintilianum
1518 4805 1544 4849 et
1566 4802 1593 4848 in
1615 4800 1751 4849 Amiterno
1774 4801 1801 4849 iu
1827 4799 1885 4849 leco

244 4910 288 4972 qui
312 4901 446 4956 vocatura
469 4888 644 4955 Lauriauusb
666 4921 797 4971 quamque
820 4912 845 4957 et
868 4908 896 4956 in
919 4909 1046 4957 comitatu
1069 4907 1194 4956 Firmano
1217 4921 1265 4956 seu
1287 4907 1315 4954 iu
1336 4906 1499 4971 quilmalibet
1523 4904 1631 4968 reliquis
1653 4903 1735 4964 locis,
1765 4902 1807 4952 vel
1831 4904 1886 4951 ani-

244 5011 323 5060 malia
346 5025 436 5059 eorum
458 5009 492 5058 ad
515 5008 695 5073 pabulandum
718 5011 821 5059 mittere
844 5012 943 5076 absque
967 5009 1110 5061 cuiuslibet
1132 5025 1243 5076 persone
1265 5009 1307 5059 vel
1330 5011 1469 5074 potestatis
1492 5009 1685 5059 contrarietate.
1725 5007 1837 5071 Insuper
1860 5013 1887 5057 et

244 5116 331 5163 ‹rrruria
353 5129 404 5178 quq
427 5130 442 5160 s
465 5129 539 5178 reges
557 5113 807 5179 Langobardorum,
832 5114 858 5165 id
881 5119 921 5164 est
942 5113 1123 5178 Liutprandus
1145 5120 1172 5165 et
1193 5113 1358 5174 llaistulius,
1381 5114 1507 5178 Ratgisus
1530 5128 1560 5162 ac
1583 5111 1738 5161 Desiderius
1761 5126 1809 5159 nco
1832 5126 1886 5159 iren

191 5225 223 5270 45
242 5226 267 5268 ct
290 5218 370 5267 dames
419 5218 475 5265 sive
499 5223 560 5284 quq
584 5217 627 5281 pic
650 5219 774 5282 memorie
796 5203 1007 5288 imperatores
1031 5219 1137 5282 augusti
1160 5234 1207 5282 per
1230 5224 1289 5267 sua
1311 5223 1437 5282 precepta
1459 5203 1521 5286 lpsl
1553 5214 1697 5265 venerabili
1727 5216 1886 5263 monasterie

242 5329 349 5387 propter
371 5337 485 5370 aruorcm
504 5337 520 5367 a
538 5319 579 5368 dei
603 5326 629 5369 et
651 5320 750 5369 domini
773 5323 855 5370 nostri
878 5322 939 5370 Iesu
956 5321 1052 5370 Christi
1077 5326 1103 5370 et
1125 5326 1216 5386 sancte
1238 5327 1317 5386 atique
1340 5322 1494 5386 intemerate
1516 5319 1651 5385 genitricis
1673 5304 1741 5366 eius
1764 5319 1792 5366 iu
1810 5319 1886 5367 cuius

244 5427 348 5474 murtiae
370 5442 386 5471 a
409 5423 558 5473 dedicatum
582 5439 638 5473 esse
662 5425 830 5488 cognoscitur
852 5441 881 5487 a,
905 5431 1093 5475 concesseruut
1115 5431 1141 5474 et
1163 5423 1398 5481 coadunaverunt,
1421 5440 1468 5488 per
1491 5424 1540 5473 lroc
1563 5428 1691 5493 quoquo
1714 5427 1803 5487 nestrq
1825 5438 1886 5471 auc·

243 5531 357 5580 toritatis
385 5533 537 5592 preceptum
559 5545 575 5576 a
598 5526 782 5578 continuamus
811 5534 890 5593 atque
918 5527 1094 5579 concedimus.
1138 5529 1174 5578 Et
1196 5528 1302 5593 quando
1328 5527 1434 5591 (pridem
1464 5526 1554 5576 divina
1583 5527 1722 5575 vocatione
1751 5524 1885 5588 predictus

328 5685 385 5738 8³7.
414 5688 439 5745 x)
459 5683 569 5734 Arrraldi
592 5683 675 5735 Vidi
775 5686 803 5750 y)
826 5683 882 5734 VU.
899 5694 922 5748 l,
951 5685 1072 5735 Scamma
1096 5685 1121 5734 B
1229 5685 1252 5748 a)
1275 5686 1334 5734 Arsi
1357 5683 1439 5734 Vtar
1546 5682 1572 5744 a)
1591 5683 1725 5733 Amiterno
1750 5682 1795 5732 ubi
1820 5681 1886 5731 dici·

190 5756 223 5803 50
414 5751 499 5804 turC
604 5755 632 5815 b)
653 5754 684 5814 0,
713 5756 849 5804 Lauriam‘r
867 5754 900 5804 B.

1623 5836 1682 5901 58*
