4298 6414
229 430 293 496 638
829 432 1237 492 KAISERURKUNDE
1273 471 1280 486 .

332 616 468 699 Signum
491 613 601 680 domni
626 613 756 679 Ottonis
781 614 846 693 (M.)
869 614 1076 697 imperatoris
1103 611 1301 676 serenissimi
1324 611 1468 694 augusti.

331 720 445 784 Petrus
467 717 682 784 cancellarius
705 717 853 781 advicem
869 716 1008 781 Huberti
1031 716 1179 800 episcopi
1202 725 1235 779 et
1256 712 1541 780 archicanzellarii
1564 713 1737 796 recognovi
1752 714 1850 777 etsub-

230 825 379 908 scripsi.⁰

330 958 420 1022 Data
443 973 530 1020 v1111.
560 955 627 1020 kal.
656 956 785 1039 augusti
814 977 900 1019 anne
930 954 1092 1020 dominico
1120 955 1354 1019 incarnationis
1384 967 1615 1032 Dccccaxxn,
1648 951 1766 1035 imperii
1790 973 1850 1015 voro

230 1059 339 1124 domni
363 1059 494 1124 Ottonis
509 1077 557 1140 111,
580 1056 758 1122 indictione
773 1075 837 1139 (νς
860 1067 969 1123 aetum
992 1056 1171 1123 Mediolani
1194 1058 1227 1121 in
1250 1055 1449 1122 monasterio
1474 1057 1582 1120 saneti
1605 1052 1775 1118 Ambrosii.
1864 1076 1875 1119 s

1007 1294 1095 1368 466.

826 1454 926 1533 (Eebt,
948 1455 1050 1526 pelen
1071 1468 1123 1511 eor
1143 1451 1211 1512 Do.
1232 1449 1275 1527 1.)

237 1588 317 1664 Otto
334 1591 410 1687 pibt
427 1589 497 1662 deo
515 1589 677 1662 Nesaea
693 1614 766 1661 eeu
783 1587 1037 1686 Aluan-Eprio
1064 1587 1122 1661 die
1149 1585 1335 1660 demelbeu
1356 1584 1636 1659 widevreclttliclt
1663 1597 1855 1681 antepones

228 1709 284 1808 clf
303 1709 430 1808 Hefeo
457 1710 498 1782 io
524 1708 658 1782 Villius
684 1707 826 1783 relect
1432 1726 1555 1785 Aeeten
1577 1727 1641 1786 936
1664 1724 1778 1798 Aeque
1798 1728 1824 1784 8.

334 1916 561 1992 Quadruplique
571 1933 653 1989 pour
666 1916 729 1974 Mn
746 1915 781 1974 de
795 1914 872 1974 Bors
888 1919 916 1974 et
931 1915 966 1974 dc
983 1914 1134 1975 Stoelcbem
1151 1919 1249 1974 cesare
1263 1915 1327 1972 Mn
1343 1914 1384 1974 les
1398 1916 1654 1988 boureucmos'tres
1672 1917 1700 1972 et
1720 1915 1858 1986 moeiaret
1875 1930 1897 1975 lo

331 2020 366 2077 de
389 2020 419 2076 la
440 2019 507 2078 cille
529 2020 564 2078 de
586 2019 742 2094 Moeseyclt
766 2016 862 2096 (1754
878 2035 901 2077 s.
919 2016 951 2094 l.)
976 2019 1017 2077 56
1038 2022 1109 2077 n⁰3
1132 2034 1188 2077 aas
1210 2017 1378 2076 vidiminer
1392 2015 1548 2088 Absetrift
1570 2034 1636 2076 uem
1659 2015 1790 2076 [1754
1809 2013 1860 2092 (Al

330 2155 442 2215 Diotirt
462 2173 519 2213 een
539 2156 651 2216 Simon.

433 2341 471 2405 In
494 2343 625 2405 nominc
641 2351 801 2405 sanctae⁸
823 2349 854 2404 et
876 2340 1062 2405 individuae
1085 2341 1248 2406 trinitatis.
1287 2338 1392 2406 Ottol
1414 2340 1528 2406 divina
1549 2341 1684 2406 favente
1702 2341 1864 2406 elementia

227 2470 296 2511 rex.
382 2446 540 2511 Novar-int
568 2466 681 2509 omues
709 2442 823 2509 fideles
851 2446 952 2509 nostri
982 2455 1170 2530 praesentes
1200 2444 1326 2509 scilieet
1353 2455 1385 2508 et
1411 2445 1512 2509 futuri
1520 2494 1528 2525 ,
1559 2445 1637 2528 quia
1667 2465 1729 2509 nos
1758 2456 1864 2528 rogatu

228 2547 403 2615 Gisalberti
428 2548 537 2612 dilecti
561 2546 652 2611 ducis
675 2547 778 2611 nostri
802 2546 845 2610 ad
867 2548 1098 2611 monasterium
1122 2547 1210 2633 quod
1233 2556 1284 2613 est
1305 2549 1339 2611 in
1361 2545 1434 2612 loco
1460 2548 1515 2632 qui
1538 2546 1661 2612 dicitur
1684 2547 1810 2631 Eycka,
1835 2550 1863 2611 iu
1880 2568 1903 2613 u

226 2651 382 2717 honorem
407 2661 539 2717 sanctae
569 2649 620 2713 dei
648 2652 815 2733 genitricis
838 2671 1029 2735 semperque
1052 2651 1186 2735 virginis
1209 2650 1334 2715 Mariae
1365 2660 1397 2714 et
1420 2648 1592 2714 beatarum
1615 2651 1779 2734 virginum
1800 2649 1864 2715 Rei·

227 2753 312 2818 nilae
346 2766 378 2819 et
412 2752 578 2819 Herlindis
611 2761 857 2818 constructumc
891 2773 930 2815 ac
962 2751 1146 2818 dedicatum
1178 2757 1298 2819 sanctis
1330 2751 1526 2818 monialibus
1555 2753 1590 2816 in
1618 2751 1676 2817 illo
1711 2751 1805 2836 digne
1830 2775 1865 2816 ae

226 2855 342 2922 devote
366 2856 499 2923 domino
521 2854 757 2920 famulantibus
780 2855 823 2919 ad
846 2877 958 2919 earum
980 2857 1102 2919 vietum
1125 2865 1158 2919 et
1173 2857 1328 2920 vestitum
1351 2855 1393 2920 ob
1417 2855 1469 2919 dci
1491 2876 1638 2920 amorem
1662 2866 1866 2941 nostramque

225 2969 390 3025 aeternam
421 2961 714 3025 remunerationem
742 2960 776 3022 in
797 2957 878 3022 villa
900 2957 1024 3023 Villius
1051 2957 1143 3023 dicta
1171 2957 1277 3022 hobas
1301 2975 1339 3021 xl
1362 2979 1446 3043 quae
1474 2960 1541 3023 iam
1563 2968 1662 3023 antea
1686 2960 1804 3023 iniusto
1823 2958 1866 3022 eis

225 3063 354 3128 fuerant
376 3062 505 3144 ablata,
541 3084 615 3126 cum
639 3082 800 3125 consensu
823 3070 855 3124 et
877 3061 1085 3145 praecatione
1107 3057 1186 3125 ...d
1215 3060 1361 3125 eiusdem
1388 3061 1480 3125 ducis
1503 3060 1621 3126 vasalli
1646 3063 1759 3147 quiin
1782 3084 1865 3147 prae·
1881 3082 1908 3126 ao

227 3167 309 3230 senti
332 3176 478 3251 tempore
500 3164 581 3230 illud
603 3167 836 3231 monasterium
859 3167 893 3230 in
915 3165 1073 3229 beneficio
1097 3164 1226 3229 videtur
1247 3163 1385 3247 habere,
1416 3187 1492 3230 cum
1514 3163 1688 3230 curtilibus
1717 3164 1867 3230 aedificiis

227 3269 358 3334 familiis
388 3280 420 3333 et
450 3270 620 3354 mancipiis
652 3267 724 3332 aliis
755 3269 848 3332 terris
876 3267 972 3332 cultis
1001 3276 1033 3331 et
1060 3267 1193 3332 incultis
1221 3269 1308 3351 agris
1339 3270 1442 3351 pratis
1470 3269 1597 3351 campis
1625 3269 1760 3352 pascuis
1783 3267 1868 3332 silvis

224 3375 318 3458 aquis
340 3393 562 3458 aquarumque
586 3370 778 3436 decursibus
794 3371 857 3434 viis
879 3380 911 3434 et
933 3371 1028 3433 inviis
1048 3369 1189 3435 exitibus
1213 3381 1245 3435 et
1267 3369 1424 3435 reditibus
1441 3372 1597 3456 quaesitis
1616 3379 1649 3436 et
1671 3370 1868 3457 inquirendis

225 3474 439 3560 omnibusque
461 3474 559 3538 rebus
581 3475 709 3557 magnis
733 3483 765 3538 et
789 3474 898 3558 parvis
923 3472 966 3536 ad
989 3472 1155 3557 praefatas
1179 3490 1216 3536 xl
1238 3472 1345 3538 hobas
1367 3475 1428 3537 rite
1455 3472 1711 3558 pertinentibus,
1742 3475 1775 3538 in
1803 3496 1867 3558 per

224 3587 357 3662 petuam
390 3578 622 3662 proprietatem
656 3574 860 3640 donavimus.
905 3575 1062 3641 Iussimus
1097 3599 1226 3662 quoque
1259 3575 1322 3640 hoe
1355 3585 1567 3660 pracceptum
1595 3574 1673 3640 inde
1697 3574 1867 3655 conscribi,
1883 3596 1911 3640 as

224 3681 357 3744 firmiter
391 3681 627 3765 praecipientes
657 3689 816 3763 quatenus
845 3688 1043 3743 memoratae
1073 3690 1206 3744 sanetae
1240 3678 1397 3743 moniales
1432 3677 1529 3742 talem
1559 3676 1696 3742 ulterius
1730 3679 1870 3743 habeant

225 3794 419 3869 potestatem
450 3784 513 3848 (16Β
543 3782 718 3868 praedietis
746 3782 860 3863 rebus,
895 3784 928 3845 in
955 3793 1042 3846 terra
1071 3781 1194 3846 scihcet
1225 3781 1327 3846 salica
1356 3792 1388 3845 et
1418 3781 1568 3845 omnibus
1597 3803 1684 3866 quae
1719 3781 1785 3847 diei
1817 3794 1870 3846 aut

224 3888 384 3952 nominari
407 3896 545 3971 possunt
568 3885 779 3970 appenditiis,
805 3884 957 3970 qualems
984 3896 1016 3950 et
1044 3885 1084 3949 de
1111 3884 1183 3949 aliis
1212 3884 1293 3949 locis
1324 3907 1407 3970 quae
1437 3883 1478 3947 ab
1502 3884 1646 3969 antiquis
1669 3886 1869 3970 temporibus

223 3991 266 4054 ad
289 3990 415 4054 illarum
444 3988 609 4076 peculiare
638 3986 834 4052 videbantur
862 3990 1032 4073 pertinere.
1077 3989 1121 4052 Et
1150 3998 1185 4052 ut
1212 3987 1276 4052 hoc
1299 3997 1509 4072 pracceptum
1532 3987 1664 4052 firmum
1688 3987 1870 4074 stabileque

223 4104 420 4175 permaneat,
444 4114 542 4156 manu
558 4101 671 4156 nostra
688 4090 801 4156 subtus
824 4090 905 4154 illud
921 4091 1120 4155 firmavimus
1138 4091 1325 4176 annuloque
1341 4100 1452 4155 nostre
1467 4092 1615 4174 insigniri
1633 4095 1868 4178 praecepimus.
1884 4109 1913 4153 :so

326 4227 460 4312 Signum
485 4227 594 4293 domni
619 4225 774 4292 Ottonisb
799 4228 863 4307 (M.)
892 4227 1088 4292 serenissimi
1111 4228 1207 4310 regis.

327 4332 440 4396 Simon
464 4334 610 4396 notarius
634 4331 783 4395 advicem
807 4329 1012 4394 Ruodbertis
1035 4329 1313 4394 archicancellarii
1336 4331 1522 4414 recognovi.
1804 4335 1870 4411 (SI.)

324 4469 413 4533 Data
437 4487 481 4533 vn
504 4468 549 4533 id.
572 4491 646 4553 aug.
670 4491 755 4533 anno
779 4469 1014 4532 incarnationis
1038 4467 1160 4532 domini
1185 4482 1440 4548 cccccxxxvn,
1464 4465 1642 4533 indictione
1666 4485 1762 4551 vnn,
1786 4491 1869 4532 anno

221 4583 329 4635 autem
361 4569 518 4635 Ottonisb
546 4571 680 4655 gloriosi
710 4573 795 4655 regis
824 4588 852 4651 13
882 4581 992 4634 actum
1020 4569 1220 4656 Aquisgrani
1250 4570 1390 4655 palati03
1424 4572 1457 4635 in
1486 4568 1607 4635 Christi
1640 4573 1776 4637 nomine
1803 4573 1870 4638 feli·

221 4677 301 4738 citer
325 4696 429 4739 amen.
1886 4708 1916 4752 35

308 4843 367 4897 tot.
395 4847 419 4909 e)
437 4847 580 4912 recognovi
598 4844 642 4912 Eg
660 4845 694 4895 B.

308 4945 367 4998 416.
395 4945 504 5015 [Uhlirz]
610 4950 636 5011 a)
653 4946 876 4998 sanctissimasA
981 4950 1008 5009 b)
1026 4950 1115 5006 Ottlro,
1141 4949 1264 5000 Ottlronis
1283 4949 1305 4999 A
1410 4951 1434 5012 e)
1452 4955 1617 4998 contractum
1634 4948 1659 4998 A
1768 4949 1797 5011 d)
1816 4949 1871 4998 bier

392 5034 460 5066 naues
478 5020 514 5066 s'm
535 5016 668 5082 originale
685 5016 733 5066 der
752 5016 833 5065 Nosse
850 5016 895 5066 des
912 5017 1031 5066 l'esulleu
1047 5019 1186 5080 pertundere
1205 5018 1294 5079 beben,
1317 5020 1345 5066 s'u
1364 5015 1385 5067 A
1399 5017 1481 5079 findet
1499 5016 1554 5066 siclt
1572 5034 1608 5065 an
1626 5018 1713 5068 dieser
1732 5017 1812 5069 Stella
1829 5018 1872 5067 die

391 5086 458 5135 Zelrl
476 5089 527 5135 212
631 5089 655 5144 e)
675 5104 706 5135 ex
726 5084 748 5134 A
853 5087 873 5140 s)
893 5087 997 5150 quidem
1017 5083 1047 5145 A,
1066 5104 1119 5135 was
1137 5088 1208 5151 obipe
1227 5087 1398 5136 Emendatieu
1416 5084 1482 5135 nelca
1500 5085 1557 5149 lays,
1583 5086 1700 5150 obylcs'dt
1718 5089 1748 5134 in
1766 5086 1814 5136 der
1831 5088 1871 5135 be-

392 5153 533 5219 treffendea
551 5154 655 5205 For-orel
674 5161 704 5217 (a.
722 5172 743 5203 a.
763 5155 795 5204 B.
814 5154 878 5204 ΠΗ.
895 5159 943 5215 30)
967 5155 1075 5204 nieoruts
1100 5157 1217 5220 qualern,
1243 5156 1355 5205 rondes-n
1372 5154 1533 5219 rqelmaeesq
1557 5157 1626 5204 sicut
1645 5155 1788 5218 yemis
1806 5155 1872 5204 wird
1888 5159 1918 5203 ln

393 5242 420 5289 gr
441 5225 515 5272 Velle
535 5225 606 5272 Basti
626 5224 656 5274 Α.

898 5410 1205 5424 --—-——-··-
