4500 6420
365 449 429 515 310
959 460 1415 521 KAISERURKUNDEN.

365 640 593 706 concambium
615 662 690 705 eum
711 639 794 705 locis
817 639 861 705 ad
884 663 977 704 suum
1000 640 1202 726 episcopium
1219 638 1374 707 Curiense
1396 640 1632 727 pertinentibus
1656 642 1688 706 in
1710 662 1797 727 pago
1820 641 2012 708 Prisikeuus

363 746 398 809 in
419 743 498 808 villa
520 743 815 809 Niuuerieheshusa
837 746 925 808 etin
948 746 1104 809 comitatu
1127 743 1344 810 Mortenouua
1370 746 1404 809 in
1425 744 1503 809 villa
1531 743 1728 829 Tuntelinga
1755 767 1831 811 cum
1860 743 2011 810 omnibus

364 848 408 913 ad
429 847 544 912 eadem
566 847 679 933 predia
701 848 770 911 iure
793 846 1044 932 pertinentibus,
1080 870 1164 934 quae
1185 871 1247 913 nos
1270 851 1304 912 in
1325 848 1399 913 loco
1424 846 1589 913 Clofheim
1611 871 1677 913 una
1699 870 1774 913 curn
1795 871 1895 913 manu
1918 871 2010 933 prae·

363 952 422 1016 fati
446 953 592 1037 episcopi
615 950 656 1014 de
677 972 754 1034 rege
777 948 1001 1015 Ohuonradol'
1028 953 1061 1015 in
1089 950 1269 1035 legitimum
1298 950 1541 1033 concambium,
1577 950 1653 1016 dato
1680 950 1794 1037 predio
1818 953 2011 1038 praescripti

365 1056 523 1141 episcopii
546 1056 579 1118 in
601 1052 745 1136 Alsatia,
774 1054 884 1118 multis
908 1054 1134 1138 praesentibus
1157 1056 1355 1140 recepimus,
1378 1063 1548 1140 peractum
1568 1054 1722 1120 habuisse
1745 1077 1819 1120 cum
1841 1055 2046 1121 monachiso

364 1162 399 1224 in
426 1160 623 1224 monasterio
655 1157 823 1223 Suarzaha
852 1158 938 1223 dicto
969 1157 1057 1244 quod
1084 1168 1135 1223 est
1162 1168 1384 1224 constructum
1412 1160 1446 1222 in
1471 1157 1595 1222 honore
1618 1160 1723 1223 sancti
1745 1158 1831 1223 Petri
1855 1160 2011 1244 principis

365 1261 605 1349 apestolorum,
640 1263 856 1327 monasticam
883 1263 985 1326 vitam
1013 1261 1211 1346 colentibus,
1246 1284 1408 1328 consensu
1438 1259 1626 1328 chuonradi
1660 1263 1788 1327 comitis
1822 1265 1874 1329 cui
1907 1265 2011 1349 ipsius

364 1367 551 1431 monasterii
575 1367 837 1450 procurationem
860 1367 1062 1431 extrinsecus
1085 1365 1292 1431 muniendam
1315 1360 1554 1449 commisimus,
1589 1364 1630 1430 ab
1653 1367 1733 1451 ipsis
1755 1368 1916 1452 recipiens
1938 1366 2013 1433 loca

366 1479 499 1535 econtra
521 1471 556 1533 in
578 1468 698 1535 ducatu
720 1468 938 1535 Alamanniae
961 1471 994 1533 in
1022 1472 1116 1554 pagis
1144 1479 1176 1534 et
1203 1472 1285 1535 vicis
1313 1472 1359 1534 ita
1387 1472 1579 1536 nominatis:
1614 1471 1647 1534 in
1676 1472 1834 1537 comitatu
1861 1471 1950 1536 Bara
1977 1474 2012 1537 in

363 1573 437 1638 loeo
461 1571 643 1678 Boehinga,
667 1573 700 1635 in
721 1570 953 1657 Nagelekcuue
968 1575 1002 1637 in
1017 1575 1091 1638 vico
1108 1571 1314 1659 Ohuppinga,
1338 1575 1371 1638 iu
1386 1574 1702 1659 Munigiseshuntere
1717 1576 1752 1638 in
1767 1573 1846 1639 villa
1861 1575 2011 1660 Potinga,
2032 1583 2064 1632 10

365 1687 399 1749 in
425 1686 580 1749 comitatu
602 1683 699 1769 Apha
721 1685 755 1748 in
777 1683 851 1748 loco
867 1682 1020 1767 Altheim,
1044 1685 1077 1749 in
1094 1686 1249 1750 comitatu
1264 1684 1461 1750 Herekeuue
1477 1687 1511 1749 in
1525 1684 1611 1749 villis
1627 1684 1829 1768 Tatunhuaa,
1852 1686 2011 1772 Meringa,

366 1789 629 1872 Tiermuntinga,
653 1785 761 1869 Cella,
791 1787 1073 1869 Nunnunuuilare,
1101 1787 1298 1870 Moseheim,
1329 1789 1416 1852 etin
1439 1790 1596 1853 comitatu
1618 1787 1955 1854 Muntrieheshuntera
1977 1792 2013 1855 in

366 1893 446 1956 vicis
469 1889 651 1975 Rutelinga,
675 1889 970 1971 Adalharteshoua,
992 1889 1182 1974 Parehdorf,
1212 1900 1244 1955 et
1266 1890 1346 1955 locis
1369 1892 1487 1955 iniuste
1510 1889 1551 1954 ab
1575 1891 1647 1975 ipso
1671 1893 1868 1956 monasterio
1893 1890 2012 1957 ablatis

366 2004 399 2060 et
421 1994 528 2058 adhuc
549 1992 698 2077 legaliter
720 1992 919 2078 inquirendis
942 1994 1051 2076 Mose,
1076 1992 1266 2077 Gricsinga,
1289 1993 1433 2078 Ehinga,
1457 1992 1657 2076 Perchach⁰,
1680 1991 1914 2078 Alamuntinga
1937 2017 2013 2060 cum

367 2096 516 2163 omnibus
543 2097 586 2161 ad
614 2098 862 2182 praenominata
889 2095 964 2161 loca
992 2098 1060 2161 iure
1088 2107 1119 2161 et
1145 2096 1288 2181 legitime
1315 2096 1566 2181 pertinentibus,
1602 2118 1676 2162 cum
1703 2097 1852 2163 aeclesiis
1881 2101 2012 2184 suisque
2031 2109 2064 2157 16

368 2203 502 2267 decimis
524 2200 693 2266 curtilibus
716 2200 873 2265 aedificiis
896 2201 1067 2285 mancipiis
1090 2202 1257 2284 utriusque
1280 2221 1377 2264 sexus
1401 2201 1488 2285 agris
1511 2201 1613 2285 pratis
1636 2202 1768 2285 pascuis
1797 2201 1886 2265 silvis
1917 2203 2012 2287 aquis

366 2326 588 2390 aquarumque
622 2302 812 2368 decursibus
846 2302 1039 2368 molendinis
1073 2302 1308 2388 piscationibus
1336 2305 1398 2367 viis
1429 2314 1461 2366 et
1490 2304 1586 2367 inviis
1617 2303 1758 2369 exitibus
1790 2315 1822 2369 et
1854 2303 2012 2371 reditibus

366 2408 461 2472 cultis
492 2417 524 2472 et
551 2407 683 2471 incultis
712 2407 868 2493 quaesitis
896 2415 928 2470 et
956 2408 1154 2494 inquirendis
1184 2407 1358 2473 mobilibus
1387 2418 1419 2472 et
1446 2407 1656 2491 inmobilibus
1684 2407 1736 2473 vel
1766 2408 1920 2495 quicquid
1947 2409 2011 2474 dici

365 2510 418 2576 vel
440 2512 601 2576 nominari
623 2520 747 2596 potest,
778 2520 925 2576 nostram
948 2510 1132 2594 efflagitans
1156 2510 1411 2576 dominationem
1434 2511 1579 2577 eiusdem
1603 2515 1867 2577 commutationis
1889 2514 2012 2578 factum

365 2626 496 2681 nostrae
519 2615 722 2680 auctoritatis
745 2616 865 2700 scripto
889 2614 1120 2679 roborandum.
1166 2612 1264 2695 Quod
1285 2616 1362 2699 quia
1385 2615 1592 2682 commodum
1615 2619 1759 2702 utrisque
1783 2619 1904 2681 sanetis
1929 2617 2011 2681 locis
2030 2623 2065 2671 20

365 2716 499 2784 veraei‘l
520 2718 679 2783 relatione
700 2727 832 2783 nostrae
856 2718 1020 2782 serenitati
1043 2718 1193 2799 innotuit,
1217 2719 1320 2802 ipsius
1342 2718 1482 2801 praefati
1505 2721 1650 2804 episcopi
1673 2718 1884 2804 petitionibus
1903 2741 2012 2784 assen-

367 2847 439 2889 sum
467 2823 675 2909 praebentes,
710 2831 746 2886 ut
768 2820 882 2886 cadem
905 2823 1088 2907 compactio
1112 2830 1144 2886 et
1167 2823 1377 2886 commutatio
1402 2823 1443 2887 ab
1467 2824 1611 2908 utrisque
1636 2821 1677 2887 ob
1701 2845 1906 2887 communem
1929 2822 2011 2887 utili-

366 2936 466 2992 tatem
494 2934 653 3013 peracta⁰
679 2925 773 2990 firma
803 2935 834 2989 et
862 2925 1055 2990 inconvulsa
1084 2945 1124 2989 ac
1154 2926 1313 3009 perpetim
1341 2946 1495 2990 mansura
1523 2935 1726 3010 permaneat,
1760 2926 1913 2989 iussimus
1936 2925 2012 2990 inde

365 3030 428 3095 hec
451 3052 605 3115 praesens
628 3037 840 3113 praeceptum
862 3028 1024 3094 conscribi
1048 3028 1201 3115 anulique
1223 3030 1326 3093 nostri
1349 3031 1562 3114 impressione
1584 3029 1731 3095 roborari
1754 3051 1917 3116 manuque
1939 3051 2012 3115 pro-

366 3135 438 3220 pria
462 3132 576 3198 subtus
598 3132 808 3197 firmavimus.
2029 3145 2064 3193 aa

466 3287 481 3371 ξ
503 3287 639 3373 Signum
658 3287 768 3352 domni
793 3285 924 3352 Ottonis
949 3288 1037 3369 (Mn.)
1062 3288 1199 3372 piissimi
1222 3287 1438 3370 imperatoris.
1461 3286 1475 3366 l

468 3409 669 3491 {Liutolfus
698 3409 913 3473 cancellarius
941 3405 1094 3473 adviemf
1117 3406 1315 3474 Uuillihelmi
1339 3405 1591 3492 archicapellani
1614 3408 1814 3490 recognovit.
1843 3405 1857 3487 l
1887 3408 1944 3487 (sl.
1962 3407 2013 3488 D.)

1928 3509 2011 3592 (sa.)

468 3667 557 3730 Data
587 3684 659 3730 xva
692 3664 759 3730 hal.
793 3667 859 3730 iun.
893 3688 979 3731 anno
1015 3667 1198 3733 dominicae
1232 3669 1465 3733 incarnationis
1495 3683 1683 3749 nccccuxl,
1716 3667 1920 3732 indictiones
1947 3683 2011 3749 1111,

365 3766 547 3853 regnanteh
576 3767 696 3833 Ottone
725 3770 870 3854 piissimo
899 3770 1094 3854 imperatore
1124 3794 1209 3836 anno
1233 3789 1337 3854 xxm,
1370 3779 1480 3836 actum
1502 3771 1709 3853 Uuormatie3
1743 3771 1775 3834 in
1805 3770 1856 3834 dci
1882 3772 2011 3835 nomine
2031 3778 2064 3826 30

365 3873 502 3937 feliciter
528 3895 633 3937 amen.
1475 3874 1479 3881 '

1144 4149 1230 4223 226.

376 4302 456 4380 Otto
479 4302 619 4378 scbcal’t
639 4303 719 4376 dcta
740 4304 874 4400 Propst
895 4304 960 4377 der
978 4305 1144 4377 Moinzer
1165 4304 1297 4378 Kirclrc
1319 4304 1536 4380 Theodericlt
1559 4305 1617 4379 dic
1639 4304 1718 4378 deon
1740 4304 1916 4378 Lantbcrt
1934 4304 2014 4376 etad

368 4424 447 4498 dem
469 4424 658 4521 Mepiayoz
677 4423 878 4522 periehtlich
901 4437 1114 4523 eatzoycaon
1136 4424 1384 4522 Besitzaapea.
1559 4461 1718 4534 1„„,1„„·„,
1741 4464 1800 4522 961
1825 4462 1895 4519 M„
1915 4465 1967 4522 29,

471 4667 718 4743 Oricincldiplom
740 4671 782 4726 iot
806 4666 874 4728 Ood.
899 4667 950 4724 lat.
975 4669 1059 4727 9285
1082 4666 1135 4723 der
1155 4666 1454 4725 Natiouulbibliothek
1475 4684 1516 4724 aa
1536 4666 1626 4725 Paris
1648 4662 1707 4743 (A).
2030 4682 2063 4732 35

466 4824 603 4883 Martiae
622 4821 692 4883 coll.
719 4825 746 4892 1,
769 4824 831 4882 315
855 4839 891 4880 er
913 4821 982 4881 MS.
1008 4822 1037 4881 S.
1055 4821 1230 4880 Maximini.
1260 4854 1302 4864 —
1331 4822 1490 4879 Horatiae-im
1512 4822 1592 4881 Hist.
1619 4823 1730 4881 Trevir.
1754 4825 1783 4892 1,
1806 4824 1871 4881 292
1892 4826 1926 4877 c⁰
1949 4824 2013 4879 172

466 4944 523 4986 aits
545 4926 706 4996 Absclrrift.
736 4958 778 4968 —
805 4925 901 4999 cher
921 4924 1113 4984 Mittelrlseta.
1136 4924 1200 4984 ΠΒ.
1224 4930 1254 4994 1,
1279 4928 1343 4984 267
1363 4930 1397 4982 a⁰
1419 4928 1484 4984 208
1506 4924 1657 4998 anqeblicb
1678 4940 1735 4983 aas
1758 4922 1789 4982 0.
1813 4957 1854 4965 —
1883 4923 2012 4980 Bbtmcr

469 5030 539 5103 Iao.
563 5032 702 5091 215.-
726 5027 852 5101 Stamps
871 5029 943 5101 Ray.
966 5031 1040 5088 288.
1064 5063 1106 5071 -
1132 5028 1212 5088 θῦνε
1234 5028 1427 5087 Mittelrheia.
1451 5029 1523 5101 Rea.
1548 5030 1620 5087 978.

472 5184 606 5255 Versu-ast
621 5184 685 5243 arrd
695 5185 878 5257 pesclrrichea
892 5202 948 5243 eea
962 5184 1028 5242 DF.
1062 5184 1127 5243 Das
1150 5201 1207 5242 voa
1228 5184 1324 5256 Beper
1345 5182 1522 5256 aaycfitlrrte
1538 5181 1772 5254 DiplomutarC
1792 5183 1903 5240 cathct'lt
1925 5182 2012 5240 aller·

471 5289 557 5362 dinqs
573 5290 636 5346 cine
650 5287 803 5357 Abselcrift
822 5304 943 5346 asse-res
957 5287 1007 5357 D,
1032 5287 1154 5345 dieselbe
1175 5289 1214 5345 ist
1236 5288 1307 5345 aber
1329 5288 1428 5345 ebmso
1451 5284 1621 5354 litckenlcaft
1644 5286 1698 5342 wie
1720 5285 1773 5343 dus
1792 5285 1928 5358 Oriyinal
1950 5285 2013 5344 stad
2031 5300 2064 5348 40

471 5394 570 5451 weiclrt
592 5393 669 5451 caela
689 5395 769 5450 sonat
791 5407 847 5449 con
869 5391 934 5449 dem
958 5391 1029 5448 'leat
1051 5392 1096 5449 bct
1118 5390 1215 5466 Bepcr
1235 5391 1280 5460 ab,
1305 5407 1336 5449 so
1360 5390 1428 5449 dass
1451 5390 1559 5449 diesem
1582 5388 1686 5460 troad
1708 5391 1771 5446 eine
1792 5390 1901 5448 cadem
1925 5390 2013 5462 Copia

456 5591 514 5645 225.
541 5597 567 5655 b)
587 5595 635 5645 dar
653 5595 724 5646 letale
748 5613 762 5645 o
786 5611 852 5645 corr.
869 5611 916 5644 aas
940 5611 958 5643 u
1061 5596 1084 5655 c)
1105 5593 1211 5660 Ehinga
1227 5594 1363 5644 Perchaeh
1381 5609 1431 5644 oea
1449 5593 1503 5646 Lo.
1520 5591 1572 5656 aus
1583 5591 1671 5642 Raaur
1686 5590 1849 5657 partricem
1952 5593 1978 5654 d)
1998 5609 2012 5642 c

541 5664 689 5727 masliacus·
774 5668 797 5723 e)
817 5662 1000 5714 curabamur
1016 5678 1141 5714 commu
1158 5668 1291 5728 peractam
1377 5660 1434 5724 i)A
1521 5666 1550 5729 g)
1568 5678 1583 5711 e
1601 5667 1754 5712 comm
1835 5661 1864 5726 h)
1882 5672 2013 5727 ιιι-τος

539 5748 590 5783 cea
607 5731 660 5785 LO.
678 5732 731 5796 aas
741 5733 829 5785 aaa
843 5731 1013 5798 garonam.
