4298 6414
227 363 269 428 98
823 373 1275 430 KAISERURKUNDEN.

226 568 268 617 vir
285 569 443 618 venerabilis
459 569 640 632 Meginbertus
655 568 826 618 Sabianensis
841 569 985 620 aecclesiae
1000 571 1141 634 episcopus
1156 584 1224 634 qnae
1240 578 1280 618 est
1294 576 1446 619 constructa
1462 571 1488 619 in
1504 570 1603 619 bonore
1619 571 1703 619 saneti
1721 567 1736 639 ξ
1754 569 1873 620 Cassiani

226 673 362 736 martyris,
386 680 501 723 nostraru
518 673 609 724 adiens
630 673 795 723 clementiam
818 673 914 723 obtulit
938 675 1014 723 nobis
1037 673 1165 738 quaedam
1187 668 1350 738 praecepta⁸
1371 675 1397 722 in
1419 674 1517 738 quibus
1539 674 1739 734 continebatur,
1762 672 1874 738 qualiter

225 775 390 825 venerandae
412 779 553 827 memoriae
576 783 756 827 antecessores
779 779 861 825 nostri
884 761 1027 826 Karollts
1050 784 1203 846 magnus,
1227 776 1415 826 lllrulouuieus
1438 779 1581 842 imperator
1601 782 1628 827 et
1648 778 1796 846 qquivocns
1817 778 1873 826 eius

225 878 413 930 Hlmlouuieus
435 897 480 930 rex
503 899 519 929 s
541 898 590 931 nec
612 898 664 931 non
688 882 766 930 etiam
789 881 915 930 arnolfus
937 882 1079 945 imperator
1099 897 1116 927 s
1137 875 1169 928 et
1189 864 1274 929 filius
1296 867 1365 929 elus
1381 865 1608 930 Hltldouuleus
1630 889 1689 930 rex
1713 880 1872 945 praedictam

225 981 312 1032 sedem
335 991 361 1032 ot
382 985 536 1035 aecclesiam
558 1003 618 1036 cum
638 986 761 1035 omnibus
779 984 813 1034 ad
835 1000 892 1035 earn
916 985 1108 1050 pertinentibus
1131 989 1237 1048 propter
1260 984 1388 1034 rrrslorum
1412 985 1547 1034 hominum
1570 986 1801 1051 tergiversationes
1824 985 1871 1033 sub
1889 984 1903 1028 5

223 1084 329 1135 illorum
345 1087 498 1139 defensione
514 1098 540 1139 et
555 1091 707 1139 emunitatis
727 1090 839 1141 tuitione
855 1090 1031 1151 roborassent,
1055 1091 1183 1154 petiitque
1199 1105 1247 1138 nos
1262 1105 1309 1153 per
1323 1090 1500 1137 interventum
1516 1068 1670 1138 dilectorum
1688 1088 1765 1137 nobis
1780 1072 1872 1136 Herl-

224 1177 292 1258 geri
317 1185 349 1238 et
372 1175 527 1259 Piligrimi
552 1178 881 1262 archiepiscoporum,
905 1177 1042 1241 Tutonis
1067 1176 1200 1257 scilieet,
1225 1176 1403 1255 Draclrolfi,
1427 1175 1630 1240 ddaluuardi
1654 1185 1686 1240 ct
1710 1157 1870 1241 (vidalfridi

224 1300 263 1342 ac
287 1302 415 1365 quoque
438 1289 618 1364 eeter0rum
641 1279 785 1345 fidelium
808 1290 1008 1361 nostrorum,
1032 1301 1062 1345 ut
1084 1295 1135 1345 boc
1156 1297 1242 1360 ipsum
1259 1297 1293 1345 ob
1309 1295 1436 1344 mercedis
1451 1300 1557 1344 nostrae
1571 1300 1742 1360 augmentum
1759 1293 1870 1343 officere-

224 1413 296 1459 mus,
320 1405 456 1467 quorum
479 1400 599 1463 petitioni
621 1415 668 1463 pro
689 1399 772 1447 divini
794 1398 882 1447 cultus
904 1414 993 1447 amore
1015 1404 1041 1448 et
1061 1400 1165 1462 animae
1188 1405 1293 1448 nostrae
1315 1399 1481 1449 absolutione
1503 1413 1638 1448 assensum
1660 1399 1818 1462 praebentes
1837 1399 1872 1447 its

224 1499 279 1549 lieri
296 1502 323 1550 in
338 1503 440 1550 curretis
456 1503 562 1551 ‹irrrnino
578 1503 756 1551 concessinms
772 1509 797 1551 ct
812 1508 912 1551 statuta
927 1496 1170 1551 antecessorum
1187 1510 1335 1552 nostrorum
1352 1502 1426 1551 firma
1441 1518 1497 1551 esse
1513 1501 1685 1552 decrevimus.
1705 1503 1873 1566 Quapropter
1890 1505 1919 1551 10

223 1604 345 1653 iubemus
360 1611 390 1653 ut
405 1604 555 1669 praedictus
571 1606 711 1670 episcopus
727 1612 753 1654 et
768 1605 897 1655 aecclesia
912 1606 956 1654 cui
974 1605 1019 1655 ille
1038 1612 1146 1654 auctore
1168 1604 1218 1654 deo
1241 1611 1358 1670 praeest,
1382 1621 1442 1654 cunr
1458 1606 1581 1654 omuibus
1595 1596 1731 1664 moderlno
1747 1597 1873 1669 temlporc

224 1708 292 1756 iuste
308 1714 334 1756 et
348 1707 469 1773 legaliter
484 1708 517 1757 ad
533 1725 590 1758 earn
605 1710 809 1774 aspicientibus,
833 1710 984 1759 bominibus
1000 1709 1124 1758 videlieet
1139 1716 1165 1759 et
1180 1710 1291 1759 caeteris
1313 1709 1405 1771 rebus,
1429 1710 1478 1758 snb
1500 1716 1591 1758 nostra
1612 1708 1765 1758 ‹lesensioue
1789 1710 1873 1758 cousi-

223 1817 308 1872 stant,
332 1818 358 1860 et
379 1819 409 1861 nt
430 1812 520 1862 nullus
541 1812 620 1862 iudex
642 1813 766 1877 publicus
788 1813 830 1862 vel
852 1812 979 1878 quislibet
997 1828 1028 1862 ex
1050 1813 1190 1863 iudiciaria
1207 1818 1338 1877 potestate
1353 1815 1380 1862 in
1397 1813 1522 1881 eeclesias
1538 1818 1585 1862 ant
1599 1812 1659 1862 loca
1674 1813 1715 1863 vel
1732 1828 1811 1877 agros
1826 1828 1872 1862 seu

223 1913 339 1979 reliquas
361 1917 540 1980 possessiones
563 1923 721 1967 memoratae
743 1916 813 1966 sedis
835 1932 901 1982 quas
924 1932 994 1966 nunc
1015 1918 1041 1965 in
1063 1916 1226 1982 quibuslibet
1247 1918 1323 1982 pagis
1343 1923 1370 1966 et
1387 1918 1525 1967 territoriis
1540 1917 1609 1966 infra
1624 1915 1750 1966 ditionem
1769 1917 1872 1980 imperii

223 2020 303 2067 nostri
320 2019 438 2083 possidet
452 2019 494 2069 vel
509 2035 577 2084 qnae
593 2020 717 2084 deinceps
732 2021 759 2069 in
775 2021 817 2069 ius
833 2019 960 2088 ecelesiae
976 2021 1059 2085 ipsius
1082 2020 1171 2069 divina
1194 2021 1280 2084 pietas
1302 2019 1416 2070 voluerit
1438 2021 1543 2086 angeri,
1566 2019 1599 2069 ad
1616 2035 1710 2069 causas
1726 2019 1873 2070 audiendas
1892 2020 1921 2067 15

222 2121 264 2171 vel
287 2122 361 2172 freda
383 2123 513 2188 exigenda
535 2131 582 2173 aut
609 2126 758 2174 mansiones
781 2124 916 2174 iaciendas
939 2123 981 2173 vel
1004 2130 1110 2188 paratas
1132 2130 1179 2172 ant
1208 2123 1377 2173 fideiussores
1404 2122 1536 2173 tollendos
1566 2130 1612 2172 aut
1640 2123 1760 2173 homines
1790 2124 1874 2187 ipsius

223 2206 351 2292 ecclesiae
367 2226 463 2276 iniuste
479 2226 673 2292 distringendos
695 2233 742 2277 aut
762 2227 831 2277 ullas
852 2228 1023 2277 redibitiones
1044 2243 1090 2277 seu
1110 2227 1225 2277 inlicitas
1241 2229 1393 2277 exactiones
1409 2226 1579 2292 requirendas
1594 2226 1649 2276 ullo
1665 2243 1790 2292 urnquanr
1810 2234 1872 2276 teru-

223 2344 286 2393 pore
308 2330 409 2394 ingredi
431 2330 528 2380 aruleat
551 2330 593 2381 vol
615 2347 647 2381 ea
668 2347 737 2396 quae
760 2346 841 2396 surpra
862 2338 1006 2379 memorata
1032 2337 1094 2380 srrrrt
1116 2333 1221 2395 penitus
1244 2332 1349 2396 exigere
1372 2337 1535 2396 praesumat,
1559 2331 1604 2380 sed
1627 2330 1704 2380 liceat
1728 2337 1872 2379 nrcmorato

222 2433 321 2499 prqsuli
342 2434 449 2499 suisque
468 2436 665 2485 successoribus
685 2451 727 2484 res
749 2434 883 2502 predictae
907 2433 1050 2483 aecclesiae
1069 2450 1128 2483 curn
1150 2435 1273 2484 orrnnbus
1294 2435 1328 2484 ad
1351 2451 1408 2485 earn
1431 2436 1623 2500 pertinentibus
1646 2435 1696 2484 sub
1719 2436 1872 2484 enmuitatis

222 2542 327 2586 nostrae
349 2536 501 2588 ‹leiensione
524 2539 613 2603 quieto
637 2538 729 2588 ordine
751 2537 885 2602 possidere
903 2542 983 2602 atque
999 2548 1046 2601 pro
1062 2537 1243 2587 incolomitate
1259 2545 1349 2588 nostra
1364 2555 1412 2588 noc
1428 2555 1480 2588 non
1496 2546 1524 2589 et
1538 2538 1682 2588 stabilitate
1698 2539 1772 2603 regni
1790 2540 1871 2587 rrcrstri
1890 2537 1923 2582 20

221 2639 276 2688 uni
290 2656 349 2688 curn
366 2640 436 2690 clero
453 2650 479 2691 et
493 2642 592 2706 populo
608 2642 658 2690 sibi
675 2642 794 2691 subiecto
811 2641 909 2690 (lamini
931 2640 1095 2690 elementiam
1119 2642 1215 2705 iugiter
1238 2657 1355 2691 exorare.
1382 2640 1540 2690 addidimus
1555 2643 1633 2692 etiam
1650 2642 1706 2690 sino
1721 2640 1772 2690 boc
1788 2644 1872 2691 nostri

221 2744 320 2808 vigoris
341 2728 565 2794 solidanrerrtnmb
586 2751 628 2807 ut,
651 2747 673 2794 si
695 2746 821 2810 quislibet
840 2727 926 2794 ausob
947 2743 1048 2793 nefario
1066 2750 1127 2808 post
1149 2752 1249 2794 statuta
1268 2740 1381 2794 nostra
1400 2740 1433 2793 ei
1454 2740 1696 2794 antecessorum
1721 2752 1871 2795 nostrorum

221 2863 252 2897 ex
272 2848 351 2898 rebus
372 2849 423 2897 iarn
445 2848 530 2900 dictae
553 2849 666 2917 qcclesiq
688 2851 828 2914 quicquam
850 2857 947 2899 temere
970 2849 1125 2910 invasisset,
1148 2849 1300 2899 nullatenus
1316 2849 1410 2898 exinde
1427 2849 1527 2913 aliquid
1544 2848 1654 2898 ulterius
1670 2849 1720 2898 sibi
1742 2865 1870 2914 risnrpare

220 2958 369 3019 presumat,
398 2952 443 3001 sed
465 2952 549 3003 eidem
572 2953 683 3021 ecclesie
706 2952 732 3002 id
748 2954 834 3017 ipsum
850 2953 877 3001 iu
892 2953 1015 3002 omnibus
1032 2936 1258 3001 emendatione
1275 2937 1374 3022 digna
1391 2954 1520 3003 restituat.
1550 2953 1585 3001 Et
1600 2959 1630 3002 ut
1644 2953 1710 3002 lraec
1726 2954 1871 3002 auctoritas

220 3057 315 3104 nostris
331 3055 480 3121 futurisque
496 3057 658 3121 temporibus
674 3057 780 3107 domino
795 3064 949 3122 protegente
965 3056 1053 3106 valeat
1076 3056 1232 3106 inconvulsa
1252 3072 1366 3118 nranerc,
1390 3072 1469 3105 manu
1485 3058 1591 3121 propria
1607 3057 1698 3106 subter
1712 3073 1769 3106 earu
1785 3058 1869 3107 firma·
1888 3053 1919 3097 '2³3

220 3161 305 3209 trimus
322 3167 349 3210 et
363 3159 435 3210 anuli
451 3161 533 3210 nostri
550 3163 721 3226 impressione
738 3144 910 3230 l[nslgnl]rl
927 3152 1078 3220 iulssimu]s.

320 3277 335 3358 i
356 3273 491 3360 Signum
515 3276 624 3340 domni
648 3273 835 3341 Clmonradi
861 3278 951 3356 (MP.)
976 3276 1171 3340 serenissimi
1196 3276 1328 3360 regist}

321 3376 511 3457 {Salomon
541 3379 756 3444 cancellarius
784 3380 934 3445 adviecm
962 3380 1118 3464 Piligriuri
1147 3378 1385 3464 archiepiscopi
1409 3380 1589 3464 surnnrique
1612 3380 1796 3464 cappellani
1821 3408 1868 3447 re-

218 3483 357 3563 cognovi
381 3493 413 3545 ct
435 3478 448 3560 ll
472 3486 541 3562 (SR.
565 3486 641 3562 NN.)
1741 3490 1799 3564 (SI.
1824 3489 1866 3557 4.)

321 3610 754 3676 Dara11.n0n.iul.anuo
784 3613 1017 3677 incarnationis
1045 3612 1168 3676 domini
1197 3626 1384 3691 Dccccxm,
1417 3610 1630 3675 indictionum
1655 3630 1707 3675 1111
1720 3623 1745 3691 ¹²,
1780 3637 1918 3682 annoso

220 3735 296 3776 vero
319 3715 409 3797 regni
436 3714 660 3796 gloriosissimi
691 3718 777 3799 regis
800 3715 987 3780 Clmonradi
1012 3733 1050 3797 νς
1084 3724 1192 3779 actum
1217 3717 1248 3778 in
1279 3714 1351 3778 loco
1375 3713 1591 3796 Ninnnnburg
1620 3715 1725 3797 dicto3
1759 3719 1790 3780 in
1815 3718 1867 3781 dei

219 3818 349 3880 nominc
372 3816 509 3880 feliciter
533 3840 638 3882 amen.

1013 3975 1075 4052 31.

221 4109 378 4182 Konracl
402 4109 542 4183 selreakt
567 4109 644 4183 desa
677 4110 835 4186 Clerilrer
861 4111 1191 4213 Errlseusridudrei
1216 4112 1343 4210 quen
1372 4114 1409 4184 in
1445 4111 1614 4186 (r‘olclern.

1611 4254 1916 4300 —--35

321 4405 481 4466 ercamrao
502 4426 557 4466 ron
581 4409 609 4468 S.
635 4408 804 4468 Errrnreram
827 4426 884 4466 aris
907 4408 970 4465 deor
994 4407 1119 4480 Anfrrnp
1141 4407 1190 4465 des
1213 4411 1263 4465 11.
1288 4406 1339 4466 Jlr.
1364 4406 1387 4478 s.
1415 4412 1454 4466 lt)
1484 4410 1525 4465 in
1546 4409 1573 4465 ln
1598 4409 1804 4469 neretum-raa·
1825 4429 1864 4467 err

321 4512 469 4568 Mtinclren
495 4510 557 4590 (B).

319 4642 378 4703 Pes
404 4641 484 4698 Tdcs.
510 4646 550 4712 1⁶,
575 4645 617 4700 47
637 4648 672 4698 rr⁰
694 4644 713 4699 5
736 4660 793 4699 {rus
808 4643 845 4700 B.
872 4676 909 4684 —
934 4642 1026 4700 Liber
1042 4644 1127 4715 prob.
1144 4643 1260 4701 aaran.
1285 4645 1346 4700 105
1362 4649 1396 4700 n⁰
1411 4646 1449 4701 41
1475 4661 1531 4701 rurs
1547 4643 1583 4701 B.
1610 4676 1647 4685 —
1672 4645 1755 4702 Mon.
1772 4645 1866 4703 Beira

318 4747 385 4812 31⁰,
410 4747 472 4802 186
494 4751 528 4800 rs⁰
550 4749 590 4802 94
613 4762 669 4802 sarrs
693 4745 730 4815 B,
754 4765 794 4803 su
816 4750 879 4804 916
901 4747 1025 4805 Ollolrcr
1048 4770 1088 4798 =
1112 4746 1240 4804 Biilrmer
1261 4745 1298 4804 A.
1317 4745 1410 4825 Corn.⁴
1427 4752 1470 4805 38
1491 4756 1525 4804 rr⁰
1546 4751 1589 4805 3⁸
1611 4766 1651 4804 su-
1674 4752 1863 4818 913-918,

318 4846 458 4905 cielleiclrt
480 4851 552 4907 5116.
1634 4854 1637 4860 '
1881 4862 1916 4910 40

319 4976 474 5034 Dareum
490 4978 539 5036 des
556 4977 615 5038 SA.
635 5011 672 5020 —
695 4979 771 5037 Hier
792 4981 957 5053 einqereilrt,
981 4981 1046 5039 weil
1067 4981 1129 5040 sicb
1149 4983 1192 5039 ier
1215 4980 1247 5038 J.
1265 4984 1328 5040 916
1351 4980 1399 5038 die
1420 4981 1465 5038 uls
1480 4982 1712 5040 Ister-remersus
1731 5000 1863 5055 peruna-

318 5084 364 5136 tes
388 5081 528 5153 Bisclriifc
549 5085 581 5140 in
604 5084 719 5142 Baicm
741 5086 787 5142 bei
808 5085 874 5142 dem
897 5086 1011 5157 Ktinipe
1033 5083 1188 5155 defendes.

421 5250 459 5314 ln
483 5254 612 5317 nornine
635 5265 747 5339 sanctis
770 5265 803 5320 et
825 5255 990 5340 individuq
1013 5256 1176 5320 trinitatis.
1201 5253 1394 5319 Clrb'nradus
1413 5254 1524 5320 divina
1548 5255 1703 5320 faventea
1726 5255 1863 5321 elemen-

216 5350 262 5413 tia
285 5373 352 5416 rex.
440 5354 575 5419 Noverit
606 5359 748 5422 onmium
778 5359 922 5425 fidelium
952 5368 1135 5423 nostrorum
1166 5360 1362 5442 presentium
1392 5360 1517 5425 scilieet
1543 5370 1575 5423 et
1598 5361 1778 5427 futurorum
1802 5362 1863 5426 sol-

319 5504 360 5558 ³0.
388 5506 493 5575 {Sic-liei}
596 5516 623 5572 a)
642 5513 789 5579 pracptarl
896 5515 923 5575 b)
942 5513 978 5575 A,
1001 5513 1125 5562 rdidrmd
1147 5514 1175 5561 in
1197 5513 1245 5562 der
1263 5512 1315 5564 t'll.
1339 5513 1525 5578 solidamento,
1550 5532 1616 5566 ausu
1721 5528 1747 5576 e)
1764 5515 1861 5566 verber·
1880 5518 1913 5564 lli

386 5583 436 5626 sert
454 5596 501 5627 arcs
522 5583 741 5646 irreprriirrpliclrens
759 5600 782 5632 v.

293 5715 297 5722 ,
317 5659 359 5713 dl.
386 5661 479 5730 [Folia]
583 5666 610 5733 a)
629 5668 724 5719 livente
744 5669 777 5718 B.
