4298 6414
882 127 1008 184 ΟΤΤΟ
1030 128 1054 184 Ι.
1078 121 1269 180 948-949.
1833 112 1892 176 191

253 323 370 386 beatae
394 312 572 375 memoriae
599 308 730 394 Etgidis
761 306 921 394 quasdam
951 328 1001 370 res
1031 306 1239 391 proprietatis
1267 314 1400 368 nostrae
1428 303 1547 368 iudicio
1578 301 1805 368 scabineorum
1835 324 1893 387 pro

249 414 420 487 cniusdam
441 415 503 478 viri
528 413 706 477 commissu
727 412 859 476 nominc
882 408 1007 491 Adam,
1036 408 1134 472 modo
1157 430 1235 471 vero
1260 407 1311 471 dei
1334 406 1447 471 famuli
1454 457 1463 489 ,
1487 415 1619 471 nostrae
1641 405 1803 491 regalitati
1826 408 1894 470 iure

244 526 386 588 liscatas
407 516 514 581 denuo
530 515 635 581 eidem
650 517 684 579 in
699 515 868 599 proprium
883 514 1115 593 concessimus,
1137 510 1244 595 legem
1262 512 1361 575 etiam
1375 513 1539 596 vitamque
1556 532 1649 576 suam
1667 532 1726 594 pro
1743 518 1894 574 aeternae

242 620 522 687 remunerationis
554 618 700 704 praemio
734 613 999 701 perdonavimus.
1047 613 1178 701 Resque
1207 616 1417 699 proprietatis
1446 637 1527 700 quas
1557 612 1705 697 praefato
1734 610 1828 677 Adae
1861 615 1895 675 in

210 741 225 787 s
244 725 424 811 proprium
446 720 652 804 tradidimus,
676 723 710 785 in
731 719 781 784 his
804 718 887 784 locis
909 722 1085 784 nominatis
1108 721 1189 783 sitae
1213 728 1300 783 sunt:
1325 717 1477 796 Sancum,
1501 720 1535 781 in
1553 716 1652 789 Shno,
1674 720 1707 781 in
1730 717 1840 799 Meilo,
1863 719 1896 779 in

235 826 416 909 Nezudra,
437 827 473 890 in
495 823 571 890 Cise
594 826 628 888 in
649 823 736 888 valle
759 823 957 904 Trusianae3
980 822 1061 888 illud
1083 844 1159 886 vero
1176 821 1345 907 praedium
1362 820 1450 907 quod
1465 819 1542 884 inihi
1559 823 1625 884 iam
1642 819 1766 905 pridem
1781 820 1895 884 habuit

234 938 357 1016 atque
382 927 542 1015 possedit,
575 929 639 992 hoc
666 936 799 992 nostrae
827 927 1031 989 auctoritatis
1055 934 1230 1010 praecepto
1254 946 1329 989 cum
1353 923 1502 989 omnihus
1526 922 1729 1008 appendiciis
1752 932 1785 985 et
1806 921 1895 985 adia-

232 1036 370 1099 centiis
396 1035 462 1099 suis
491 1035 575 1098 iuste
604 1031 811 1117 legitimeque
838 1028 916 1094 illuc
944 1026 987 1091 ad
1017 1029 1207 1112 praescripti
1237 1025 1332 1090 Adae
1360 1025 1530 1110 praedium
1559 1023 1793 1109 pertinentibus
1827 1025 1896 1088 iure

231 1138 387 1213 perenni
407 1137 442 1199 in
464 1136 696 1222 proprietatem
718 1133 950 1215 relaxavimus,
972 1154 1072 1197 manu
1094 1140 1208 1196 nostra
1229 1130 1357 1195 firmato
1375 1130 1550 1215 annulique
1565 1131 1668 1194 nostri
1683 1131 1896 1214 impressione

206 1259 208 1263 ’
229 1232 417 1324 insignito.

358 1376 494 1462 Signum
516 1375 638 1440 domini
662 1373 793 1440 Ottonis
816 1373 1021 1437 invictissimi
1044 1373 1139 1455 rogis.

358 1480 447 1544 Brun
469 1477 686 1543 cancellarius
710 1478 859 1543 adviccrh
882 1477 1040 1541 Friderici
1065 1476 1316 1562 archicapellani
1339 1477 1538 1560 recognovit.

356 1616 444 1680 Data
466 1615 534 1681 kal.
557 1617 623 1681 ian.
646 1637 732 1680 anno
756 1614 878 1679 domini
894 1630 1141 1694 mccccxnvnn,
1165 1614 1404 1695 indictionem,
1427 1623 1583 1697 regnante
1600 1614 1804 1677 serenissimo
1820 1634 1896 1696 rege

224 1704 375 1784 Otene
396 1740 483 1784 anno
507 1736 604 1802 xnn3
627 1700 1060 1799 actum·Fran001iefu1-t¹²;
1083 1719 1117 1781 in
1139 1716 1271 1781 domino
1294 1716 1432 1782 feliciter
1454 1738 1558 1780 amen.

1034 1956 1118 2031 108.

245 2112 344 2189 Otto
365 2113 505 2189 serenti
526 2113 607 2186 dem
627 2113 774 2186 Klostcr
795 2113 1008 2186 Einsiadelu
1029 2113 1151 2185 selaeu
1173 2112 1291 2184 Besitz
1312 2138 1357 2184 zu
1380 2110 1508 2187 Grobs.

1376 2250 1549 2321 Froakfort
1572 2254 1634 2310 949
1658 2250 1782 2309 Jaaoor
1802 2254 1854 2311 24.
1917 2286 1920 2291 ·

356 2444 477 2518 Diplom
499 2441 714 2513 aweifelhofter
738 2440 931 2514 Orminolitdt
952 2441 995 2498 im
1018 2437 1209 2509 Stiftsarchiv
1229 2457 1270 2496 au
1293 2437 1466 2496 Einsiedeln
1488 2435 1547 2515 (Α).

356 2582 530 2641 Hortmorm
551 2578 630 2638 Arm.
655 2579 775 2636 Hanni
798 2580 840 2636 48
862 2594 919 2635 aas
941 2574 970 2634 A
991 2594 1033 2633 aa
1055 2577 1127 2634 948.
1150 2608 1191 2616 -
1217 2574 1361 2633 Placidus
1383 2576 1534 2634 Reimarus
1555 2573 1626 2632 Dec.
1657 2575 1735 2631 areb.
1767 2573 1896 2632 Eiasidl.

356 2688 427 2756 2,1
452 2689 487 2741 πθ
511 2687 529 2741 1
552 2700 608 2740 aas
629 2680 668 2741 A.
691 2714 734 2724 —
758 2682 895 2752 Herrpott
921 2677 1041 2737 Geneal.
1063 2681 1094 2748 2,
1119 2681 1159 2737 75
1182 2684 1216 2734 πθ
1237 2682 1299 2737 129
1323 2696 1379 2736 aas
1402 2678 1429 2734 A
1455 2696 1495 2735 aa
1517 2681 1580 2736 950
1605 2700 1644 2728 =
1668 2678 1792 2735 Kremcr
1818 2676 1897 2750 Orip.

355 2788 446 2847 Nass.
467 2790 499 2857 2,
524 2789 566 2845 68
591 2791 626 2842 a⁰
649 2787 689 2844 46
711 2802 752 2842 aa
774 2786 846 2844 948.
876 2816 918 2826 -
946 2782 1075 2841 Boleatcr
1096 2783 1168 2855 Rea.
1193 2784 1253 2841 151
1277 2800 1318 2840 ro
1340 2785 1412 2840 949.
1442 2817 1484 2824 -
1514 2780 1641 2854 &arans
1659 2782 1730 2854 Ray.
1754 2785 1826 2841 172.
1857 2815 1898 2823 -

357 2892 472 2950 Hidber
492 2891 562 2964 Ray.
587 2892 673 2950 1028
694 2907 735 2947 aa
757 2891 829 2949 948.

356 3028 459 3086 Dictat
480 3028 531 3086 des
553 3025 621 3086 BA.
661 3008 752 3086 [leber
774 3027 832 3084 den
852 3026 1005 3086 Sebrciber
1025 3042 1048 3084 s.
1073 3022 1141 3084 DO.
1166 3028 1217 3084 94.

359 3215 418 3296 (C.)
441 3214 456 3295 Β
477 3213 517 3277 In
539 3214 670 3277 nomine
693 3221 827 3277 sanctae
850 3221 882 3274 ct
904 3209 1069 3295 individue
1092 3210 1257 3274 trinitatis.
1288 3207 1366 3273 Otto
1391 3208 1502 3274 divina
1523 3208 1704 3272 auxiliante
1726 3209 1901 3274 clementia

206 3316 239 3368 ’ὦ
262 3339 325 3380 rex.
422 3317 542 3381 Norit⁸
572 3316 715 3380 omnium
737 3313 883 3378 fidelium
904 3323 1090 3379 nostrorum
1113 3314 1311 3399 presentium
1335 3323 1432 3399 atque
1455 3314 1638 3378 futurorum
1661 3310 1815 3396 sagaci-l
1836 3323 1897 3395 tas,

262 3417 394 3504 qualiter
415 3442 477 3484 nos
500 3441 559 3505 pro
582 3416 724 3483 remedio
747 3419 855 3502 anime
878 3427 1008 3482 nostrae
1031 3426 1063 3482 ct
1085 3427 1196 3501 eterna
1218 3420 1494 3499 remuneratione,
1518 3416 1741 3481 admonitione
1763 3439 1803 3481 ac
1827 3439 1899 3500 sug·

262 3525 401 3606 gestione
423 3522 482 3588 filii
505 3524 608 3588 nostri
631 3521 765 3587 Liutolfi
788 3545 829 3588 ac
851 3522 1044 3586 Herimanni
1068 3520 1172 3603 ducis,
1196 3520 1355 3606 quasdam
1384 3543 1436 3585 res
1459 3521 1537 3584 iuris
1559 3520 1663 3585 nostri
1685 3520 1719 3583 in
1742 3521 1900 3585 comitatu

261 3626 401 3692 eiusdem
424 3626 518 3692 ducis
541 3626 733 3691 Herimanni
756 3626 857 3689 Recia
886 3626 920 3690 in
942 3624 1021 3689 villa
1045 3623 1281 3705 Quadrauedcs
1308 3626 1478 3689 nominata
1509 3632 1641 3687 sanctae
1671 3622 1723 3686 dei
1752 3623 1900 3706 genitrici

261 3729 380 3796 Mar-iae
403 3742 436 3796 et
459 3740 573 3796 sancto
596 3729 756 3795 Mauricio
780 3731 905 3795 martiri
935 3751 974 3793 ac
1004 3730 1118 3795 ceteris
1143 3730 1264 3795 sanctis
1287 3750 1425 3814 qnorum
1447 3729 1521 3812 iuge
1545 3726 1737 3811 obsequium
1760 3728 1793 3789 in
1816 3726 1899 3790 silva

215 3835 343 3898 aretin
364 3833 440 3900 loco
467 3831 752 3919 Meginratescella
774 3832 816 3897 ab
843 3832 1035 3898 Eberhardo
1058 3832 1216 3898 heremita
1239 3855 1314 3897 cum
1336 3832 1452 3896 ceteris
1474 3830 1629 3895 fratribus
1645 3830 1679 3894 in
1696 3828 1810 3894 eodem
1826 3828 1900 3894 loco

262 3938 439 4002 monastica
460 3936 618 4021 religione
640 3934 831 4018 celebratur,
854 3936 1087 4022 perpetualiter
1109 3938 1142 4000 in
1165 3937 1334 4021 proprium
1356 3935 1588 4016 concessimus,
1612 3932 1647 3997 id
1662 3944 1712 3998 est
1726 3932 1900 3997 ecclesiam

263 4050 402 4106 nostram
424 4062 501 4105 curn
522 4039 658 4104 decimis
681 4041 747 4105 suis
770 4049 803 4104 et
824 4041 984 4106 universis
1008 4040 1209 4126 pertinentiis
1232 4038 1309 4103 illuc
1330 4037 1480 4122 legaliter
1501 4036 1736 4122 aspicientibus
1758 4059 1900 4102 necnon

264 4152 291 4207 et
309 4153 431 4209 terram
454 4142 652 4208 dominicam
675 4164 750 4207 cum
773 4142 923 4207 omnibus
946 4145 980 4207 in
1003 4143 1130 4228 prefata
1152 4142 1230 4206 villa
1253 4141 1297 4206 ad
1310 4151 1457 4206 nostram
1472 4140 1616 4224 regalem
1631 4142 1811 4225 potentiam
1828 4162 1900 4225 per-

265 4247 450 4330 h'nentibus,
483 4245 518 4311 id
551 4255 600 4311 est
628 4246 797 4312 curtilibus
829 4245 965 4311 edificiis
993 4246 1146 4311 censibus
1174 4247 1267 4311 terris
1296 4246 1383 4330 agris
1412 4246 1514 4330 pratis
1537 4245 1670 4329 pascuis
1693 4243 1783 4331 silvis
1807 4244 1900 4330 aquis

230 4360 457 4438 torquatumve
480 4349 670 4416 decursibus
693 4348 886 4415 molendinis
909 4348 1146 4434 piscationibus
1168 4350 1231 4414 viis
1260 4359 1292 4414 et
1320 4349 1417 4412 inviis
1438 4346 1614 4412 mobihbus
1637 4357 1669 4411 et
1691 4345 1900 4411 inmohihbns

268 4456 345 4519 etin
368 4454 457 4519 omni
481 4454 623 4518 servitio.
667 4452 826 4518 Iussimus
850 4474 979 4539 quoqne
1001 4451 1077 4516 inde
1099 4452 1162 4518 hoc
1184 4473 1318 4537 presens
1342 4459 1532 4536 preceptum
1555 4449 1718 4515 conscribi
1741 4472 1799 4534 per
1814 4447 1901 4535 quod

269 4556 408 4623 volumus
435 4557 635 4644 firmiterque
663 4556 829 4640 iubemus,
865 4568 1025 4643 quatenus
1054 4565 1252 4620 memoratus
1276 4553 1327 4619 dei
1351 4553 1493 4619 famulus
1515 4552 1726 4618 Eberhardus
1749 4564 1781 4617 et
1804 4553 1901 4618 ceteri

270 4657 375 4725 fratres
396 4682 437 4726 ac
460 4682 666 4726 successores
689 4682 801 4726 comm
823 4682 909 4726 nunc
933 4669 965 4724 et
988 4658 1143 4744 deinceps
1159 4659 1193 4722 in
1207 4657 1370 4743 ipsoloco
1387 4655 1516 4722 Christo
1540 4656 1714 4721 militantes
1739 4656 1901 4741 stipendia

271 4761 388 4829 illorum
409 4763 455 4828 ibi
477 4761 680 4828 melioranda
703 4761 744 4826 de
767 4764 996 4849 suprascriptis
1018 4772 1151 4827 nostrae
1171 4762 1353 4846 largitionis
1376 4760 1473 4825 rebus
1496 4782 1535 4823 ac
1550 4759 1631 4824 locis
1647 4757 1783 4823 liberam
1799 4769 1900 4823 aeter-

239 4866 376 4934 sohar
397 4869 567 4935 obtineant
588 4876 794 4953 potestatem,
817 4889 916 4932 mann
938 4868 1071 4953 propria
1091 4876 1205 4931 nostra
1227 4866 1392 4930 firmatum
1406 4863 1569 4948 anuloque
1583 4872 1695 4927 nostro
1713 4861 1900 4946 sigillatum.

361 5002 376 5085 Ι
396 5005 534 5092 Signum
556 5005 667 5070 domni
691 5002 821 5069 Ottonis
846 5005 910 5085 (Μ.)
935 5005 1140 5071 invictissimi
1162 5005 1258 5088 regis.
1281 4998 1295 5083 l

362 5105 484 5187 len
505 5107 720 5174 cancellarius
743 5105 894 5171 advicem
915 5105 1078 5172 Fridurici
1099 5107 1299 5192 recognovit.
1321 5100 1336 5182 l
1357 5104 1413 5186 (SI.
1437 5103 1488 5185 D.)
1510 5103 1593 5185 (SR.)

350 5275 405 5332 lot.
432 5277 589 5348 [Ottenthal]
692 5279 719 5341 a)
737 5277 842 5330 actaO
939 5279 969 5342 b)
990 5276 1231 5344 GFrankonefurt
1248 5274 1284 5328 Β.

351 5379 405 5438 193.
431 5381 540 5454 [Sicksl]
641 5384 669 5447 a)
687 5381 718 5436 A.
