4500 6420
245 424 309 491 363
842 433 1293 491 KAISERURKUNDEN.

246 630 356 681 ecclesie
378 620 583 680 in'slimonium
605 632 723 695 ipsorum
746 631 933 681 monachorum
956 648 972 678 s
994 624 1180 695 preceptumm
1205 631 1317 694 largitus
1340 626 1399 699 est,
1423 633 1607 697 Pampanisco,
1630 632 1769 697 Ganzaka,
1791 634 1892 683 'lizano

245 750 304 785 cum
326 735 519 798 piseationibus
542 735 597 784 suis
619 750 649 796 s,
677 734 776 795 Ariola,
804 735 909 795 Limite,
938 736 1056 797 Testeto,
1079 735 1189 799 Riparia
1210 752 1271 785 cum
1293 741 1369 800 porto
1392 729 1425 785 oi
1447 752 1506 786 cum
1530 738 1651 800 piscariis
1673 724 1740 786 suis
1763 754 1794 800 s,
1822 738 1891 787 Pan·

245 840 320 888 clano
350 854 410 888 cum
439 838 551 887 ecclesia
578 839 662 887 sancti
691 838 840 888 sebastiani
869 834 900 887 et
929 824 994 887 alia
1024 824 1129 887 sancii
1156 821 1297 908 Philippi
1327 854 1387 887 cum
1415 841 1530 903 piscaria
1559 839 1591 889 de
1620 840 1731 896 Cenaeo,
1758 840 1891 903 Balearis,

244 942 404 1001 Ducentnla,
427 942 577 1003 Valeriana,
600 941 730 991 Gussiaco
754 949 780 991 ct
803 942 901 991 casella
924 959 983 991 cum
1006 947 1063 991 orto
1086 942 1114 989 in
1136 941 1219 1006 Papia
1242 944 1310 992 inter
1332 942 1399 992 duos
1422 947 1516 1007 pontes
1539 948 1565 992 et
1586 943 1766 993 molendinum
1789 945 1817 992 in
1841 942 1890 993 Ca·

245 1051 350 1101 terena,
378 1046 406 1093 in
428 1045 526 1094 finibus
549 1046 733 1110 Bergomensis
756 1046 940 1107 Columlmrio,
969 1047 997 1093 in
1020 1045 1183 1095 Taurinense
1206 1045 1335 1106 Auriade,
1364 1045 1562 1096 Mediolanense
1584 1048 1612 1095 in
1635 1048 1763 1109 Questro,
1797 1048 1924 1097 senciot)

244 1148 392 1209 Vincentio,
416 1153 507 1196 sancto
530 1148 653 1209 Martino,
678 1146 870 1201 Concoradeni.
893 1163 935 1197 res
958 1146 1097 1208 ddelrade,
1122 1146 1336 1211 Carpanctulunr,
1360 1148 1492 1197 Ganabara
1519 1155 1593 1197 etun
1616 1131 1755 1197 eeclesia
1778 1144 1890 1198 sancte
1914 1168 1917 1173 ·

245 1234 347 1299 Mario
377 1244 410 1298 ei
437 1233 503 1298 alia
532 1236 637 1300 sancti
665 1235 751 1299 Petri
779 1256 805 1300 et
834 1266 924 1299 ornnes
954 1251 1069 1300 decimas
1097 1250 1211 1314 desuper
1222 1246 1235 1272 ¹¹
1268 1258 1349 1299 totam
1377 1252 1512 1300 abbatiam
1542 1254 1568 1301 iu
1596 1268 1661 1301 usus
1690 1268 1837 1317 pauperum
1864 1260 1890 1303 st

243 1354 385 1417 hospitum,
408 1360 501 1403 sancta
515 1354 601 1402 Maria
616 1346 661 1413 [iu]
677 1354 854 1417 Gausuringo,
878 1353 987 1403 llildros
1001 1370 1017 1400 s
1033 1360 1059 1402 et
1081 1368 1122 1403 rcs
1145 1352 1259 1402 Baldulti
1282 1354 1386 1403 clastris
1402 1361 1428 1403 et
1443 1354 1567 1403 Lsndulli
1590 1354 1694 1404 diaconi
1711 1356 1738 1403 iu
1753 1354 1890 1405 (iraniano

244 1464 270 1508 et
292 1459 454 1523 Ragimperti
477 1475 506 1515 s,
529 1458 656 1523 quasdam
680 1474 721 1507 res
745 1458 901 1507 Verussisco
925 1462 950 1506 et
974 1472 1076 1506 omnem
1101 1456 1266 1505 medietatem
1290 1456 1322 1506 de
1346 1458 1459 1520 piscaria
1483 1459 1509 1506 iu
1533 1458 1680 1513 (lelonisco,
1707 1474 1749 1508 res
1772 1459 1889 1509 liertaldi

244 1562 347 1610 comitis
377 1576 444 1625 qum
471 1563 500 1609 in
529 1563 649 1625 precaria
671 1562 764 1611 babuit
786 1578 816 1622 s,
847 1566 873 1610 ct
896 1576 985 1610 tvnrnes
1008 1568 1093 1610 cortes
1117 1565 1143 1608 et
1166 1559 1242 1608 villas
1265 1575 1315 1623 que
1339 1564 1401 1609 sunt
1423 1562 1450 1608 in
1473 1561 1571 1609 Tuscia
1593 1561 1624 1610 dc
1652 1563 1709 1625 ipsa
1731 1564 1891 1625 pertinentia
1911 1568 1943 1615 te

244 1681 304 1714 cum
333 1664 437 1713 illarum
466 1651 683 1734 pertinentiis,
712 1666 844 1725 ltlontale,
873 1681 914 1714 res
942 1667 969 1714 in
998 1663 1168 1714 Cornmaculo
1198 1679 1257 1712 eum
1287 1663 1379 1712 salinis
1405 1672 1431 1711 ct
1454 1679 1513 1712 cum
1537 1664 1641 1713 toloneo
1665 1663 1697 1714 de
1719 1665 1841 1715 Ferraria
1863 1672 1891 1716 et

244 1784 321 1817 otone
345 1769 484 1833 ripaticum
507 1768 539 1818 de
562 1770 655 1819 ceteris
678 1770 813 1832 portibus,
844 1774 986 1818 mercatum
1010 1770 1036 1816 in
1060 1769 1178 1817 Macreta
1200 1772 1226 1817 et
1240 1766 1339 1834 ¹Novas
1362 1773 1388 1816 et
1410 1767 1501 1815 Briniu
1524 1773 1550 1817 et
1573 1770 1661 1817 omnia
1684 1785 1735 1833 quc
1758 1763 1814 1819 ad⁰
1843 1773 1888 1820 sti-

244 1871 342 1934 pendia
364 1871 474 1920 fratrum
497 1873 630 1936 pertinent
651 1873 720 1921 iuste
743 1878 769 1921 et
792 1871 912 1936 legaliter
935 1873 962 1919 in
985 1876 1041 1920 tota
1063 1870 1148 1920 Italia.
1187 1870 1282 1919 (lrnniu
1304 1871 1385 1933 igitur
1407 1870 1456 1919 bec
1478 1886 1529 1935 que
1552 1873 1674 1935 superius
1696 1874 1796 1922 inserta
1817 1882 1887 1937 sunt,

243 1975 312 2022 sicut
334 1973 367 2022 ad
390 1974 502 2024 eundem
525 1990 628 2024 sacrum
652 1981 678 2025 et
699 1975 877 2027 venerabilem
899 1975 987 2024 locum
1010 1974 1131 2038 delegata
1146 1979 1172 2022 et
1187 1989 1233 2036 per
1248 1979 1372 2037 precepta
1386 1973 1600 2037 predecessorum
1624 1982 1772 2025 nostrorum
1796 1993 1886 2043 regum

243 2081 270 2126 et
292 2079 479 2141 imperatorum
500 2077 598 2127 tradita
621 2084 647 2127 et
669 2077 824 2127 confirmata
847 2084 1003 2137 noscuntur,
1038 2078 1075 2125 ita
1097 2091 1156 2125 curn
1179 2077 1249 2125 ornni
1273 2077 1422 2139 integritate
1446 2082 1472 2126 ct
1495 2094 1555 2127 cum
1578 2080 1700 2129 omnibus
1722 2080 1756 2130 ad
1779 2098 1807 2131 se
1829 2098 1886 2146 per·
1907 2080 1939 2128 15

242 2183 389 2231 tinentibus
411 2198 470 2231 cum
495 2183 649 2231 massaritiis
672 2187 698 2232 et
720 2182 827 2231 ianmlis
849 2197 895 2230 seu
919 2183 1021 2230 cunetis
1043 2182 1199 2232 ercliaceutiis
1222 2182 1271 2230 sub
1299 2183 1369 2229 omui
1398 2182 1548 2245 integritate
1576 2188 1602 2232 ct
1631 2200 1734 2249 queque
1763 2185 1888 2251 deinceps

242 2285 292 2348 ipsi
316 2299 381 2333 sana
402 2285 531 2333 industria
554 2286 596 2333 vel
619 2285 797 2349 quorumlibet
820 2284 1029 2333 Christianorum
1051 2285 1169 2349 legitima
1191 2284 1332 2333 collatione
1355 2284 1493 2349 adquirere
1515 2288 1657 2350 potuerint.
1681 2289 1839 2337 inconvulsa
1861 2296 1887 2339 et

242 2394 369 2450 perpetua
397 2388 541 2437 stabilitate
569 2388 738 2437 coricedimus
767 2388 857 2438 baberi
887 2388 1015 2452 possideri
1044 2394 1070 2438 et
1097 2388 1131 2436 ad
1160 2394 1251 2436 votum
1280 2389 1397 2451 ipsorum
1424 2390 1616 2445 rationabiliter
1628 2386 1641 2423 Ρ
1663 2391 1696 2440 ab
1720 2392 1817 2441 abbate
1839 2394 1885 2456 qui

243 2507 289 2554 pro
313 2496 429 2554 tempore
452 2490 532 2540 inerit
554 2492 587 2540 ab
611 2493 675 2556 ipsis
698 2492 798 2541 electus
820 2491 945 2542 ordinari.
978 2492 1064 2556 Igitur
1086 2492 1149 2556 quia
1172 2508 1218 2555 pro
1242 2506 1344 2540 summa
1366 2493 1403 2540 rei
1427 2494 1532 2556 publice
1555 2496 1711 2544 necessitate
1735 2496 1861 2561 pacisque
1873 2491 1886 2529 ‘¹

243 2594 433 2658 tranquillitate
456 2593 584 2657 prefatam
607 2594 763 2645 divisionem
787 2596 909 2645 volumus
931 2596 988 2645 iore
1011 2598 1222 2657 corroboratam,
1253 2597 1374 2645 iubentus
1397 2603 1476 2661 atque
1500 2598 1656 2647 onmiruodis
1679 2601 1832 2661 statuimus,
1857 2606 1887 2649 ut
1905 2604 1939 2651 ‘20

243 2699 274 2747 de
298 2699 389 2748 eadem
411 2704 485 2763 parte
508 2698 549 2748 vel
573 2714 624 2764 que
647 2700 743 2749 abhinc
767 2701 793 2748 iu
816 2716 865 2750 usu
890 2701 1005 2763 ipsorum
1029 2700 1217 2749 ruonaclrorum
1240 2699 1329 2748 ‹livina
1356 2701 1441 2763 pietas
1469 2702 1560 2765 augeri
1590 2701 1748 2759 decreverit,
1781 2704 1885 2752 interim

242 2801 304 2850 dum
327 2801 433 2850 domino
456 2801 603 2864 opitulante
625 2794 682 2850 adr
704 2803 844 2866 pristinum
867 2810 1005 2854 revocetur
1027 2808 1137 2866 statum,
1167 2804 1237 2867 «quiid
1260 2819 1308 2852 nos
1331 2805 1487 2852 oruuinrodis
1516 2811 1652 2868 optamus,
1688 2806 1777 2854 nullus
1807 2806 1885 2855 iudex

242 2905 365 2969 publicus
387 2921 403 2952 e
425 2906 520 2954 nessus
543 2905 692 2956 discurrens
714 2922 763 2956 nec.
785 2908 910 2971 quislibet
933 2913 1082 2957 nostrorum
1109 2907 1224 2956 fidelium
1254 2907 1368 2972 aliquant
1398 2924 1459 2971 sepe
1489 2909 1550 2957 fatis
1579 2910 1715 2958 morraclris
1743 2926 1885 2975 corumque

240 3008 347 3057 iarrviliis
370 3010 503 3058 massariis
525 3010 676 3059 aldionibus
698 3016 745 3060 aut
767 3011 991 3060 commendaticiis
1015 3012 1167 3061 violentiam
1191 3012 1285 3061 inferre
1308 3020 1455 3076 presumat,
1484 3013 1623 3077 nullasque
1642 3002 1816 3064 redibitiones
1839 3020 1886 3063 aut

240 3111 361 3176 publicas
390 3113 516 3162 excubias
539 3113 581 3163 vel
609 3119 715 3177 parietas
744 3116 799 3164 sive
828 3116 950 3179 aligarius
980 3130 1026 3163 seu
1055 3116 1240 3163 instructiones
1270 3131 1403 3165 taurorum
1433 3117 1518 3167 facere
1548 3117 1589 3166 vel
1617 3117 1766 3180 persolvere
1791 3132 1885 3182 cogan-
1904 3124 1937 3170 ‘ib

241 3221 290 3274 tur,
319 3210 428 3265 nullas⁸
456 3218 576 3280 pontium
605 3233 688 3267 novas
716 3219 759 3268 vel
788 3224 890 3268 veteres
920 3220 1077 3268 structiones
1106 3235 1183 3283 agere
1211 3220 1252 3268 vel
1282 3235 1408 3269 renovare
1438 3221 1643 3284 compellantur,
1677 3237 1753 3270 nemo
1776 3222 1884 3284 inipso

240 3321 398 3370 monasterio
412 3321 456 3370 vel
477 3322 506 3369 in
528 3321 643 3386 reliquas
667 3322 723 3370 eius
746 3323 925 3385 possessiones
948 3322 982 3371 ad
1004 3323 1101 3385 placita
1125 3322 1289 3371 observanda
1306 3322 1346 3372 vcl
1369 3324 1535 3373 fideiussores
1558 3325 1689 3375 tollendos
1713 3340 1760 3373 uec
1784 3324 1885 3373 inlicita

240 3425 398 3489 requirenda
419 3426 516 3475 uostris
539 3432 565 3475 et
587 3426 683 3474 trituris
706 3426 869 3489 temporibus
897 3425 998 3489 ingredi
1022 3425 1131 3487 atrdcat,
1166 3425 1255 3473 nullus
1283 3426 1447 3475 niallaturam
1479 3434 1523 3475 eurt
1553 3433 1650 3476 tortian
1679 3426 1885 3476 atlvccatoribus

240 3545 329 3577 eorum
352 3545 462 3592 qumere
484 3535 601 3591 conetur,
631 3529 676 3578 sed
705 3529 784 3577 liceat
810 3529 847 3577 cis
871 3529 970 3592 absque
993 3530 1074 3578 ullius
1098 3530 1238 3578 reiectione
1262 3544 1356 3578 causas
1379 3535 1405 3578 et
1427 3530 1557 3592 rnancipia
1580 3535 1606 3578 et
1628 3546 1669 3579 res
1693 3530 1809 3580 eiusdem
1832 3530 1884 3579 loci

240 3633 351 3695 pleniter
373 3633 524 3697 adquirere,
555 3648 630 3681 nenio
654 3633 794 3680 massarius
817 3638 863 3679 aut
886 3631 1030 3681 libellarios
1052 3640 1098 3681 aut
1121 3631 1239 3681 aldiones
1262 3633 1317 3681 sive
1341 3617 1466 3682 t'aticiost
1494 3648 1583 3681 corum
1613 3632 1769 3697 distringere
1792 3638 1884 3681 contra
1902 3636 1936 3683 30

240 3737 281 3782 ius
297 3735 401 3783 audeat.
436 3734 494 3795 Qus
518 3751 566 3783 nos
589 3736 712 3784 universa
736 3734 832 3783 idcirco
856 3736 1034 3784 concessimus
1057 3741 1083 3785 et
1106 3734 1318 3798 perdonavimus,
1341 3736 1466 3798 ‹pratiuus
1488 3750 1535 3797 pro
1559 3740 1650 3783 nostra
1672 3736 1785 3799 stregai
1802 3735 1883 3783 riustri

241 3832 435 3901 tideliuurqueu
464 3843 613 3887 nostrorum
643 3837 728 3886 salute
757 3821 901 3887 divinam
930 3838 1135 3888 misericordiam
1164 3838 1348 3887 delectabilius
1377 3853 1484 3887 exorare
1513 3837 1573 3885 illos
1602 3838 1727 3899 delectet3
1758 3844 1783 3887 et
1806 3839 1827 3886 si
1851 3853 1883 3886 ex

239 3942 318 3989 rebus
341 3942 444 3991 illorum
468 3943 576 4006 quercla
597 3948 655 3991 orta
684 3942 763 3991 t'uorit
793 3943 895 4009 aliqua,
928 3949 1019 3993 trustra
1048 3950 1094 3992 erut
1123 3935 1266 3991 iudicuml
1295 3951 1444 3990 nostrorum
1468 3940 1589 3989 volumus
1613 3956 1658 4005 pcr
1687 3942 1882 4004 inquisitionem

239 4046 470 4095 circamanentium
501 4045 647 4095 diffiniatur
676 4047 815 4109 presentia.
861 4047 888 4094 Si
918 4047 977 4110 quis
1006 4047 1087 4111 igitar
1115 4052 1207 4095 contra
1235 4046 1284 4094 lroc
1314 4051 1401 4093 nostre
1428 4045 1606 4094 concessionis
1628 4052 1654 4093 ot
1676 4044 1883 4094 confirmationis

240 4155 391 4211 preceptum
414 4164 481 4197 ausu
504 4149 605 4198 ncirrrio
628 4151 763 4212 insurgere
787 4150 827 4199 vel
851 4150 993 4213 infringere
1020 4149 1162 4213 quesierit,
1197 4147 1267 4211 (quiid
1298 4148 1371 4196 nullo
1402 4147 1479 4197 niodo
1509 4148 1652 4209 credimus,
1687 4154 1798 4197 coriatus
1825 4150 1881 4197 eius
1900 4148 1934 4195 3ῦ

240 4253 328 4300 irritus
351 4252 397 4300 liat
419 4246 567 4317 sciatquc'
589 4269 616 4302 sc
640 4254 845 4317 compositurum
869 4255 926 4301 auri
951 4253 1041 4302 obrizii
1066 4253 1146 4301 libras
1169 4250 1253 4312 atille,
1288 4251 1452 4301 medietatem
1476 4267 1577 4301 camere
1601 4258 1688 4302 nostre
1712 4257 1737 4302 et
1760 4252 1883 4302 rncdieta-

239 4362 290 4402 tem
314 4356 492 4418 suprascripte
514 4372 530 4401 s
553 4356 759 4420 congregationi.
796 4356 832 4403 Et
855 4362 884 4403 ut
907 4356 954 4405 lrec
977 4360 1068 4403 nostra
1090 4357 1234 4405 auotoritas
1257 4354 1330 4403 lirina
1354 4360 1379 4403 et
1402 4355 1563 4404 inviolabilis
1593 4371 1639 4418 pcr
1669 4356 1758 4405 sutura
1780 4372 1883 4420 semper

239 4465 356 4520 tempora
379 4463 483 4507 maneat
505 4473 536 4507 ac
559 4460 592 4507 ab
616 4459 746 4507 universis
770 4458 891 4508 tidclibus
914 4460 1011 4507 certius
1035 4459 1164 4515 credatur,
1195 4460 1317 4508 manibus
1340 4445 1459 4506 nostris
1482 4460 1595 4522 propriis
1618 4460 1708 4508 subter
1731 4460 1882 4508 corrobora-

239 4562 324 4609 vimus
347 4568 372 4609 et
395 4561 469 4610 anuli
492 4564 573 4610 nostri
598 4563 768 4625 impressione
791 4561 923 4623 etelsignari
948 4563 1080 4610 iussimus.

341 4708 476 4789 Signum
500 4708 611 4773 domui
635 4708 765 4773 Ottonis
789 4709 992 4774 invictissimi
1017 4711 1220 4793 imperatoris
1243 4710 1306 4788 (tt.)
1899 4732 1933 4778 te

342 4828 505 4893 Liutulsus
528 4829 744 4894 cancellarius
768 4828 918 4893 advicern
940 4830 1104 4893 Brunonis
1128 4829 1380 4914 archicapellani
1404 4834 1577 4913 recognovi
1602 4842 1633 4894 et
1656 4833 1844 4916 subscripsi.

344 4989 429 5054 tiata
462 5002 555 5056 sexto
587 5016 691 5057 trenas
721 4992 832 5076 aprilis
867 5015 952 5057 anno
987 4992 1169 5056 dorniuicae
1204 4995 1437 5057 incarnationis
1471 5010 1669 5072 ticeccbxn,
1705 4994 1882 5059 indictione

238 5095 365 5175 quinta,
397 5117 484 5158 anno
508 5097 633 5179 imperii
659 5097 852 5159 serenissimi
879 5094 1010 5159 (ittonis
1033 5098 1238 5180 imperatoris
1262 5098 1384 5181 prim03
1415 5106 1522 5161 actum
1545 5098 1647 5182 Papio
1670 5100 1826 5176 eivibttis3
1849 5102 1881 5163 iu

239 5194 358 5259 Christi
381 5199 512 5262 nomine
535 5198 671 5263 feliciter
693 5220 798 5262 amen.

324 5414 382 5467 240.
411 5422 445 5477 m)
465 5418 533 5468 A:
547 5420 607 5472 Do.
623 5429 665 5481 1r.‚
694 5421 880 5471 monachorum
904 5438 950 5485 per
972 5438 1019 5472 suc
1044 5425 1262 5474 excellentissime
1286 5425 1423 5490 dignitatis
1442 5431 1594 5489 preceptum
1612 5424 1665 5474 VU.
1771 5432 1798 5487 n)
1817 5426 1879 5485 VU,
1899 5435 1932 5482 46

409 5486 525 5552 supersi
632 5489 658 5554 o)
679 5507 710 5539 er
729 5488 790 5551 Vll,
816 5488 846 5549 A,
871 5490 931 5540 Do.
947 5498 975 5539 11.
1080 5496 1106 5558 p)
1123 5493 1361 5543 rationabiliumA
1466 5502 1491 5557 q)
1511 5497 1583 5558 pacis
1602 5492 1674 5543 acA
1773 5499 1795 5553 r)
1815 5494 1880 5545 etei

409 5558 431 5615 s)
451 5558 540 5606 nullus
552 5556 576 5607 A
587 5580 619 5603 =
634 5558 694 5609 Do,
709 5568 749 5623 IL,
769 5566 794 5607 ct
811 5560 899 5607 nullus
920 5559 971 5610 VU.
1053 5562 1073 5624 t)
1091 5561 1122 5622 A,
1142 5562 1261 5611 facticios
1280 5560 1333 5611 Vll.
1422 5564 1449 5615 ul
1468 5562 1666 5626 fidelioremque
1686 5562 1706 5611 :l
1796 5566 1823 5628 v)
1842 5567 1880 5613 iu·

408 5624 535 5741 gichorum
555 5626 576 5676 sl
685 5628 720 5690 w)
739 5635 768 5676 ut
790 5634 899 5677 conatus
925 5631 980 5679 rrius
1005 5631 1091 5680 irritus
1115 5631 1160 5681 tiat
1184 5633 1251 5680 sciat
1273 5647 1301 5681 se
1324 5632 1397 5680 A:
1418 5630 1483 5687 Vll„
1510 5631 1559 5694 syl.
1586 5630 1640 5682 01).
1666 5631 1746 5696 Lorrp.
1769 5640 1797 5681 a⁰
1816 5635 1879 5693 509,
