4298 6414
880 398 1006 506 orr'o
1028 450 1052 506 1.
1077 446 1269 507 aso-ora.
1835 445 1900 512 595

354 630 626 702 assumerem,
649 631 694 691 als
717 632 765 691 die
786 632 980 704 Erebisohdfe
1002 650 1058 692 eoos
1081 635 1168 694 Prior
1190 635 1237 695 die
1259 634 1348 695 notet
1369 637 1419 696 das
1442 637 1468 694 h.
1486 635 1640 697 Severius
1662 655 1703 696 aa
1720 639 1901 699 Monstricht

355 734 463 794 wieder
483 735 608 795 ussich
629 753 669 793 su
692 736 815 810 lancea
837 736 902 794 arad
922 754 963 795 eu
985 736 1051 795 dem
1074 738 1191 797 Zsoecloe
1212 738 1280 800 Do.
1296 743 1362 801 322
1381 758 1423 800 aa
1444 740 1613 812 esttrttftea
1633 742 1762 801 suehten.

459 921 499 986 In
531 920 662 985 nomine
696 929 809 985 sancte
842 931 875 987 et
907 921 1072 988 individue
1106 925 1271 990 trinitatis.
1318 924 1396 991 Otto
1427 927 1539 993 divina
1568 927 1699 993 favente
1729 928 1900 995 clementia

252 1048 322 1091 rex.
416 1026 597 1091 Pravorum
618 1033 757 1109 cogente
779 1025 944 1090 iniusticia
967 1049 987 1091 a
1010 1025 1061 1091 dei
1085 1029 1245 1093 timoratis
1270 1038 1422 1114 operatur
1443 1031 1588 1114 iusticia,
1617 1039 1648 1096 et
1671 1033 1756 1097 sicut
1778 1055 1899 1118 pravus

217 1149 235 1195 e
252 1133 286 1195 in
308 1131 474 1197 iniusticia
491 1131 638 1217 nequior,
663 1131 710 1194 sic
724 1130 829 1194 iustus
845 1137 1043 1214 cooperante
1060 1128 1122 1193 sibi
1138 1131 1267 1195 iusticia
1282 1130 1319 1195 fit
1333 1131 1456 1197 iustior.
1493 1131 1701 1219 Quapropter
1719 1144 1900 1219 cognoscet

253 1235 452 1320 presentium
475 1241 508 1298 et
527 1233 711 1297 futurorum
733 1231 785 1296 dei
807 1231 951 1296 fidelium
974 1232 1143 1314 industria,
1168 1233 1255 1318 quod
1279 1234 1434 1318 petitione
1449 1232 1645 1299 Rothherti⁵
1668 1236 1899 1322 archipresulis

252 1336 464 1402 Treuerensis
487 1334 624 1400 ecclesie
647 1356 821 1419 germanus
839 1343 951 1400 noster
964 1333 1081 1398 Brunb
1105 1346 1137 1399 et
1152 1336 1360 1400 Hermannus
1376 1357 1487 1402 comes
1509 1336 1667 1402 adeuntes
1691 1342 1899 1407 serenitatem

251 1449 400 1505 nostram
422 1438 589 1525 deprecati
612 1448 697 1519 sunt,
720 1447 756 1502 ut
777 1437 946 1503 abhatiam
966 1447 1078 1502 sancte
1093 1438 1196 1502 Maris
1215 1461 1278 1525 que
1293 1441 1544 1523 cognominatur
1559 1438 1672 1524 Orrea‚
1696 1443 1792 1508 sitam
1814 1444 1899 1508 infra

252 1543 491 1608 Treuerensem
518 1541 633 1606 urbem
660 1550 773 1606 nostra
800 1539 978 1626 largicione
1009 1540 1261 1607 concederemus
1292 1542 1397 1607 eidem
1426 1542 1598 1628 principali
1628 1544 1764 1611 ecclesie
1795 1547 1900 1611 sancti

206 1662 236 1710 ιο
252 1646 340 1711 Petri
357 1645 551 1710 'l'reuerensi
568 1643 609 1710 ob
627 1666 771 1709 amorem
794 1645 898 1708 sancti
920 1644 1005 1709 Petri
1030 1654 1062 1709 et
1083 1644 1275 1710 fidelitatem
1298 1644 1443 1710 eiusdem
1465 1645 1702 1732 archiepiscopi
1718 1648 1866 1714 Rotberti
1879 1659 1899 1732 ⁰,

253 1748 491 1814 subinferentes
520 1747 608 1834 quod
635 1749 806 1813 retroactis
833 1747 1035 1833 temporibus
1058 1749 1233 1814 subiacens
1256 1758 1344 1814 esset
1365 1747 1471 1813 eidem
1492 1749 1686 1815 Treuercnsi
1708 1750 1845 1817 ecclesie
1868 1762 1900 1817 et

251 1853 315 1917 hoc
345 1854 476 1938 scriptis
505 1860 538 1916 et
568 1850 868 1916 confirmationibus
900 1861 1145 1918 antecessorum
1176 1862 1360 1919 nostrorum
1388 1875 1502 1938 regum
1529 1853 1747 1938 comprobari.
1796 1857 1900 1941 Igitur

251 1958 347 2021 iustis
369 1954 586 2041 peticionibus
609 1976 721 2019 eorum
744 1957 990 2041 acquiescentes
1013 1966 1127 2021 nostra
1151 1956 1362 2022 concedimus
1384 1956 1573 2041 largicione,
1597 1959 1676 2044 quin
1697 1960 1806 2043 potius
1828 1960 1900 2026 red·

253 2059 360 2125 dimus
384 2057 552 2125 abbatiam
582 2067 695 2123 sancte
720 2057 824 2123 Marie
852 2060 886 2123 in
910 2057 1013 2124 Orreo
1043 2068 1157 2124 sancto
1185 2060 1282 2124 Petro
1312 2059 1354 2124 ad
1384 2059 1698 2146 archiepiscopalem
1727 2062 1899 2129 ecclesiam

210 2175 237 2223 lt
254 2164 391 2229 Treuire
413 2170 572 2248 perpetua
595 2161 742 2245 dacione,
765 2171 801 2227 ut
823 2185 897 2229 cum
921 2164 1070 2229 omnibus
1093 2165 1297 2250 appendiciis
1320 2166 1438 2250 iugiter
1458 2187 1497 2229 ac
1516 2167 1747 2252 perpetualiter
1762 2169 1808 2234 eis
1825 2168 1898 2235 sub-

254 2266 359 2332 datur.
404 2265 448 2329 Et
474 2273 511 2331 ut
538 2263 645 2331 nullus
674 2287 900 2331 successorum
929 2277 1114 2333 nostrorum
1141 2290 1255 2354 regum
1283 2268 1403 2334 audeat
1425 2269 1478 2333 vel
1506 2271 1612 2354 possit
1637 2271 1813 2356 infringere
1835 2272 1898 2337 hoc

253 2378 444 2456 preceptum
464 2369 647 2454 largitionis
669 2378 790 2451 nostre,
814 2368 912 2453 sigilli
933 2372 1037 2435 nostri
1061 2372 1275 2456 impressione
1297 2370 1446 2455 insigniri
1467 2372 1631 2455 iussimus,
1653 2381 1690 2438 ut
1711 2395 1770 2458 per
1788 2395 1898 2439 succe-

254 2475 365 2539 dentia
387 2482 535 2558 tempora
557 2471 786 2538 inconvulsum
808 2483 940 2539 maneat
961 2496 1021 2560 per
1043 2473 1162 2539 secula.

356 2610 495 2695 Signum
517 2609 647 2676 Ottonis
671 2611 866 2676 serenissimi
889 2613 986 2697 regis.

210 2722 237 2770 20
357 2712 472 2779 Brunb
494 2712 709 2779 cancellarius
733 2714 884 2780 advicem
906 2713 1053 2779 Rotberti
1076 2711 1353 2798 archicappellani
1376 2712 1561 2796 recognovi.

1031 2952 1118 3027 441.

988 3108 1169 3188 (Uaeeht.)

261 3246 342 3325 Otto
370 3248 511 3322 selrenkt
536 3246 606 3321 deo
632 3246 865 3324 Gonooilcern
892 3246 956 3320 der·
982 3243 1198 3344 Solebarper
1220 3246 1352 3320 Kirche
1379 3245 1449 3320 deo
1476 3246 1544 3323 Ort
1569 3245 1812 3323 Grobeastddt
1836 3249 1902 3323 mit

253 3370 359 3443 altem
386 3369 561 3442 Meter.
1530 3388 1615 3447 noar
1636 3390 1699 3449 959
1723 3387 1803 3448 Jsm·
1825 3391 1854 3448 a.

206 3609 235 3658 25
359 3595 500 3656 Urkmtde
521 3612 577 3654 aaa
600 3594 666 3652 dem
687 3593 774 3653 Ende
796 3593 846 3654 des
869 3598 920 3653 11.
938 3593 990 3653 dh.
1014 3595 1048 3652 in
1069 3591 1273 3666 Deplomform
1295 3593 1337 3650 im
1358 3593 1387 3652 t.
1402 3592 1430 3650 k.
1448 3592 1487 3651 H.
1504 3593 1544 3653 H.
1563 3593 1628 3651 aad
1643 3591 1846 3653 Stootsmehio
1859 3611 1900 3652 au

363 3699 451 3760 Wiea
472 3695 533 3776 (A).

357 3833 559 3913 (Kleimayra)
581 3834 721 3905 Juoooio,
746 3834 822 3894 Aah.
846 3837 911 3894 182
931 3840 965 3891 n⁰
988 3837 1029 3893 68
1051 3851 1107 3893 aas
1129 3834 1159 3892 B
1178 3858 1217 3886 =
1238 3833 1493 3908 Oberbayertsoheo
1515 3831 1626 3892 Archiv
1646 3836 1699 3904 27,
1724 3836 1762 3893 61
1786 3833 1900 3893 uaooll-

355 3940 484 4013 stdndiy.
508 3972 551 3983 -
572 3939 703 3997 Bdlrmer
724 3940 795 4011 Res.
818 3942 893 4000 228.
916 3972 958 3981 -
982 3936 1112 4011 §tems
1128 3940 1199 4012 Rea.
1223 3941 1296 3999 264.

356 4078 405 4136 Im
423 4077 547 4137 Grande
569 4079 633 4135 eine
647 4076 852 4149 Ercociteruao
874 4094 929 4135 son
950 4075 1018 4135 DO.
1037 4079 1109 4146 202,
1133 4076 1249 4135 welches
1263 4076 1342 4133 reiciat
1358 4074 1449 4133 alteia
1463 4074 1508 4134 als
1523 4074 1749 4148 Dictatoorlape
1773 4075 1901 4134 eoadem

357 4180 433 4239 arcet
455 4180 499 4239 ols
523 4179 755 4239 Sohreibmuster
777 4178 833 4249 sur
854 4180 908 4238 das
930 4178 1116 4238 Esclmtolcoll
1141 4179 1259 4251 sedicet
1287 4179 1346 4248 hot,
1377 4178 1517 4237 eodhrond
1544 4178 1592 4237 die
1618 4178 1730 4250 Sobrift
1753 4180 1801 4238 des
1825 4176 1899 4239 Con·

358 4289 448 4344 testes
464 4284 643 4357 Benutaunq
666 4285 743 4341 eines
765 4283 804 4341 D.
829 4283 882 4341 der
897 4282 993 4342 Solier
1014 4282 1140 4341 oerrdtlr.
1176 4280 1285 4339 Aaloss
1301 4299 1342 4340 au
1357 4281 1410 4339 der
1423 4280 1595 4354 Felsohunq
1609 4283 1719 4340 solent
1733 4282 1780 4340 die
1795 4281 1899 4342 Schera-

356 4389 437 4462 susq
459 4387 603 4446 Heinrich
621 4396 676 4446 ΙΙΙ.
707 4404 748 4445 on
775 4387 830 4445 den
858 4385 1039 4457 Erebisohos
1063 4403 1119 4445 voa
1146 4385 1290 4458 Solebam
1318 4386 1361 4442 tm
1390 4384 1422 4444 J.
1439 4387 1525 4444 1048
1548 4383 1689 4462 (Stumpf
1706 4385 1776 4460 Ray.
1800 4385 1898 4464 2347)

355 4494 481 4568 escebea
501 4511 542 4551 eu
564 4493 665 4552 haheo.

360 4698 418 4776 (Ο.)
441 4695 455 4778 ᾖ
477 4695 516 4759 In
538 4696 668 4759 nomine
692 4701 828 4759 sanctae
851 4703 883 4758 et
904 4693 1091 4759 individuae
1114 4694 1280 4758 trinitatis.
1325 4690 1403 4757 Otto
1430 4691 1541 4757 divina
1568 4692 1700 4758 favente
1728 4691 1901 4756 clementia

206 4817 236 4865 35
254 4823 324 4865 rex.
346 4803 360 4884 ξ
445 4799 652 4864 Profuturum
674 4799 769 4864 nobis
794 4798 1016 4864 indubitanter
1038 4797 1211 4879 credimus,
1235 4797 1261 4861 si
1286 4795 1505 4860 sustentandis
1521 4794 1675 4860 fratribus
1691 4818 1765 4860 curn
1780 4797 1901 4861 nostris

254 4905 350 4970 bonis
379 4903 423 4968 ad
453 4902 659 4968 serviendum
690 4902 750 4967 deo
780 4904 1007 4988 profuerimus.
1052 4900 1193 4965 Proinde
1215 4920 1307 4965 notum
1330 4915 1365 4964 sit
1387 4915 1510 4964 omnibus
1533 4896 1654 4963 Christi
1682 4913 1805 4965 fidelibus
1827 4931 1900 4980 prse-

255 5025 375 5075 sentihus
404 5024 505 5073 scilicet
534 5017 632 5092 atque
661 5007 793 5087 filturls,
823 5022 936 5086 qualiter
958 5037 1007 5070 nos
1030 5021 1064 5071 ob
1091 5035 1206 5069 amorem
1235 5017 1278 5067 dei
1306 5017 1494 5080 omnipotentis
1522 5012 1555 5065 et
1584 5000 1626 5066 Ob
1656 5023 1747 5085 spem
1775 5003 1900 5086 intemq

256 5111 369 5176 salutis
392 5141 440 5190 per
463 5127 640 5175 interventum
660 5125 790 5174 Fridarici
813 5124 971 5174 Ivnauensis
994 5124 1105 5190 ecclesie
1128 5122 1320 5186 archiepiscopi
1341 5126 1402 5169 nec
1424 5126 1489 5169 non
1514 5103 1556 5169 ob
1579 5104 1768 5188 petitionem
1790 5104 1900 5168 fratris

256 5216 324 5279 eius
347 5216 477 5279 comitis
501 5213 675 5298 Sigahardi
697 5223 795 5299 atque
820 5213 958 5278 aliorum
981 5222 1166 5278 nostrorum
1188 5209 1349 5290 fidelium,
1380 5205 1506 5272 scilicet
1528 5207 1683 5270 comitum
1705 5204 1901 5271 Uuarmunti

206 5333 239 5381 40
257 5327 289 5383 et
304 5317 488 5399 Hartuuiei,
511 5333 709 5382 quauensibus
732 5334 866 5382 canonicis
888 5334 916 5382 in
938 5331 1074 5396 praedicta
1096 5329 1162 5379 urbe
1184 5327 1288 5377 Ivufiua
1311 5326 1360 5376 deo
1384 5330 1528 5390 sanctoque
1550 5309 1645 5373 Petro
1665 5310 1804 5394 principi
1823 5331 1900 5394 apo·

258 5420 414 5487 stolorum
437 5429 470 5485 et
492 5431 606 5487 saneto
629 5437 783 5487 Ruodberto
807 5421 859 5485 die
881 5430 1046 5506 noctuque
1069 5432 1245 5484 servientibus
1275 5414 1438 5503 quendam
1465 5415 1570 5479 nostri
1597 5414 1675 5478 iuris
1704 5412 1813 5478 locum
1836 5429 1900 5480 Gra-

256 5543 379 5591 bansstat
401 5527 581 5591 vocitatum
603 5528 636 5589 in
658 5526 825 5611 proprium
848 5526 898 5590 ius
920 5522 1080 5589 tradendo
1104 5521 1299 5587 donavimus
1321 5536 1350 5585 in
1364 5549 1433 5600 pago
1449 5532 1657 5585 chiemichonue
1678 5534 1707 5582 in
1729 5533 1900 5583 comitatibus

343 5712 401 5767 tto.
430 5712 638 5781 [Folle-Uhlirz]
743 5715 769 5777 a)
784 5711 957 5766 RodhertiO
1059 5712 1086 5776 b)
1104 5705 1220 5760 Brlan
1319 5709 1343 5774 c)
1359 5707 1499 5759 Bothherti
1517 5706 1553 5758 D.

1637 5809 1698 5876 '15'
