4500 6420
911 483 1037 542 orno
1060 486 1083 540 1.
1107 480 1179 539 967.
1803 475 1868 542 485

223 663 347 745 Sabim,
370 685 430 728 nec
453 685 520 728 non
544 665 642 728 etiam
660 672 784 728 cortem
800 663 840 728 de
857 661 1015 728 Coruaria
1029 662 1114 729 unai
1137 685 1211 728 cum
1226 664 1342 729 eodem
1358 686 1474 751 campo
1495 687 1556 750 quq
1573 665 1690 730 dicitur
1708 664 1868 749 [monltek

224 765 367 833 Gabiani
390 778 423 832 et
445 767 544 832 alium
566 790 718 854 campum
741 769 795 852 qui
820 767 938 832 dicitur
959 767 1095 832 Paetina
1118 776 1150 832 et
1171 767 1250 833 villa
1273 790 1335 853 que
1364 768 1813 853 nlunlcu[pa]turNut1inula
1836 778 1868 832 et

224 893 373 935 mansum
394 869 514 935 unum¹
537 871 578 936 de
594 871 755 952 Querceto
772 880 805 935 et
820 870 898 934 villa
921 893 983 956 que
1006 871 1125 936 dicitur
1141 870 1259 955 Agiola
1275 880 1308 935 et
1322 881 1446 936 cortem
1462 871 1502 935 de
1519 871 1738 937 Stristiniano.
1768 871 1867 936 Cuius

224 974 436 1060 petitionibus
466 995 576 1039 aurem
606 974 861 1039 accomodantes
892 983 1065 1059 pretaxato
1097 972 1283 1039 Gausfredo
1317 996 1375 1058 per
1404 974 1490 1040 hanc
1524 985 1632 1059 nostre
1662 976 1867 1041 auctoritatis

190 1079 379 1162 opaginam
401 1077 610 1141 concedimus
633 1086 665 1141 et
688 1077 918 1142 confirmamus
942 1099 981 1141 ac
1007 1079 1134 1162 penitus
1158 1077 1408 1143 corroboramus
1434 1101 1546 1143 omnes
1568 1101 1620 1144 res
1650 1081 1868 1164 proprietates

225 1201 301 1244 suas
317 1201 356 1243 ac
371 1179 513 1243 familias
528 1181 696 1265 utriusque
713 1201 812 1243 sexus
835 1180 993 1244 hactenus
1017 1179 1059 1242 ab
1084 1179 1163 1243 eism
1186 1180 1269 1244 iuste
1293 1191 1325 1245 et
1347 1181 1496 1264 legaliter
1519 1192 1697 1267 possesasn
1720 1181 1868 1267 adquiri-

224 1293 274 1347 tas
298 1282 351 1348 vel
373 1283 605 1368 acquirendas,
629 1285 738 1347 omnia
762 1285 860 1347 etiam
880 1285 1096 1347 instrumenta
1119 1292 1282 1347 cartarum
1294 1293 1316 1366 ⁰,
1339 1287 1584 1370 prenominatae
1607 1287 1739 1369 insuper
1762 1294 1868 1350 cortes

224 1395 256 1451 et
278 1386 373 1451 villas
395 1389 429 1451 in
451 1388 631 1472 pretaxatis
655 1387 864 1452 comitatibus
886 1384 972 1451 unai
995 1409 1070 1451 cum
1092 1386 1237 1451 castellis
1261 1386 1396 1471 capellis
1421 1390 1522 1452 servis
1546 1397 1578 1452 et
1596 1387 1723 1452 ancillis
1742 1389 1868 1472 campis

225 1492 369 1574 pratrisg
397 1493 529 1576 pascuis
554 1490 644 1554 silvis
667 1493 761 1577 aquis
785 1512 1007 1576 aquarumque
1030 1489 1222 1555 decursibus
1245 1490 1484 1575 piscationibus
1515 1491 1646 1556 salectis
1674 1489 1868 1555 molendinis

175 1604 207 1651 10
225 1594 389 1659 montibus
412 1592 550 1658 vallibus
580 1593 778 1679 planitiebus
804 1592 924 1677 [eloltis
948 1603 979 1657 ct
1001 1592 1147 1674 incoltis,
1182 1602 1280 1677 prout
1308 1595 1393 1658 iuste
1420 1603 1453 1657 et
1481 1592 1656 1677 lelglaliter
1684 1616 1869 1679 possumus,

224 1710 261 1763 ut
288 1697 410 1763 habeat
437 1707 659 1782 potestateme
687 1697 818 1762 tenendi
846 1697 989 1762 donandi
1012 1695 1175 1762 vendendi
1199 1698 1386 1761 eomutandi
1410 1697 1574 1762 alienandi
1598 1720 1654 1761 seu
1678 1719 1735 1781 pro
1760 1699 1870 1762 anima

192 1832 196 1838 ·
225 1801 390 1868 iudicandi
413 1811 445 1867 et
468 1802 622 1887 quicquid
646 1801 824 1869 decreverit
847 1803 974 1864 animus
997 1800 1115 1864 exinde
1138 1799 1296 1882 faciendi,
1334 1802 1476 1865 omnium
1497 1801 1665 1865 hominum
1688 1799 1869 1864 contradic-

226 1907 314 1970 tione
336 1912 472 1969 remota.
512 1905 705 1989 Recepimus
729 1903 867 1988 denique
890 1924 963 1967 eum
986 1923 1061 1965 cum
1084 1902 1233 1966 omnibus
1258 1904 1392 1987 prefatis
1415 1903 1501 1970 illius
1525 1904 1790 1989 possessionibus
1814 1925 1872 1988 per

225 2010 320 2074 huius
349 2011 467 2094 pagine
497 2009 681 2072 cautionem
710 2007 770 2071 sub
799 2015 910 2090 nostre
940 2005 1138 2069 defensionis
1168 2005 1425 2089 mundburdum,
1454 2009 1670 2092 precipientes
1699 2016 1734 2072 ut
1764 2005 1870 2071 nullus

175 2120 207 2165 15
226 2112 295 2178 dux
323 2111 467 2176 marchio
500 2134 611 2176 comes
641 2113 825 2176 vicecomes
857 2133 914 2175 seu
945 2108 1098 2196 quislibet
1127 2111 1218 2192 regni
1251 2112 1353 2174 nostri
1384 2132 1504 2194 magna
1532 2132 1699 2195 parvaque
1732 2132 1871 2195 persona

226 2216 407 2300 predictum
432 2214 652 2280 Gausfredum
675 2214 716 2279 de
740 2216 889 2280 omnibus
920 2214 1117 2300 supradictis
1148 2211 1244 2277 rebus
1274 2213 1446 2279 disvestire
1474 2213 1648 2279 molestare
1671 2225 1727 2277 aut
1749 2202 1871 2299 inquie-

225 2330 294 2383 tare
318 2318 438 2384 audeat
460 2318 584 2404 absque
608 2318 707 2402 legali
729 2319 860 2383 iudicio.
901 2315 1055 2400 Damlu]s
1080 2339 1208 2403 quoque
1231 2320 1259 2381 ei
1282 2316 1448 2380 licentiam
1470 2318 1503 2380 in
1527 2316 1675 2401 placitoq
1699 2339 1793 2380 suum
1816 2316 1870 2382 ad·

226 2433 414 2486 vocatorem
442 2424 570 2486 mittero
601 2422 730 2507 qualem
759 2422 914 2505 elegeritr
944 2443 1036 2485 suam
1064 2441 1199 2501 capsam
1221 2422 1254 2483 in
1276 2419 1397 2484 iudicio
1421 2418 1570 2503 legaliter
1592 2419 1798 2485 dcfendcndi.
1837 2421 1871 2484 Si

227 2529 299 2611 quis
321 2524 443 2608 ig[itur]
468 2527 563 2590 huius
587 2535 696 2611 nostre
720 2526 974 2591 confirmationis
998 2548 1055 2590 seu
1078 2523 1356 2589 corroborationis
1379 2531 1569 2608 preceptum
1590 2545 1650 2587 noc
1674 2546 1739 2587 non
1763 2523 1871 2588 defen·

176 2642 209 2687 20
228 2629 328 2692 sionis
351 2627 591 2692 mnndburdum
614 2628 788 2711 infringere
812 2636 950 2693 conatus
973 2627 1080 2709 fuerit,
1105 2629 1188 2691 sciat
1211 2650 1246 2691 se
1270 2628 1526 2710 compositurum
1544 2627 1612 2689 auri
1633 2627 1746 2710 optimi
1770 2624 1870 2689 libras

228 2741 358 2796 centum
370 2742 389 2813 ⁸,
414 2730 646 2818 medioqatcm]
671 2731 803 2816 kamere
826 2741 937 2816 nostre
954 2741 986 2796 et
1001 2730 1209 2795 medictatem
1225 2730 1350 2814 prefato
1368 2729 1564 2795 Gausfredo.
1600 2727 1696 2809 Quod
1711 2737 1747 2792 ut
1762 2731 1870 2792 verius

230 2831 398 2898 credaturi
428 2835 678 2919 diligentiusque
707 2834 750 2899 ab
780 2834 929 2900 omnibus
961 2834 1166 2917 observetur,
1200 2833 1351 2899 manibus
1381 2836 1522 2919 propriis
1550 2832 1743 2897 roborantes
1773 2832 1870 2896 anulo

228 2948 339 3001 nostro
363 2940 510 3022 insigniri
533 2940 695 3002 iussimus.

330 3075 344 3158 {l
366 3077 501 3160 Signum
523 3075 633 3139 domni
657 3074 787 3140 Ottonis
814 3076 902 3155 (Mu.)
926 3077 1124 3140 serenissimi
1146 3075 1366 3161 imperatoris.
1388 3073 1402 3155 {l

177 3191 210 3238 ‘25
330 3177 343 3242 t
365 3178 559 3243 Ambrosius
588 3177 803 3244 cancellarius
832 3177 980 3242 advicem
1004 3178 1142 3243 Huberti
1167 3180 1312 3264 episcopi
1336 3188 1367 3242 et
1391 3173 1668 3241 archicancellarii
1695 3178 1871 3259 recognovi

230 3291 262 3346 et
285 3281 473 3367 subscripsi.
497 3286 511 3351 ll
1746 3282 1803 3359 (Sl.
1821 3281 1871 3359 D.)

330 3418 419 3482 Data
443 3437 501 3482 vu.
530 3418 573 3482 id.
597 3418 778 3483 decembris
806 3441 892 3483 anno
923 3419 1086 3484 dominice
1115 3420 1350 3483 incarnationis
1379 3432 1604 3498 muccosum,
1640 3418 1765 3501 imperii
1794 3439 1871 3482 vcro

230 3522 339 3586 domni
363 3522 494 3587 Ottonis
520 3524 653 3607 piissimi
677 3525 799 3587 cesaris
817 3542 861 3605 vl,
886 3524 1063 3588 indictione
1080 3541 1134 3605 xl;
1160 3532 1267 3586 actum
1291 3522 1427 3603 Hostia3
1451 3523 1483 3584 in
1508 3520 1557 3584 dei
1581 3523 1712 3584 nornine
1735 3520 1872 3586 feliciter

229 3648 334 3690 sinen.

178 3868 212 3913 30
1007 3848 1093 3921 353.

238 4000 317 4075 (len
345 4002 505 4097 bestefe'tiuqt
531 4002 609 4074 (lein
636 4002 781 4075 liliata·
807 4004 901 4078 (suar
925 4031 1039 4076 (revees
1065 4030 1108 4076 en
1136 4005 1293 4078 Poscere.
1320 4005 1389 4077 elen
1412 4004 1638 4076 Bcsitzstnnel
1662 4004 1767 4076 sorios
1794 4029 1871 4075 oer-

228 4123 408 4195 seln'eeleno
437 4122 561 4195 Reebte
590 4122 667 4194 verzel
691 4123 835 4195 uerleibl
864 4124 933 4195 ibin
961 4123 1027 4195 dos
1055 4124 1395 4219 Inqnr'sitionnreebt.

1413 4249 1489 4306 Rom
1513 4251 1577 4307 967
1599 4247 1756 4305 December
1777 4252 1829 4306 23.

332 4454 496 4513 Cleonaeo
510 4455 705 4513 (losoeniense
720 4472 776 4512 erres
792 4454 857 4511 ‹lene-
873 4453 958 4512 Eride
973 4453 1022 4511 vles
1039 4456 1089 4513 12.
1104 4453 1130 4512 J
1129 4453 1155 4510 lv.
1173 4452 1197 4523 s.
1212 4449 1294 4523 132,
1311 4454 1386 4526 petet
1400 4452 1467 4512 Cod.
1485 4453 1535 4511 lot.
1550 4457 1630 4513 5411
1649 4455 1701 4511 der
1715 4453 1872 4512 Nationes-l·

178 4569 210 4616 35
333 4560 488 4617 oibltoeleet
505 4578 543 4616 en
560 4561 650 4618 Paris
666 4558 724 4636 (l).

331 4697 466 4769 Dnelrerp
489 4696 591 4769 Spiell.
617 4697 660 4755 ed.
682 4706 704 4767 Ι,
730 4700 758 4766 5,
784 4701 844 4754 loo
874 4713 930 4753 vius
953 4694 981 4753 nl
1006 4719 1044 4747 =
1069 4695 1112 4751 eil.
1139 4702 1179 4764 II,
1202 4699 1232 4765 2,
1257 4698 1321 4753 942
1344 4716 1382 4745 =
1409 4694 1561 4751 llnrelorl
1588 4692 1640 4752 SS.
1663 4687 1706 4762 t’l',
1731 4696 1803 4751 827.
1831 4724 1874 4733 -

335 4801 460 4856 Riilnner
483 4801 552 4872 lon.
577 4804 650 4859 341.
740 4800 868 4871 Slumpf
886 4801 958 4871 Rege.
984 4802 1055 4858 436.

334 4937 371 4994 ll.
391 4937 427 4994 ll.
453 4938 586 4995 bennelete
604 4940 648 4997 uls
663 4940 801 4997 Illelnlor·
822 4937 929 4996 sorcold
951 4936 1007 5007 sill·
1029 4936 1083 4993 dns
1107 4936 1400 4993 Besileeerecielmiss
1423 4933 1468 4991 ols
1492 4933 1547 5003 [ἅν
1568 4934 1662 5005 elrn'pc
1685 4930 1873 5003 formellrnfle

333 5040 420 5097 Sellee
449 5041 497 5096 elie
525 5059 582 5099 reris
611 5043 682 5099 rior-lv
713 5042 912 5113 rin-liependen
941 5040 1010 5098 Μ).
1035 5040 1162 5113 Lndwig
1182 5048 1221 5098 11.
1246 5039 1532 5109 attitulationis.
1559 5037 1631 5095 lior.
1657 5040 1750 5105 1228,
1778 5038 1872 5103 1230,

179 5244 212 5288 40
317 5244 375 5297 352.
403 5248 421 5293 il
441 5246 487 5292 neit
505 5244 691 5306 tiberfllissipem
709 5242 977 5304 Ableilraenuprzeiedea
1064 5243 1091 5301 lq
1111 5242 1158 5291 der
1175 5247 1239 5291 crete
1254 5241 1328 5291 Tleil
1345 5242 1391 5291 dee
1410 5239 1505 5290 Wmees
1522 5241 1555 5288 iel
1572 5238 1655 5290 direct
1674 5241 1747 5288 cireen
1759 5237 1821 5288 Bias
1839 5239 1874 5285 im

402 5314 552 5377 Perpament
564 5313 675 5368 seretti-t,
694 5310 783 5359 <lassa
795 5310 894 5361 Gestoll
912 5311 955 5361 die
966 5312 1119 5375 Ergslinermp
1132 5318 1204 5359 corte
1216 5309 1377 5360 crassatam
1467 5309 1485 5367 ll
1505 5325 1569 5359 corr.
1589 5326 1636 5357 ans
1653 5306 1875 5371 areprr'e'nqlieliem

404 5400 494 5431 rnrrnso
514 5397 566 5429 uno
672 5380 706 5445 m)
727 5382 764 5429 cis
789 5380 851 5430 oder
873 5383 937 5445 ipsis
959 5380 1055 5429 eebeinl
1080 5379 1136 5428 bier
1157 5378 1340 5443 urepn'lnqlieb
1359 5378 1500 5443 pertundere
1524 5394 1554 5426 zu
1578 5377 1672 5456 laudm,
1698 5376 1786 5425 warde
1803 5375 1875 5424 dana

402 5468 486 5516 radiet
505 5465 557 5515 vend
568 5482 617 5515 eoa
629 5465 752 5529 jr'lnqerer·
764 5466 846 5516 Hand
857 5465 939 5516 durcb
952 5465 1000 5515 das
1011 5481 1086 5514 arceor
1100 5466 1127 5513 in
1139 5463 1223 5513 dieser
1239 5464 1398 5529 Verbindunq
1409 5463 1563 5529 gebrauchte
1582 5467 1606 5513 ei
1624 5469 1711 5514 mem
1798 5460 1825 5525 n)
1846 5477 1874 5511 es

402 5536 462 5584 iiber
473 5535 520 5584 der
531 5534 602 5584 Zeila
612 5532 798 5599 melipetrapea
886 5534 912 5593 ο)
932 5542 1035 5584 enrtnru
1053 5533 1117 5583 olma
1130 5532 1396 5597 Ablo'e'rennpmicben
1477 5532 1505 5598 p)
1526 5534 1558 5584 n.
1572 5533 1607 5583 D.
1624 5532 1875 5593 sehdntnrrprs'lnp·

402 5604 453 5651 llcli
472 5621 521 5652 nnr
544 5610 664 5653 testatem
688 5601 862 5667 parilitates,
890 5602 962 5652 donn
979 5602 1040 5651 aliar
1056 5602 1137 5665 sosort
1154 5602 1205 5653 den
1222 5602 1316 5652 aanor
1332 5601 1469 5652 wicram
1486 5619 1518 5650 siv
1535 5600 1617 5651 haben
1719 5600 1746 5665 q)
1767 5600 1873 5664 iplacito

402 5672 466 5721 ollae
488 5669 755 5733 Ablrt'raunpszer'elren
857 5672 880 5734 r)
901 5670 1081 5735 nnpn'lnylicls
1107 5673 1246 5738 elegerint,
1273 5671 1345 5721 dana
1369 5689 1385 5721 u
1409 5670 1634 5736 darelpealricben
1736 5676 1759 5729 s)
1777 5666 1874 5718 eclesiae

403 5758 456 5790 roris
473 5740 589 5805 pleiclven
608 5739 743 5790 Schneider
759 5740 946 5807 rroelepelrapen
962 5757 993 5790 ere
1010 5741 1073 5790 sein.
