4298 6414
226 451 290 519 530
821 462 1271 521 nerssauanuunnu.

330 645 417 709 Data
434 662 506 709 vm.
523 643 589 709 kal.
606 645 687 710 febr.
710 666 796 708 anno
817 643 1000 708 dominicae
1018 644 1252 707 incarnationis
1275 657 1469 723 nccccnxx,
1492 639 1673 704 indictione
1688 657 1756 724 xm,
1775 664 1839 708 amo

226 788 303 829 vero
326 767 479 851 imperii¹
502 766 611 830 domni
636 764 768 830 Ottonis
785 746 861 829 V111⁰1
869 814 877 845 ,
907 763 965 827 filii
987 771 1099 827 autem
1120 765 1189 827 eius
1212 746 1283 843 111⁰13
1313 770 1423 825 actum
1445 762 1480 823 in
1503 759 1556 825 dei
1580 760 1709 825 nomine
1732 759 1838 847 Papia-¹

1003 1018 1090 1091 389.

236 1174 316 1250 Otto
334 1176 475 1248 scheokt
491 1176 556 1248 der
574 1173 875 1269 erabiscltbflicben
892 1174 1027 1247 Kircbc
1045 1199 1090 1245 zet
1107 1170 1283 1269 Salzborq
1305 1170 1523 1268 Nidrirsbef,
1540 1169 1697 1269 fitnfzip
1712 1171 1828 1270 K'o'eiqs-

224 1295 337 1392 bufert
360 1295 520 1384 daselbst,
549 1295 619 1366 dee
641 1294 748 1366 Forat
769 1292 912 1383 See-set,
941 1293 1011 1365 dee
1038 1292 1107 1368 Ort
1131 1292 1281 1366 Leiboiz
1306 1292 1387 1365 aad
1410 1294 1534 1364 scices
1556 1292 1675 1365 Bcoitz
1699 1293 1735 1364 ie
1752 1294 1848 1373 Zeto..

1476 1430 1576 1489 Poeta
1599 1434 1662 1490 970
1682 1431 1761 1488 Mars
1778 1437 1798 1489 7.

329 1623 576 1695 Oriptneldiplem
598 1623 640 1678 iot
662 1621 689 1680 k.
708 1621 735 1678 k.
761 1621 799 1678 II.
824 1621 863 1678 H.
887 1621 952 1678 send
974 1619 1176 1678 Stactsmcte'o
1196 1636 1236 1676 se
1259 1619 1344 1679 Wico
1365 1616 1425 1696 (A).
1449 1653 1491 1660 -
1516 1618 1695 1691 Salxburqer
1714 1619 1827 1677 Kammo-

325 1727 433 1784 bttrlrer
453 1726 511 1783 Ba.
538 1730 566 1793 1,
590 1724 614 1795 s.
640 1723 689 1783 66'
712 1741 768 1782 aas
790 1723 856 1780 dero
878 1723 965 1781 ΜΒ
987 1722 1037 1780 des
1063 1725 1111 1780 13.
1128 1721 1181 1781 Jla
1205 1720 1315 1780 ebrado
1339 1720 1402 1798 (B).

327 1860 527 1940 (Kleimoprrt)
550 1862 690 1930 Juraoia,
718 1859 796 1918 Anti.
821 1862 884 1918 186
905 1866 940 1916 e⁰
963 1864 1001 1917 71
1032 1875 1088 1916 aus
1110 1856 1148 1917 A.
1178 1890 1220 1901 —-
1246 1857 1632 1918 monasterienses.
1656 1861 1685 1926 1,
1707 1860 1744 1916 29
1761 1864 1788 1913 r⁰
1804 1858 1830 1914 25

327 1984 383 2024 asts
406 1965 434 2023 A
458 1988 498 2017 =
521 1965 656 2021 Felieetti
677 1966 710 2020 irs
733 1963 827 2020 Bere.
843 1981 900 2020 sar
914 1963 1025 2019 Kuede
1041 1962 1229 2022 Stetermttrlt.
1250 1961 1532 2035 Gcscbielrtsquellre
1547 1965 1600 2028 10,
1625 1963 1668 2020 72
1688 1960 1865 2032 Frate-o

326 2069 455 2127 Bdlrmer
475 2069 546 2140 Iley.
571 2072 643 2126 371.
667 2100 709 2109 -
731 2065 859 2138 Statum(
876 2067 949 2138 Rea.
974 2068 1046 2124 483.

326 2206 436 2263 Dictat
452 2222 507 2262 ooo
525 2204 605 2273 WO,
629 2204 748 2262 eoelcber
770 2204 847 2261 auch
864 2203 921 2260 dea
937 2200 1058 2261 Gorttest
1081 2201 1242 2273 muadirte,
1265 2220 1306 2260 aa
1320 2202 1454 2260 socictate
1469 2202 1553 2260 dana
1576 2202 1615 2259 It.
1634 2198 1665 2260 (1.
1689 2200 1741 2258 das
1756 2200 1851 2258 meu·

326 2307 414 2366 tokoll
434 2305 620 2380 hiosafdpte.

327 2510 401 2592 {In
423 2511 554 2573 nomine
579 2517 712 2573 sanctae
735 2518 767 2572 et
788 2508 975 2573 individuae
997 2509 1189 2573 trinitatis*
1226 2507 1304 2573 Otto
1329 2508 1440 2573 divina
1462 2509 1596 2573 favente
1620 2508 1788 2572 clementia
1807 2508 1882 2570 im‘

224 2623 354 2700 perator
381 2622 548 2695 augustus.
647 2611 782 2676 Noverit
805 2614 947 2676 omnium
972 2610 1093 2677 Christi
1122 2611 1267 2677 fidelium
1298 2611 1522 2698 presentiumb
1545 2613 1673 2677 scilicet
1695 2623 1728 2675 et
1749 2613 1873 2675 futtuo‘

223 2740 294 2781 rum
322 2717 496 2799 industria,
528 2716 666 2801 qualiter
693 2737 754 2779 nos
783 2714 849 2779 fide
876 2715 1040 2780 catholica
1067 2715 1212 2780 roborati
1240 2713 1255 2794 d
1283 2725 1315 2780 et
1344 2715 1535 2799 evangeliea
1564 2725 1665 2801 atque
1689 2714 1862 2799 apostolica

223 2819 396 2904 disciplina
426 2822 574 2884 instructi
605 2819 639 2882 id
668 2818 772 2882 solum
803 2841 844 2882 ex
873 2817 1006 2882 caducis
1037 2821 1297 2905 transitoriisque
1325 2821 1451 2905 imperii
1482 2821 1587 2884 nostri
1618 2819 1717 2885 rebus
1747 2819 1862 2883 salvum

223 2932 321 3007 atque
343 2921 593 3006 multiplicatum
616 2919 868 2985 inmarcescibili
891 2920 1014 3004 premio
1038 2919 1125 3005 apud
1150 2922 1404 3005 omnipotentem
1427 2920 1524 2986 deum
1547 2921 1645 2986 nobis
1668 2922 1783 3006 reponi
1801 2942 1864 3005 per-

223 3025 395 3111 petualiter
423 3026 600 3107 credimus,
631 3024 784 3109 quicquid
813 3022 931 3087 exinde
959 3023 1209 3090 necessitatibus
1233 3020 1362 3088 Christo
1393 3023 1622 3088 famulantium
1654 3024 1864 3088 succurrimus

222 3128 274 3192 vel
289 3128 332 3192 ad
348 3128 476 3193 divinos
495 3128 601 3193 cultus
624 3129 679 3213 pia
702 3137 798 3212 atque
821 3127 975 3211 religiosa
992 3129 1172 3194 intentione
1188 3129 1358 3195 donamus.
1393 3130 1467 3193 Hoc
1482 3131 1582 3212 igitur
1597 3129 1730 3194 fervore
1746 3138 1864 3192 saneta-

223 3253 286 3316 que
309 3231 480 3296 devotione
503 3233 651 3296 succensi
675 3231 825 3315 precibus
853 3230 1062 3316 dilectissime
1091 3235 1240 3317 coniugis
1268 3242 1416 3314 nostrae,
1446 3231 1631 3316 Adalheide
1655 3231 1783 3297 seilicet
1804 3231 1865 3315 glo

222 3337 307 3419 riosq
336 3337 567 3420 imperatricis,
599 3334 656 3399 sed
685 3343 717 3398 et
744 3337 811 3398 cari
841 3335 1003 3400 fratruelis
1032 3339 1135 3401 nostri
1165 3337 1310 3401 Heinrici
1340 3359 1469 3421 quoque
1499 3336 1755 3402 Baiuuariorum
1781 3335 1867 3400 ducis

221 3438 349 3503 facilem
385 3440 572 3524 prebuimus
604 3460 791 3521 assensum,
825 3441 978 3523 quatinus
1006 3443 1268 3506 reverentissimo
1300 3449 1397 3526 atque
1427 3439 1524 3504 valde
1555 3450 1667 3504 amato
1703 3439 1866 3503 Fridan‘co

224 3550 357 3606 sanetae
386 3542 655 3627 Salzpurcgensis
684 3540 842 3624 ecclesiae
871 3541 1118 3627 archiepiscopo
1146 3552 1259 3608 nostro
1289 3544 1322 3606 in
1354 3543 1520 3606 servitium
1544 3544 1652 3606 saneti
1674 3542 1763 3606 Petri
1786 3543 1866 3625 prin·

221 3645 303 3727 cipis
333 3643 555 3728 apostolorum
585 3645 753 3728 sanctique
782 3644 962 3708 Ruodberti
992 3645 1189 3711 confessoris
1218 3644 1338 3709 Christi
1370 3654 1467 3730 atque
1496 3653 1697 3728 potestatem
1726 3643 1865 3707 eiusdem
1881 3646 1910 3697 Ξ

220 3751 286 3812 iam
310 3748 394 3832 dietq
417 3750 470 3812 cui
493 3769 623 3832 preesse
647 3747 827 3812 dinoscitur
851 3747 1009 3831 aecclesie
1033 3771 1091 3833 pro
1112 3758 1223 3831 eterna
1239 3749 1498 3811 remuneratione
1515 3746 1715 3810 donaremus
1733 3744 1865 3830 quedam

221 3852 324 3914 nostri
348 3852 426 3914 iuris
449 3849 563 3934 predia
585 3852 618 3913 in
642 3852 796 3913 comitatu
817 3849 1049 3914 Marchuuardi
1072 3850 1271 3914 marchionis
1294 3852 1395 3914 nostri
1418 3852 1452 3913 in
1475 3849 1574 3934 plaga
1598 3849 1773 3933 origentali
1796 3871 1865 3913 con·

223 3956 335 4016 stituta
357 3955 491 4038 istisque
512 3951 682 4016 vocabulis
704 3962 902 4036 nuncupata,
925 3953 988 4016 hoc
1004 3962 1054 4016 est
1068 3963 1192 4017 curtem
1208 3952 1251 4016 ad
1266 3952 1502 4033 Vduleniduor,
1526 3953 1639 4036 lingna
1655 3952 1866 4017 Sclavenisca

223 4056 269 4118 sie
292 4065 460 4136 vocatam,
491 4054 664 4138 'l'heotiscq
686 4077 763 4117 vero
788 4054 966 4120 Nidrinhof
983 4058 1201 4135 nominatam,
1229 4064 1261 4118 et
1290 4063 1335 4116 ιθ
1365 4054 1491 4138 regales
1522 4053 1627 4117 hobas
1657 4054 1701 4118 ad
1733 4052 1864 4117 eandem

221 4168 344 4222 curtem
373 4161 568 4244 pertinentes
598 4159 793 4243 ubicumque
824 4157 885 4222 sibi
915 4158 1075 4243 placuerit
1102 4156 1337 4222 mensurandas
1365 4159 1549 4241 pariterque
1578 4159 1680 4220 etiam
1706 4166 1744 4220 ut
1768 4158 1865 4220 conti·
1880 4170 1910 4217 3⁴

221 4282 322 4344 guum
350 4272 448 4347 atque
477 4262 631 4326 adiacens
658 4262 763 4325 eidem
786 4263 868 4325 curti
891 4284 1005 4325 nemus
1029 4261 1115 4325 Svsil
1139 4271 1362 4345 nuncupatum
1385 4270 1418 4322 et
1440 4259 1484 4323 ad
1506 4261 1675 4323 civitatem
1699 4259 1785 4324 Znib
1808 4282 1865 4344 quq

220 4363 318 4428 modo
343 4365 409 4427 suis
431 4363 557 4427 colonis
583 4386 734 4448 possessa
757 4363 966 4445 inhabitatur,
991 4362 1147 4449 quicquid
1169 4365 1202 4426 in
1225 4386 1264 4427 ea
1287 4372 1418 4427 nostrae
1441 4364 1613 4447 potestatis
1632 4361 1685 4425 vel
1704 4364 1865 4445 regiminis

220 4489 292 4531 esse
315 4465 576 4551 deprehenditur,
601 4477 697 4551 atque
721 4468 814 4530 iuxta
838 4468 936 4530 situm
958 4466 1067 4530 locum
1091 4467 1232 4529 civitatis
1251 4466 1413 4550 Lipnizza
1434 4474 1598 4546 vocatum,
1622 4487 1663 4527 ea
1685 4466 1865 4548 integritate

220 4592 285 4653 qua
308 4569 464 4633 hactenus
488 4570 521 4631 in
545 4578 787 4633 antecessorum
810 4580 1011 4650 nostrorum,
1040 4591 1155 4653 regum
1178 4571 1247 4632 sive
1270 4570 1518 4653 imperatorum,
1548 4567 1748 4632 videbantur
1769 4568 1865 4633 teneri

220 4675 391 4755 vestitura,
425 4675 557 4757 insuper
589 4673 621 4736 in
654 4674 822 4757 proprium
854 4673 1116 4737 concederemus.
1163 4670 1260 4752 Quod
1290 4693 1366 4755 ergo
1399 4671 1522 4756 absque
1555 4671 1752 4754 fatigatione
1782 4670 1866 4756 apud
1881 4680 1910 4729 35

219 4785 364 4840 nostram
389 4779 595 4841 serenitatem
617 4779 837 4861 impetrantes,
860 4777 952 4860 regia
975 4797 1013 4839 ac
1037 4776 1247 4859 imperatoria
1268 4773 1465 4838 liberalitate
1487 4782 1520 4836 et
1542 4773 1781 4838 consuetudine
1798 4796 1865 4859 pre·

219 4881 404 4942 nominatas
427 4889 558 4943 nostrae
582 4880 790 4965 proprietatis
814 4901 931 4942 causas
955 4901 994 4942 ea
1019 4877 1091 4961 lege
1121 4900 1160 4940 ac
1189 4877 1376 4942 conditione
1405 4877 1557 4962 pleniter,
1593 4875 1866 4960 quemadmodum

219 4980 373 5064 postulati
405 5003 530 5062 sumus,
561 4983 645 5045 sicut
666 4981 834 5066 hucusque
859 4981 1045 5045 serviebant
1068 4980 1358 5066 detinebanturque
1383 5002 1402 5043 a
1427 4979 1716 5065 predecessoribus
1738 4982 1865 5052 nostris,

219 5082 336 5146 amodo
361 5085 394 5146 in
417 5093 611 5168 potestatem
633 5095 731 5169 atque
755 5087 989 5167 proprietatem
1012 5087 1237 5170 prenominato}
1268 5092 1402 5147 sanctae
1425 5082 1723 5169 Salzpurebgensis
1746 5082 1865 5147 aeccle

220 5187 287 5248 siae
316 5186 523 5270 eiusdemque
555 5187 640 5251 sedis
669 5186 847 5250 venerabili
877 5186 1123 5271 archiepiscopo
1153 5184 1353 5250 infundimus
1385 5194 1417 5248 et
1445 5193 1603 5268 perpetuo
1633 5184 1865 5270 possidendum
1882 5194 1910 5242 4⁰

219 5287 486 5372 perdonavimus,
520 5289 554 5353 id
583 5299 633 5354 est
663 5289 830 5353 aecclesiis
864 5291 999 5373 piscinis
1028 5299 1060 5353 et
1089 5288 1327 5373 piscationibus
1360 5289 1532 5372 mancipiis
1567 5289 1736 5373 utriusque
1770 5310 1866 5353 sexus

305 5478 362 5530 ³88.
387 5480 414 5539 x)
433 5481 462 5528 irs
479 5479 505 5528 B
522 5480 704 5544 arepertaqb‘cb
728 5496 796 5530 anne
817 5480 919 5541 domni,
947 5479 1018 5530 daun
1036 5478 1245 5530 messenatae
1263 5477 1362 5528 Wdrtcr
1379 5478 1433 5544 imp
1455 5476 1635 5542 aspectans
1734 5478 1762 5543 y)
1779 5484 1865 5529 actum

389 5550 486 5614 Papie3
505 5552 531 5597 in
550 5549 592 5599 dei
611 5551 716 5599 nomine
735 5565 812 5599 amen
830 5548 863 5598 B.

305 5649 364 5702 3811.
391 5651 500 5771 [lentina]
605 5655 631 5709 a)
651 5671 667 5703 a
685 5653 737 5715 aas
749 5653 836 5705 Raso
942 5654 969 5713 b)
988 5670 1005 5717 p
1024 5668 1088 5701 corr.
1108 5667 1154 5700 aru
1178 5653 1185 5698 ἰ
1290 5656 1314 5713 e)
1332 5650 1401 5700 aeolo
1419 5664 1435 5700 1.
1453 5651 1487 5698 ist
1505 5650 1548 5699 εἰη
1563 5650 1695 5714 prdem·
1711 5649 1797 5700 Rae·
1815 5649 1865 5700 leet
1879 5724 1910 5773 4⁶

387 5738 405 5787 9
445 5738 511 5771 cem.
