4500 6420
913 436 1041 517 erro
1063 462 1086 516 1.
1112 457 1183 516 aas.
1810 454 1871 520 371
1929 445 1934 451 ’

329 641 409 703 Areu
426 646 584 720 Bolopaesi
606 643 649 719 1⁶,
674 653 713 707 44
736 656 771 706 u⁰
784 651 826 707 25
849 663 906 706 uus
921 644 959 703 A.
976 678 1019 688 -
1037 647 1206 705 Tiruhosehi
1228 647 1320 706 Mem.
1343 652 1414 707 stor.
1431 647 1586 707 Modenesi
1608 643 1651 720 1⁶,
1675 652 1738 709 129
1762 654 1795 706 72⁰
1811 651 1874 707 106

329 764 385 807 aas
407 748 445 807 A.
469 783 512 791 —
534 751 663 810 Bdhmer
686 754 758 826 Ray.
782 753 856 811 275.
880 783 923 792 —-
946 748 1074 822 Stwmps
1092 750 1165 823 Rea.
1188 752 1262 810 332.

330 885 464 958 Versasst
487 888 551 947 used
570 890 756 962 aeschriebcn
777 907 833 948 son
855 889 896 947 It.
923 887 953 947 0.

328 1073 386 1155 (C.)
406 1077 421 1159 l
441 1074 480 1137 In
496 1076 627 1140 nomine
650 1083 785 1139 sanctae
806 1085 839 1138 et
855 1072 1044 1138 individuae
1066 1072 1231 1137 trinitatis.
1271 1070 1349 1137 Otto
1374 1071 1485 1137 divina
1509 1072 1678 1140 ordinante
1701 1075 1873 1140 clementia

192 1178 406 1262 timporator
428 1187 595 1261 augustus.
699 1175 734 1241 Si
749 1175 845 1241 nobis
869 1175 986 1240 devote
1009 1174 1243 1240 famulantibus
1266 1174 1425 1240 beneficia
1447 1186 1578 1241 nostrae
1601 1176 1792 1243 clementiae
1810 1178 1873 1243 lar-

227 1282 346 1364 gimur,
376 1278 538 1346 fideliores
568 1304 624 1346 eos
647 1279 743 1346 nobis
766 1280 835 1344 fore
857 1301 924 1343 non
947 1278 1143 1344 dubitamus.
1172 1279 1186 1361 ζς
1216 1277 1381 1358 Quocirca
1405 1281 1547 1344 omnium
1570 1278 1714 1344 fidelium
1738 1290 1872 1346 sanctae

227 1383 279 1448 dei
308 1382 466 1448 ecclesiae
495 1392 744 1468 nostrorumque
770 1383 969 1467 presentium
991 1380 1117 1446 scilicet
1139 1403 1178 1444 ac
1201 1381 1383 1446 futurorum
1405 1385 1532 1447 noverit
1555 1385 1764 1466 universitas,
1794 1407 1871 1471 qua·

225 1485 298 1551 liter
320 1508 380 1552 nos
402 1486 553 1551 consultu
577 1508 616 1551 ac
638 1489 821 1550 interventu
839 1483 1017 1569 Adelheids
1040 1483 1158 1569 dilecte
1182 1486 1330 1570 coniugis
1352 1495 1463 1570 nostre
1485 1507 1724 1573 regnorumque
1746 1497 1872 1552 nostro-

225 1612 298 1654 rum
328 1590 488 1653 consortis
520 1610 577 1673 per
607 1588 718 1653 huius
735 1590 836 1652 nostri
867 1589 1012 1672 precepti
1043 1589 1198 1672 paginam
1229 1590 1444 1673 proprietario
1477 1591 1546 1654 iure
1575 1591 1785 1657 concedimus
1815 1616 1872 1658 seu

178 1701 210 1749 10
229 1691 388 1759 donamus
416 1691 559 1757 Uuidoni
589 1691 767 1756 venerabili
798 1692 953 1776 episeopo
985 1689 1169 1777 dilectoque
1203 1700 1314 1755 nostro
1349 1690 1438 1756 fideli
1474 1715 1664 1779 summoque
1697 1716 1870 1778 regnorum

225 1806 409 1861 nostrorum
439 1795 626 1860 consiliario
656 1817 767 1860 omnes
796 1796 1011 1879 proprietates
1039 1793 1091 1857 vel
1118 1816 1169 1857 res
1200 1817 1262 1879 que
1291 1815 1349 1878 per
1379 1795 1628 1881 qualiacumque
1657 1799 1872 1864 instrumenta

225 1909 388 1965 cartarum
423 1898 625 1963 obvenerunt
646 1897 790 1963 Uuidoni
821 1897 986 1983 quondam
1016 1896 1197 1962 marchioni
1229 1920 1286 1962 seu
1310 1896 1462 1963 Conrado
1487 1901 1541 1985 qui
1564 1909 1597 1963 et
1619 1898 1710 1965 Oeno
1743 1899 1869 1984 dicitur,

224 2001 299 2067 filiis
322 2002 511 2086 Berengarii
535 2024 592 2067 scu
613 2000 721 2085 Uuillq
743 2003 845 2085 ipsius
869 2001 1058 2085 Berengarii
1081 2001 1194 2064 uxoris
1217 2021 1393 2085 eorumque
1415 2003 1544 2083 matris,
1567 2011 1634 2066 tam
1658 2005 1690 2066 in
1714 2007 1870 2070 comitatu

224 2106 407 2190 Mutinense
436 2128 494 2170 seu
515 2105 727 2189 Boloniense,
761 2126 827 2169 una
855 2125 929 2169 cum
958 2106 1051 2168 terris
1081 2105 1169 2187 agris
1199 2103 1422 2169 mansionibus
1452 2107 1577 2190 campis
1607 2109 1709 2191 pratis
1738 2111 1870 2192 pascuis

175 2223 207 2271 15
225 2208 315 2272 silvis
344 2210 447 2273 vineis
477 2208 606 2272 salectis
629 2207 815 2272 sacionibus
839 2210 932 2292 aquis
956 2228 1177 2292 aquarumque
1201 2205 1392 2272 decursibus
1416 2207 1610 2273 molendinis
1633 2211 1869 2294 piscationibus

224 2314 452 2378 venationibus
480 2312 644 2378 montibus
674 2313 803 2399 alpibus
831 2311 971 2377 vallibus
1000 2311 1203 2397 planiciebus
1233 2313 1335 2376 servis
1359 2321 1390 2375 et
1413 2311 1540 2376 ancillis
1571 2312 1746 2378 mobilibus
1770 2323 1802 2378 et
1823 2317 1870 2379 in-

224 2414 400 2481 mobilibus
421 2417 529 2498 rebus,
555 2418 663 2480 omnia
685 2426 717 2480 et
740 2439 782 2479 ex
807 2415 956 2481 omnibus
980 2419 1012 2479 in
1035 2418 1197 2501 integrum
1221 2425 1394 2499 pretaxato
1418 2415 1595 2480 venerabili
1619 2419 1774 2501 episcopo
1791 2416 1869 2482 Uui-

141 2556 148 2566 ·
225 2520 302 2585 deni
332 2519 516 2606 dilectoque
539 2530 652 2585 nostro
675 2520 763 2584 fideli
787 2520 947 2585 donamus
971 2531 1067 2605 atque
1090 2518 1246 2603 largimur
1270 2527 1365 2582 etex
1387 2527 1500 2583 nostro
1524 2520 1592 2583 iure
1616 2531 1647 2584 et
1670 2519 1813 2585 dominio
1837 2523 1870 2585 in

224 2624 293 2687 eins
315 2623 366 2688 ius
390 2632 421 2686 et
444 2622 622 2687 dominium
648 2624 778 2688 omnino
801 2623 1058 2687 transfundimus
1081 2644 1120 2684 ac
1144 2620 1340 2704 delegamus,
1364 2630 1400 2684 ut
1422 2623 1490 2685 iure
1513 2624 1727 2707 proprietario
1751 2623 1871 2689 habeat

173 2738 206 2785 ιο
223 2735 332 2790 teneat
365 2726 563 2812 firmiterque
598 2725 765 2811 possideat
798 2724 981 2811 habeatque
1015 2733 1208 2811 potestatem
1242 2722 1372 2789 tenendi
1409 2722 1552 2789 donandi
1586 2725 1748 2790 vendendi
1782 2750 1869 2792 com-

223 2829 368 2894 mutandi
404 2852 462 2914 pro
498 2832 608 2893 anima
638 2828 802 2893 iudicandi
832 2828 884 2892 vel
916 2828 1070 2914 quicquid
1101 2828 1169 2892 eius
1201 2828 1327 2891 animus
1358 2826 1476 2892 exinde
1506 2827 1689 2893 decreverit
1718 2829 1869 2914 faciendi,

224 2934 368 2996 omnium
392 2932 650 2996 contradictione
671 2941 813 3015 remota,
836 2940 867 2995 et
890 2931 973 2996 side
995 2933 1075 3016 ipsis
1098 2929 1400 3016 adquisitio[ni]bus
1424 2931 1507 2994 infra
1530 2933 1720 2996 comitatum
1734 2934 1870 3017 Regien-

224 3048 316 3120 sem⁸
345 3038 488 3100 invenire
518 3038 651 3121 poterit,
682 3037 714 3100 in
743 3034 805 3099 hac
834 3045 946 3101 nostra
970 3036 1145 3100 donatione
1176 3044 1374 3121 permaneat.
1413 3031 1630 3099 Concedimus
1657 3037 1754 3100 etiam
1777 3037 1867 3100 utin

224 3139 451 3225 qualicumque
474 3161 614 3224 persona
630 3138 671 3203 de
687 3140 766 3223 ipsis
782 3139 1004 3203 instrumentis
1028 3148 1192 3202 cartarum
1214 3139 1359 3202 invenire
1382 3138 1501 3222 poterit
1516 3146 1547 3200 et
1562 3136 1697 3201 reddere
1720 3137 1868 3223 noluerit,

171 3254 204 3300 ‘ro
223 3251 280 3306 aut
295 3241 526 3306 sacramentob
548 3242 654 3306 firmet
670 3241 756 3328 quod
773 3243 863 3326 ipsas
885 3241 1055 3306 firmitates
1077 3264 1144 3306 non
1166 3241 1345 3325 habuisset,
1369 3250 1426 3306 aut
1448 3249 1578 3305 centum
1602 3263 1774 3305 mancosos
1798 3243 1868 3307 auri

223 3355 409 3430 componat.
444 3345 663 3430 Precipientes
686 3344 826 3430 denique
849 3345 996 3409 iubemus
1020 3355 1065 3427 ut,
1091 3346 1116 3408 si
1141 3343 1187 3407 illi
1209 3366 1346 3409 necesse
1367 3344 1474 3426 fuerit,
1499 3366 1519 3406 a
1534 3345 1652 3408 comite
1676 3368 1732 3409 seu
1756 3355 1867 3411 nostro

222 3451 322 3513 misso
353 3449 404 3513 vel
428 3472 448 3512 a
469 3449 601 3533 reliquis
632 3448 841 3513 exactoribus
872 3449 918 3511 rei
949 3448 1079 3532 publice
1109 3448 1274 3534 inquisitio
1306 3448 1335 3511 ei
1366 3447 1566 3512 concedatur
1596 3468 1635 3510 ao
1659 3449 1685 3511 si
1709 3447 1868 3513 derebus

222 3554 300 3617 iuris
321 3554 412 3636 regni
435 3555 549 3635 nostri,
573 3575 744 3638 perquam
767 3553 1008 3638 inquisitionem
1031 3553 1102 3636 ipse
1125 3551 1289 3635 predictus
1312 3552 1487 3635 episcopus
1510 3552 1598 3636 ipsas
1622 3574 1673 3614 res
1697 3551 1868 3638 adquirere

222 3659 336 3741 possit
372 3658 406 3721 Si
423 3657 495 3742 quis
518 3657 615 3739 igitur
637 3656 732 3720 huius
756 3666 865 3740 nostre
889 3657 1092 3720 auctoritatis
1116 3678 1173 3719 seu
1197 3654 1383 3720 donationis
1406 3662 1596 3738 preceptum
1620 3654 1793 3739 infringere
1816 3655 1867 3721 vel

172 3769 205 3816 30
222 3760 346 3824 violare
362 3761 577 3844 temptaverit,
603 3762 685 3823 sciat
700 3782 734 3822 se
750 3759 1005 3843 compositurum
1022 3759 1091 3822 auri
1109 3760 1221 3842 optimi
1237 3757 1337 3822 libras
1353 3758 1494 3841 triginta,
1511 3756 1718 3822 medietatem
1733 3758 1867 3844 kamere

221 3873 330 3945 nostre.
355 3872 386 3927 ct
408 3862 614 3927 medictatem
638 3863 762 3946 prefato
787 3863 943 3946 episcopo
965 3860 1141 3926 Uuidonc⁰
1162 3861 1213 3925 vel
1237 3863 1289 3925 cui
1312 3863 1382 3946 ipse
1406 3859 1532 3926 dederit
1553 3870 1610 3925 aut
1632 3860 1777 3946 hab[ere]
1804 3873 1868 3928 sta·

221 3969 327 4031 tuerit.
367 3966 464 4047 Quod
483 3977 517 4030 ut
539 3968 646 4030 verius
670 3964 822 4030 credatur
845 3974 877 4028 et
900 3964 1086 4049 diligentius
1109 3964 1151 4029 ab
1177 3963 1353 4048 [omnlibus
1378 3963 1584 4047 observetur,
1616 3967 1769 4030 iussimus
1792 3965 1867 4031 inde

221 4071 283 4135 hoc
307 4093 440 4155 presens
464 4079 652 4155 preceptum
668 4067 840 4150 conscribi,
864 4091 962 4133 manu
979 4070 1111 4154 propria
1125 4067 1317 4133 roborantes
1334 4067 1431 4133 anulo
1447 4077 1559 4132 nostro
1575 4068 1608 4132 in
1625 4068 1715 4133 calce
1732 4069 1866 4154 sigillari

221 4196 384 4239 iussimus.

171 4321 204 4367 35
324 4311 337 4391 ἐξ
361 4311 496 4396 Signum
520 4308 629 4373 domni
654 4307 785 4375 Ottonis
810 4311 918 4392 magni
942 4321 974 4373 et
996 4311 1200 4374 invictissimi
1226 4310 1290 4392 (Μ.)
1315 4311 1521 4396 imperatoris
1544 4313 1722 4395 augustii

324 4413 337 4495 ξξ
360 4415 546 4497 Liutgerius
570 4413 785 4478 cancellarius
808 4412 958 4478 advicem
978 4412 1139 4479 Uuidonis
1163 4415 1309 4498 episcopi
1332 4422 1365 4478 et
1387 4413 1667 4480 archicancellarii
1688 4416 1864 4499 recognovi

222 4528 253 4581 ct
277 4517 465 4602 subscripsi.
488 4516 501 4600 ,ἓξ
1750 4518 1867 4599 (51.3.)

324 4656 412 4719 Data
435 4674 471 4720 11.
495 4654 567 4719 idus
592 4666 673 4740 sept.
697 4677 782 4719 anno
808 4655 969 4739 dominice
992 4656 1226 4721 incarnationis
1250 4671 1464 4738 nccccnxm,
1489 4653 1665 4721 indictione
1689 4671 1753 4734 vn,
1779 4677 1864 4719 anno

222 4761 346 4842 imperii
370 4760 480 4843 magni
498 4758 628 4824 Ottonis
651 4759 855 4842 imperatoris
879 4761 1009 4844 augusti
1033 4777 1075 4840 113
1099 4769 1209 4825 actum
1225 4762 1257 4824 in
1273 4768 1382 4824 monte
1398 4760 1523 4824 Feretri
1547 4758 1589 4823 ad
1612 4768 1738 4844 petram
1761 4760 1866 4822 sancti

171 4873 204 4920 ιο
223 4862 353 4926 Leonis.

307 5048 365 5103 260.
394 5049 564 5117 [haschitzerl
668 5054 694 5112 a)
712 5051 896 5117 ursprduqh‘clr
919 5053 1045 5101 comitatu
1063 5052 1207 5119 Regieuse,
1233 5051 1306 5103 daun
1329 5052 1376 5102 mit
1398 5051 1509 5103 medem
1528 5050 1601 5101 Tinea
1617 5047 1865 5115 Allelmuysstrs'eh

391 5120 453 5169 aber
471 5136 488 5169 ιι
506 5121 593 5194 unde
611 5119 798 5185 ancupes-aqam
902 5121 930 5181 b)
949 5136 965 5170 o
983 5135 1049 5172 corr.
1068 5136 1148 5170 ause
1251 5122 1275 5183 c)
1295 5120 1326 5170 Δ.
