<?xml version="1.0" encoding="UTF-8"?>
<!DOCTYPE html PUBLIC "-//W3C//DTD XHTML 1.0 Transitional//EN"
    "http://www.w3.org/TR/xhtml1/DTD/xhtml1-transitional.dtd">
<html xmlns="http://www.w3.org/1999/xhtml" xml:lang="en" lang="en">
 <head>
  <title>
</title>
<meta http-equiv="Content-Type" content="text/html;charset=utf-8" />
  <meta name='ocr-system' content='tesseract 3.04.00' />
  <meta name='ocr-capabilities' content='ocr_page ocr_carea ocr_par ocr_line ocrx_word'/>
</head>
<body>
  <div class='ocr_page' id='page_1' title='image "./conradiiheinric00ottogoog_0515.png"; bbox 0 0 4298 6414; ppageno 0'>
   <div class='ocr_carea' id='block_1_1' title="bbox 965 105 1921 170">
    <p class='ocr_par' dir='ltr' id='par_1_1' title="bbox 965 105 1921 170">
     <span class='ocr_line' id='line_1_1' title="bbox 965 105 1921 170; baseline -0.005 -5"><span class='ocrx_word' id='word_1_1' title='bbox 965 106 1090 165; x_wconf 88' lang='grc' dir='ltr'><strong>ΟΤΤΟ</strong></span> <span class='ocrx_word' id='word_1_2' title='bbox 1113 108 1138 164; x_wconf 67' lang='lat' dir='ltr'><strong>Is</strong></span> <span class='ocrx_word' id='word_1_3' title='bbox 1161 106 1231 164; x_wconf 80' lang='lat'>967.</span> <span class='ocrx_word' id='word_1_4' title='bbox 1857 105 1921 170; x_wconf 83' lang='lat'><strong>483</strong></span> 
     </span>
    </p>
   </div>
   <div class='ocr_carea' id='block_1_2' title="bbox 204 299 1922 2437">
    <p class='ocr_par' dir='ltr' id='par_1_2' title="bbox 277 299 1922 576">
     <span class='ocr_line' id='line_1_2' title="bbox 375 299 1922 374; baseline 0.006 -24"><span class='ocrx_word' id='word_1_5' title='bbox 375 300 419 350; x_wconf 90' lang='lat' dir='ltr'><strong>De</strong></span> <span class='ocrx_word' id='word_1_6' title='bbox 441 299 540 351; x_wconf 86' lang='lat' dir='ltr'><strong>finibus</strong></span> <span class='ocrx_word' id='word_1_7' title='bbox 563 300 688 352; x_wconf 84' lang='lat' dir='ltr'><strong>Ciuitatis</strong></span> <span class='ocrx_word' id='word_1_8' title='bbox 710 317 780 352; x_wconf 89' lang='lat' dir='ltr'><strong>none</strong></span> <span class='ocrx_word' id='word_1_9' title='bbox 803 303 943 351; x_wconf 72' lang='lat' dir='ltr'><strong>statuimus</strong></span> <span class='ocrx_word' id='word_1_10' title='bbox 966 308 996 352; x_wconf 88' lang='lat' dir='ltr'><strong>ut</strong></span> <span class='ocrx_word' id='word_1_11' title='bbox 1017 303 1171 353; x_wconf 88' lang='lat' dir='ltr'><strong>terminacio</strong></span> <span class='ocrx_word' id='word_1_12' title='bbox 1194 319 1244 368; x_wconf 88' lang='lat' dir='ltr'><strong>que</strong></span> <span class='ocrx_word' id='word_1_13' title='bbox 1268 319 1285 352; x_wconf 86' lang='lat' dir='ltr'><strong>a</strong></span> <span class='ocrx_word' id='word_1_14' title='bbox 1305 308 1423 369; x_wconf 89' lang='lat' dir='ltr'><strong>tempore</strong></span> <span class='ocrx_word' id='word_1_15' title='bbox 1440 306 1588 371; x_wconf 86' lang='lat' dir='ltr'><strong>Liuprandi</strong></span> <span class='ocrx_word' id='word_1_16' title='bbox 1611 309 1679 374; x_wconf 84' lang='lat' dir='ltr'><strong>regis</strong></span> <span class='ocrx_word' id='word_1_17' title='bbox 1702 309 1774 359; x_wconf 81' lang='lat' dir='ltr'><strong>facts</strong></span> <span class='ocrx_word' id='word_1_18' title='bbox 1795 315 1835 359; x_wconf 90' lang='lat' dir='ltr'><strong>est</strong></span> <span class='ocrx_word' id='word_1_19' title='bbox 1852 311 1922 360; x_wconf 89' lang='lat' dir='ltr'><strong>inter</strong></span> 
     </span>
     <span class='ocr_line' id='line_1_3' title="bbox 277 389 1921 476; baseline 0.005 -22"><span class='ocrx_word' id='word_1_20' title='bbox 277 404 444 455; x_wconf 78' lang='lat' dir='ltr'><strong>Palationem</strong></span> <span class='ocrx_word' id='word_1_21' title='bbox 466 405 560 455; x_wconf 86' lang='lat' dir='ltr'><strong>ducem</strong></span> <span class='ocrx_word' id='word_1_22' title='bbox 575 409 602 454; x_wconf 90' lang='lat' dir='ltr'><strong>et</strong></span> <span class='ocrx_word' id='word_1_23' title='bbox 616 405 773 456; x_wconf 85' lang='lat' dir='ltr'><strong>Marcellum</strong></span> <span class='ocrx_word' id='word_1_24' title='bbox 795 407 949 471; x_wconf 80' lang='lat' dir='ltr'><strong>magistrum</strong></span> <span class='ocrx_word' id='word_1_25' title='bbox 972 406 1092 467; x_wconf 86' lang='lat' dir='ltr'><strong>militum,</strong></span> <span class='ocrx_word' id='word_1_26' title='bbox 1116 389 1270 476; x_wconf 77' lang='lat' dir='ltr'><strong>deinceps</strong></span> <span class='ocrx_word' id='word_1_27' title='bbox 1295 423 1399 459; x_wconf 83' lang='lat' dir='ltr'><strong>manere</strong></span> <span class='ocrx_word' id='word_1_28' title='bbox 1422 410 1517 459; x_wconf 90' lang='lat' dir='ltr'><strong>debeat</strong></span> <span class='ocrx_word' id='word_1_29' title='bbox 1531 427 1555 474; x_wconf 80' lang='lat' dir='ltr'><strong>s,</strong></span> <span class='ocrx_word' id='word_1_30' title='bbox 1571 412 1598 460; x_wconf 92' lang='lat' dir='ltr'><strong>id</strong></span> <span class='ocrx_word' id='word_1_31' title='bbox 1614 417 1654 462; x_wconf 86' lang='lat' dir='ltr'><strong>est</strong></span> <span class='ocrx_word' id='word_1_32' title='bbox 1668 412 1701 463; x_wconf 90' lang='lat' dir='ltr'><strong>de</strong></span> <span class='ocrx_word' id='word_1_33' title='bbox 1716 413 1799 463; x_wconf 89' lang='lat' dir='ltr'><strong>Plane</strong></span> <span class='ocrx_word' id='word_1_34' title='bbox 1822 415 1921 464; x_wconf 85' lang='lat' dir='ltr'><strong>maiore</strong></span> 
     </span>
     <span class='ocr_line' id='line_1_4' title="bbox 278 509 1530 576; baseline 0.002 -17"><span class='ocrx_word' id='word_1_35' title='bbox 278 524 359 575; x_wconf 88' lang='lat' dir='ltr'><strong>usque</strong></span> <span class='ocrx_word' id='word_1_36' title='bbox 380 511 409 559; x_wconf 93' lang='lat' dir='ltr'><strong>in</strong></span> <span class='ocrx_word' id='word_1_37' title='bbox 431 509 543 560; x_wconf 83' lang='lat' dir='ltr'><strong>Plauem</strong></span> <span class='ocrx_word' id='word_1_38' title='bbox 566 511 664 560; x_wconf 86' lang='lat' dir='ltr'><strong>siccam</strong></span> <span class='ocrx_word' id='word_1_39' title='bbox 685 527 715 574; x_wconf 64' lang='grc' dir='ltr'><strong>ιη</strong></span> <span class='ocrx_word' id='word_1_40' title='bbox 738 509 902 575; x_wconf 84' lang='lat' dir='ltr'><strong>peculiarem</strong></span> <span class='ocrx_word' id='word_1_41' title='bbox 925 525 1029 575; x_wconf 90' lang='lat' dir='ltr'><strong>quoque</strong></span> <span class='ocrx_word' id='word_1_42' title='bbox 1051 525 1145 575; x_wconf 79' lang='lat' dir='ltr'><strong>greges</strong></span> <span class='ocrx_word' id='word_1_43' title='bbox 1168 526 1228 559; x_wconf 90' lang='lat' dir='ltr'><strong>curn</strong></span> <span class='ocrx_word' id='word_1_44' title='bbox 1251 512 1392 562; x_wconf 78' lang='lat' dir='ltr'>securitate</span> <span class='ocrx_word' id='word_1_45' title='bbox 1414 528 1530 576; x_wconf 87' lang='lat' dir='ltr'><strong>pascere.</strong></span> 
     </span>
    </p>

    <p class='ocr_par' dir='ltr' id='par_1_3' title="bbox 378 604 1739 681">
     <span class='ocr_line' id='line_1_5' title="bbox 378 604 1739 681; baseline 0.006 -20"><span class='ocrx_word' id='word_1_46' title='bbox 378 604 537 677; x_wconf 77' lang='lat' dir='ltr'><strong>[eapruani]</strong></span> <span class='ocrx_word' id='word_1_47' title='bbox 560 628 623 662; x_wconf 78' lang='lat' dir='ltr'><strong>veri)</strong></span> <span class='ocrx_word' id='word_1_48' title='bbox 646 614 674 662; x_wconf 90' lang='lat' dir='ltr'><strong>in</strong></span> <span class='ocrx_word' id='word_1_49' title='bbox 695 612 764 662; x_wconf 86' lang='lat' dir='ltr'><strong>silva</strong></span> <span class='ocrx_word' id='word_1_50' title='bbox 786 604 977 672; x_wconf 68' lang='lat' dir='ltr'><strong>[Foroiuliensi</strong></span> <span class='ocrx_word' id='word_1_51' title='bbox 999 614 1046 662; x_wconf 91' lang='lat' dir='ltr'><strong>ubi</strong></span> <span class='ocrx_word' id='word_1_52' title='bbox 1070 618 1197 681; x_wconf 82' lang='lat' dir='ltr'><strong>semper</strong></span> <span class='ocrx_word' id='word_1_53' title='bbox 1219 614 1411 677; x_wconf 83' lang='lat' dir='ltr'><strong>capulaverunt</strong></span> <span class='ocrx_word' id='word_1_54' title='bbox 1432 632 1448 663; x_wconf 75' lang='lat' dir='ltr'><strong>a</strong></span> <span class='ocrx_word' id='word_1_55' title='bbox 1471 617 1595 681; x_wconf 82' lang='lat' dir='ltr'><strong>capulare</strong></span> <span class='ocrx_word' id='word_1_56' title='bbox 1619 617 1739 669; x_wconf 90' lang='lat' dir='ltr'><strong>debeant.</strong></span> 
     </span>
    </p>

    <p class='ocr_par' dir='ltr' id='par_1_4' title="bbox 223 698 1919 1291">
     <span class='ocr_line' id='line_1_6' title="bbox 236 698 1869 785; baseline 0.004 -20"><span class='ocrx_word' id='word_1_57' title='bbox 236 722 258 770; x_wconf 72' lang='grc'>6</span> <span class='ocrx_word' id='word_1_58' title='bbox 377 698 533 765; x_wconf 75' lang='lat' dir='ltr'>Similiter</span> <span class='ocrx_word' id='word_1_59' title='bbox 548 714 698 766; x_wconf 82' lang='lat' dir='ltr'><strong>Gradenses</strong></span> <span class='ocrx_word' id='word_1_60' title='bbox 721 715 865 766; x_wconf 88' lang='lat' dir='ltr'><strong>secuudum</strong></span> <span class='ocrx_word' id='word_1_61' title='bbox 889 718 1024 781; x_wconf 86' lang='lat' dir='ltr'><strong>antiquam</strong></span> <span class='ocrx_word' id='word_1_62' title='bbox 1048 716 1265 767; x_wconf 78' lang='lat' dir='ltr'><strong>consuetudinem</strong></span> <span class='ocrx_word' id='word_1_63' title='bbox 1288 719 1316 767; x_wconf 92' lang='lat' dir='ltr'><strong>in</strong></span> <span class='ocrx_word' id='word_1_64' title='bbox 1338 703 1428 768; x_wconf 76' lang='lat' dir='ltr'><strong>Silvis</strong></span> <span class='ocrx_word' id='word_1_65' title='bbox 1450 720 1573 769; x_wconf 87' lang='lat' dir='ltr'><strong>Foriiulii</strong></span> <span class='ocrx_word' id='word_1_66' title='bbox 1596 721 1720 785; x_wconf 89' lang='lat' dir='ltr'><strong>capulum</strong></span> <span class='ocrx_word' id='word_1_67' title='bbox 1744 713 1869 783; x_wconf 78' lang='lat' dir='ltr'><strong>facialntl.</strong></span> 
     </span>
     <span class='ocr_line' id='line_1_7' title="bbox 377 807 1918 896; baseline 0.005 -28"><span class='ocrx_word' id='word_1_68' title='bbox 377 819 415 868; x_wconf 83' lang='lat' dir='ltr'><strong>nt</strong></span> <span class='ocrx_word' id='word_1_69' title='bbox 442 820 563 883; x_wconf 77' lang='lat' dir='ltr'><strong>promisit</strong></span> <span class='ocrx_word' id='word_1_70' title='bbox 592 820 670 869; x_wconf 81' lang='lat' dir='ltr'><strong>nobis</strong></span> <span class='ocrx_word' id='word_1_71' title='bbox 698 825 809 869; x_wconf 80' lang='lat' dir='ltr'><strong>cunctus</strong></span> <span class='ocrx_word' id='word_1_72' title='bbox 833 819 945 869; x_wconf 79' lang='lat' dir='ltr'>ducatus</span> <span class='ocrx_word' id='word_1_73' title='bbox 968 820 1155 870; x_wconf 69' lang='lat' dir='ltr'><strong>veneticorum</strong></span> <span class='ocrx_word' id='word_1_74' title='bbox 1178 814 1211 870; x_wconf 90' lang='lat' dir='ltr'><strong>et</strong></span> <span class='ocrx_word' id='word_1_75' title='bbox 1233 807 1477 872; x_wconf 88' lang='lat' dir='ltr'><strong>successoribus</strong></span> <span class='ocrx_word' id='word_1_76' title='bbox 1499 811 1620 873; x_wconf 90' lang='lat' dir='ltr'><strong>nostris</strong></span> <span class='ocrx_word' id='word_1_77' title='bbox 1642 832 1701 895; x_wconf 91' lang='lat' dir='ltr'><strong>pro</strong></span> <span class='ocrx_word' id='word_1_78' title='bbox 1724 809 1819 874; x_wconf 87' lang='lat' dir='ltr'><strong>huius</strong></span> <span class='ocrx_word' id='word_1_79' title='bbox 1844 832 1918 896; x_wconf 88' lang='lat' dir='ltr'><strong>pac·</strong></span> 
     </span>
     <span class='ocr_line' id='line_1_8' title="bbox 284 907 1918 1000; baseline 0.004 -30"><span class='ocrx_word' id='word_1_80' title='bbox 284 907 372 971; x_wconf 91' lang='lat' dir='ltr'><strong>tionis</strong></span> <span class='ocrx_word' id='word_1_81' title='bbox 395 907 528 972; x_wconf 88' lang='lat' dir='ltr'><strong>foedere</strong></span> <span class='ocrx_word' id='word_1_82' title='bbox 550 924 700 974; x_wconf 80' lang='lat' dir='ltr'><strong>annualiter</strong></span> <span class='ocrx_word' id='word_1_83' title='bbox 722 909 809 973; x_wconf 91' lang='lat' dir='ltr'><strong>omni</strong></span> <span class='ocrx_word' id='word_1_84' title='bbox 832 931 942 973; x_wconf 89' lang='lat' dir='ltr'><strong>mense</strong></span> <span class='ocrx_word' id='word_1_85' title='bbox 965 910 1086 974; x_wconf 86' lang='lat' dir='ltr'><strong>marcio</strong></span> <span class='ocrx_word' id='word_1_86' title='bbox 1112 908 1297 994; x_wconf 88' lang='lat' dir='ltr'><strong>persolvere</strong></span> <span class='ocrx_word' id='word_1_87' title='bbox 1320 926 1401 976; x_wconf 79' lang='lat' dir='ltr'><strong>libras</strong></span> <span class='ocrx_word' id='word_1_88' title='bbox 1432 933 1563 976; x_wconf 91' lang='lat' dir='ltr'><strong>suorum</strong></span> <span class='ocrx_word' id='word_1_89' title='bbox 1592 912 1798 978; x_wconf 86' lang='lat' dir='ltr'><strong>denariorum</strong></span> <span class='ocrx_word' id='word_1_90' title='bbox 1829 915 1918 1000; x_wconf 91' lang='lat' dir='ltr'><strong>quin·</strong></span> 
     </span>
     <span class='ocr_line' id='line_1_9' title="bbox 286 1010 774 1096; baseline 0.004 -22"><span class='ocrx_word' id='word_1_91' title='bbox 286 1012 431 1096; x_wconf 75' lang='lat' dir='ltr'><strong>quaginta</strong></span> <span class='ocrx_word' id='word_1_92' title='bbox 453 1020 487 1075; x_wconf 88' lang='lat' dir='ltr'><strong>et</strong></span> <span class='ocrx_word' id='word_1_93' title='bbox 508 1010 643 1096; x_wconf 83' lang='lat' dir='ltr'><strong>pellium</strong></span> <span class='ocrx_word' id='word_1_94' title='bbox 664 1034 774 1076; x_wconf 92' lang='lat' dir='ltr'><strong>unum.</strong></span> 
     </span>
     <span class='ocr_line' id='line_1_10' title="bbox 377 1111 1919 1195; baseline 0.005 -18"><span class='ocrx_word' id='word_1_95' title='bbox 377 1111 616 1179; x_wconf 69' lang='lat' dir='ltr'><strong>confirmamus</strong></span> <span class='ocrx_word' id='word_1_96' title='bbox 645 1135 676 1179; x_wconf 90' lang='lat' dir='ltr'><strong>ut</strong></span> <span class='ocrx_word' id='word_1_97' title='bbox 697 1145 759 1195; x_wconf 86' lang='lat' dir='ltr'><strong>pars</strong></span> <span class='ocrx_word' id='word_1_98' title='bbox 781 1131 851 1195; x_wconf 84' lang='lat' dir='ltr'><strong>parti</strong></span> <span class='ocrx_word' id='word_1_99' title='bbox 873 1131 906 1183; x_wconf 91' lang='lat' dir='ltr'><strong>de</strong></span> <span class='ocrx_word' id='word_1_100' title='bbox 929 1133 1016 1182; x_wconf 87' lang='lat' dir='ltr'><strong>causis</strong></span> <span class='ocrx_word' id='word_1_101' title='bbox 1039 1132 1210 1183; x_wconf 85' lang='lat' dir='ltr'><strong>ecclesiarum</strong></span> <span class='ocrx_word' id='word_1_102' title='bbox 1232 1133 1275 1183; x_wconf 86' lang='lat' dir='ltr'><strong>vel</strong></span> <span class='ocrx_word' id='word_1_103' title='bbox 1301 1133 1520 1184; x_wconf 75' lang='lat' dir='ltr'><strong>monasteriorum</strong></span> <span class='ocrx_word' id='word_1_104' title='bbox 1547 1117 1601 1183; x_wconf 81' lang='lat' dir='ltr'><strong>dei</strong></span> <span class='ocrx_word' id='word_1_105' title='bbox 1632 1119 1816 1185; x_wconf 82' lang='lat' dir='ltr'><strong>omnimodo</strong></span> <span class='ocrx_word' id='word_1_106' title='bbox 1845 1137 1919 1185; x_wconf 89' lang='lat' dir='ltr'><strong>iusti·</strong></span> 
     </span>
     <span class='ocr_line' id='line_1_11' title="bbox 223 1232 493 1291; baseline -0.019 -4"><span class='ocrx_word' id='word_1_107' title='bbox 223 1240 264 1291; x_wconf 87' lang='grc'><strong>10</strong></span> <span class='ocrx_word' id='word_1_108' title='bbox 284 1234 342 1283; x_wconf 75' lang='lat' dir='ltr'><strong>ciam</strong></span> <span class='ocrx_word' id='word_1_109' title='bbox 364 1232 454 1283; x_wconf 79' lang='lat' dir='ltr'><strong>iaciat.</strong></span> <span class='ocrx_word' id='word_1_110' title='bbox 476 1250 493 1281; x_wconf 79' lang='lat' dir='ltr'><strong>s</strong></span> 
     </span>
    </p>

    <p class='ocr_par' dir='ltr' id='par_1_5' title="bbox 273 1320 1919 1614">
     <span class='ocr_line' id='line_1_12' title="bbox 374 1320 1919 1409; baseline 0.005 -23"><span class='ocrx_word' id='word_1_111' title='bbox 374 1320 536 1386; x_wconf 83' lang='lat' dir='ltr'><strong>Volumus</strong></span> <span class='ocrx_word' id='word_1_112' title='bbox 558 1331 595 1386; x_wconf 90' lang='lat' dir='ltr'><strong>ut</strong></span> <span class='ocrx_word' id='word_1_113' title='bbox 617 1343 676 1406; x_wconf 91' lang='lat' dir='ltr'><strong>pra</strong></span> <span class='ocrx_word' id='word_1_114' title='bbox 699 1344 765 1387; x_wconf 84' lang='lat' dir='ltr'><strong>uns</strong></span> <span class='ocrx_word' id='word_1_115' title='bbox 787 1320 871 1387; x_wconf 83' lang='lat' dir='ltr'><strong>libra</strong></span> <span class='ocrx_word' id='word_1_116' title='bbox 894 1321 1100 1389; x_wconf 88' lang='lat' dir='ltr'><strong>denariorum</strong></span> <span class='ocrx_word' id='word_1_117' title='bbox 1121 1322 1200 1406; x_wconf 91' lang='lat' dir='ltr'><strong>un[o</strong></span> <span class='ocrx_word' id='word_1_118' title='bbox 1224 1324 1369 1408; x_wconf 91' lang='lat' dir='ltr'><strong>h]0mine</strong></span> <span class='ocrx_word' id='word_1_119' title='bbox 1396 1335 1635 1391; x_wconf 83' lang='lat' dir='ltr'><strong>sacramentum</strong></span> <span class='ocrx_word' id='word_1_120' title='bbox 1664 1326 1780 1409; x_wconf 86' lang='lat' dir='ltr'><strong>faciat,</strong></span> <span class='ocrx_word' id='word_1_121' title='bbox 1811 1338 1844 1393; x_wconf 90' lang='lat' dir='ltr'><strong>et</strong></span> <span class='ocrx_word' id='word_1_122' title='bbox 1872 1330 1919 1394; x_wconf 89' lang='lat' dir='ltr'><strong>sic</strong></span> 
     </span>
     <span class='ocr_line' id='line_1_13' title="bbox 278 1423 1918 1515; baseline 0.005 -28"><span class='ocrx_word' id='word_1_123' title='bbox 278 1445 376 1511; x_wconf 88' lang='lat' dir='ltr'><strong>usque</strong></span> <span class='ocrx_word' id='word_1_124' title='bbox 399 1423 573 1491; x_wconf 81' lang='lat' dir='ltr'><strong>duodecim</strong></span> <span class='ocrx_word' id='word_1_125' title='bbox 603 1424 705 1491; x_wconf 83' lang='lat' dir='ltr'><strong>libras</strong></span> <span class='ocrx_word' id='word_1_126' title='bbox 728 1425 960 1492; x_wconf 89' lang='lat' dir='ltr'><strong>Uenetieorum</strong></span> <span class='ocrx_word' id='word_1_127' title='bbox 990 1425 1197 1492; x_wconf 83' lang='lat' dir='ltr'><strong>denariorum</strong></span> <span class='ocrx_word' id='word_1_128' title='bbox 1227 1427 1400 1493; x_wconf 81' lang='lat' dir='ltr'><strong>duodecim</strong></span> <span class='ocrx_word' id='word_1_129' title='bbox 1429 1428 1523 1494; x_wconf 90' lang='lat' dir='ltr'><strong>electi</strong></span> <span class='ocrx_word' id='word_1_130' title='bbox 1552 1430 1710 1494; x_wconf 83' lang='lat' dir='ltr'><strong>iuratores</strong></span> <span class='ocrx_word' id='word_1_131' title='bbox 1740 1430 1918 1515; x_wconf 79' lang='lat' dir='ltr'><strong>addantur3</strong></span> 
     </span>
     <span class='ocr_line' id='line_1_14' title="bbox 273 1526 1917 1614; baseline 0.004 -22"><span class='ocrx_word' id='word_1_132' title='bbox 273 1548 350 1592; x_wconf 84' lang='lat' dir='ltr'><strong>nam</strong></span> <span class='ocrx_word' id='word_1_133' title='bbox 373 1528 400 1593; x_wconf 90' lang='lat' dir='ltr'><strong>si</strong></span> <span class='ocrx_word' id='word_1_134' title='bbox 422 1527 507 1592; x_wconf 83' lang='lat' dir='ltr'><strong>ultra</strong></span> <span class='ocrx_word' id='word_1_135' title='bbox 526 1527 698 1593; x_wconf 85' lang='lat' dir='ltr'><strong>duodecim</strong></span> <span class='ocrx_word' id='word_1_136' title='bbox 712 1526 813 1593; x_wconf 88' lang='lat' dir='ltr'><strong>libras</strong></span> <span class='ocrx_word' id='word_1_137' title='bbox 830 1529 954 1614; x_wconf 80' lang='lat' dir='ltr'><strong>questio</strong></span> <span class='ocrx_word' id='word_1_138' title='bbox 970 1529 1059 1594; x_wconf 87' lang='lat' dir='ltr'><strong>faeta</strong></span> <span class='ocrx_word' id='word_1_139' title='bbox 1074 1529 1178 1612; x_wconf 85' lang='lat' dir='ltr'><strong>fuerit,</strong></span> <span class='ocrx_word' id='word_1_140' title='bbox 1202 1533 1363 1597; x_wconf 89' lang='lat' dir='ltr'><strong>iuratores</strong></span> <span class='ocrx_word' id='word_1_141' title='bbox 1378 1531 1464 1597; x_wconf 88' lang='lat' dir='ltr'><strong>ultra</strong></span> <span class='ocrx_word' id='word_1_142' title='bbox 1480 1532 1653 1598; x_wconf 82' lang='lat' dir='ltr'><strong>duodecim</strong></span> <span class='ocrx_word' id='word_1_143' title='bbox 1668 1555 1733 1598; x_wconf 92' lang='lat' dir='ltr'><strong>non</strong></span> <span class='ocrx_word' id='word_1_144' title='bbox 1750 1534 1917 1599; x_wconf 86' lang='lat' dir='ltr'><strong>accedant.</strong></span> 
     </span>
    </p>

    <p class='ocr_par' dir='ltr' id='par_1_6' title="bbox 375 1638 1918 1716">
     <span class='ocr_line' id='line_1_15' title="bbox 375 1638 1918 1716; baseline 0.005 -21"><span class='ocrx_word' id='word_1_145' title='bbox 375 1645 522 1696; x_wconf 80' lang='lat' dir='ltr'><strong>Statuimus</strong></span> <span class='ocrx_word' id='word_1_146' title='bbox 545 1648 624 1696; x_wconf 85' lang='lat' dir='ltr'><strong>etiam</strong></span> <span class='ocrx_word' id='word_1_147' title='bbox 647 1645 680 1696; x_wconf 90' lang='lat' dir='ltr'><strong>de</strong></span> <span class='ocrx_word' id='word_1_148' title='bbox 701 1647 857 1712; x_wconf 82' lang='lat' dir='ltr'><strong>pignoribus</strong></span> <span class='ocrx_word' id='word_1_149' title='bbox 880 1662 931 1711; x_wconf 88' lang='lat' dir='ltr'><strong>que</strong></span> <span class='ocrx_word' id='word_1_150' title='bbox 953 1647 1022 1696; x_wconf 89' lang='lat' dir='ltr'><strong>inter</strong></span> <span class='ocrx_word' id='word_1_151' title='bbox 1044 1654 1133 1711; x_wconf 84' lang='lat' dir='ltr'><strong>partas</strong></span> <span class='ocrx_word' id='word_1_152' title='bbox 1155 1650 1242 1712; x_wconf 86' lang='lat' dir='ltr'><strong>posits</strong></span> <span class='ocrx_word' id='word_1_153' title='bbox 1264 1651 1370 1713; x_wconf 87' lang='lat' dir='ltr'><strong>suerint,</strong></span> <span class='ocrx_word' id='word_1_154' title='bbox 1394 1656 1424 1700; x_wconf 92' lang='lat' dir='ltr'><strong>ut</strong></span> <span class='ocrx_word' id='word_1_155' title='bbox 1446 1652 1469 1701; x_wconf 90' lang='lat' dir='ltr'><strong>si</strong></span> <span class='ocrx_word' id='word_1_156' title='bbox 1491 1666 1545 1716; x_wconf 88' lang='lat' dir='ltr'><strong>qua</strong></span> <span class='ocrx_word' id='word_1_157' title='bbox 1567 1651 1599 1701; x_wconf 89' lang='lat' dir='ltr'><strong>de</strong></span> <span class='ocrx_word' id='word_1_158' title='bbox 1618 1653 1656 1701; x_wconf 89' lang='lat' dir='ltr'><strong>eis</strong></span> <span class='ocrx_word' id='word_1_159' title='bbox 1674 1653 1808 1701; x_wconf 90' lang='lat' dir='ltr'><strong>eontentio</strong></span> <span class='ocrx_word' id='word_1_160' title='bbox 1831 1638 1918 1702; x_wconf 77' lang='lat' dir='ltr'><strong>saeta</strong></span> 
     </span>
    </p>

    <p class='ocr_par' dir='ltr' id='par_1_7' title="bbox 204 1733 1918 1919">
     <span class='ocr_line' id='line_1_16' title="bbox 204 1733 1918 1816; baseline 0.001 -13"><span class='ocrx_word' id='word_1_161' title='bbox 204 1756 241 1803; x_wconf 79' lang='lat'><strong>15</strong></span> <span class='ocrx_word' id='word_1_162' title='bbox 264 1750 360 1809; x_wconf 81' lang='lat' dir='ltr'><strong>fuerit,</strong></span> <span class='ocrx_word' id='word_1_163' title='bbox 383 1749 423 1799; x_wconf 92' lang='lat' dir='ltr'><strong>illi</strong></span> <span class='ocrx_word' id='word_1_164' title='bbox 444 1751 578 1800; x_wconf 86' lang='lat' dir='ltr'><strong>tribuatur</strong></span> <span class='ocrx_word' id='word_1_165' title='bbox 600 1750 738 1800; x_wconf 79' lang='lat' dir='ltr'><strong>arbitrium</strong></span> <span class='ocrx_word' id='word_1_166' title='bbox 760 1749 865 1799; x_wconf 89' lang='lat' dir='ltr'><strong>iurandi</strong></span> <span class='ocrx_word' id='word_1_167' title='bbox 887 1733 953 1815; x_wconf 89' lang='lat' dir='ltr'><strong>quil</strong></span> <span class='ocrx_word' id='word_1_168' title='bbox 975 1753 1072 1816; x_wconf 81' lang='lat' dir='ltr'><strong>pignus</strong></span> <span class='ocrx_word' id='word_1_169' title='bbox 1094 1751 1225 1815; x_wconf 86' lang='lat' dir='ltr'><strong>habuerit,</strong></span> <span class='ocrx_word' id='word_1_170' title='bbox 1249 1753 1298 1803; x_wconf 93' lang='lat' dir='ltr'><strong>soli</strong></span> <span class='ocrx_word' id='word_1_171' title='bbox 1314 1754 1370 1803; x_wconf 89' lang='lat' dir='ltr'><strong>sinc</strong></span> <span class='ocrx_word' id='word_1_172' title='bbox 1386 1753 1485 1804; x_wconf 89' lang='lat' dir='ltr'><strong>electis.</strong></span> <span class='ocrx_word' id='word_1_173' title='bbox 1519 1755 1560 1804; x_wconf 89' lang='lat' dir='ltr'><strong>De</strong></span> <span class='ocrx_word' id='word_1_174' title='bbox 1576 1755 1744 1804; x_wconf 89' lang='lat' dir='ltr'><strong>cautionibus</strong></span> <span class='ocrx_word' id='word_1_175' title='bbox 1759 1771 1822 1805; x_wconf 87' lang='lat' dir='ltr'><strong>vero</strong></span> <span class='ocrx_word' id='word_1_176' title='bbox 1839 1757 1918 1805; x_wconf 91' lang='lat' dir='ltr'><strong>simili</strong></span> 
     </span>
     <span class='ocr_line' id='line_1_17' title="bbox 260 1853 480 1919; baseline 0 -17"><span class='ocrx_word' id='word_1_177' title='bbox 260 1853 351 1904; x_wconf 89' lang='lat' dir='ltr'><strong>medo</strong></span> <span class='ocrx_word' id='word_1_178' title='bbox 378 1858 480 1919; x_wconf 75' lang='lat' dir='ltr'><strong>agatur.</strong></span> 
     </span>
    </p>

    <p class='ocr_par' dir='ltr' id='par_1_8' title="bbox 258 1939 1918 2233">
     <span class='ocr_line' id='line_1_18' title="bbox 376 1939 1918 2030; baseline 0.002 -24"><span class='ocrx_word' id='word_1_179' title='bbox 376 1939 411 2006; x_wconf 90' lang='lat' dir='ltr'><strong>Si</strong></span> <span class='ocrx_word' id='word_1_180' title='bbox 434 1943 508 2027; x_wconf 88' lang='lat' dir='ltr'><strong>quis</strong></span> <span class='ocrx_word' id='word_1_181' title='bbox 529 1942 628 2026; x_wconf 77' lang='lat' dir='ltr'><strong>igitur</strong></span> <span class='ocrx_word' id='word_1_182' title='bbox 655 1941 751 2007; x_wconf 91' lang='lat' dir='ltr'><strong>huius</strong></span> <span class='ocrx_word' id='word_1_183' title='bbox 785 1950 895 2025; x_wconf 76' lang='lat' dir='ltr'><strong>nostre</strong></span> <span class='ocrx_word' id='word_1_184' title='bbox 929 1941 1125 2027; x_wconf 87' lang='lat' dir='ltr'><strong>preceptalis</strong></span> <span class='ocrx_word' id='word_1_185' title='bbox 1157 1945 1275 2027; x_wconf 76' lang='lat' dir='ltr'><strong>pagine</strong></span> <span class='ocrx_word' id='word_1_186' title='bbox 1307 1943 1449 2009; x_wconf 88' lang='lat' dir='ltr'><strong>violator</strong></span> <span class='ocrx_word' id='word_1_187' title='bbox 1477 1946 1635 2027; x_wconf 86' lang='lat' dir='ltr'><strong>extiterit,</strong></span> <span class='ocrx_word' id='word_1_188' title='bbox 1671 1945 1758 2030; x_wconf 91' lang='lat' dir='ltr'><strong>quod</strong></span> <span class='ocrx_word' id='word_1_189' title='bbox 1787 1945 1918 2009; x_wconf 88' lang='lat' dir='ltr'><strong>minime</strong></span> 
     </span>
     <span class='ocr_line' id='line_1_19' title="bbox 258 2043 1917 2133; baseline 0.002 -24"><span class='ocrx_word' id='word_1_190' title='bbox 258 2043 451 2126; x_wconf 82' lang='lat' dir='ltr'><strong>eredimus,</strong></span> <span class='ocrx_word' id='word_1_191' title='bbox 476 2054 533 2110; x_wconf 84' lang='lat' dir='ltr'><strong>sut</strong></span> <span class='ocrx_word' id='word_1_192' title='bbox 553 2043 617 2109; x_wconf 91' lang='lat' dir='ltr'><strong>hoe</strong></span> <span class='ocrx_word' id='word_1_193' title='bbox 641 2044 815 2110; x_wconf 86' lang='lat' dir='ltr'><strong>observare</strong></span> <span class='ocrx_word' id='word_1_194' title='bbox 838 2044 992 2127; x_wconf 88' lang='lat' dir='ltr'><strong>noluerit,</strong></span> <span class='ocrx_word' id='word_1_195' title='bbox 1025 2048 1107 2109; x_wconf 90' lang='lat' dir='ltr'><strong>sciat</strong></span> <span class='ocrx_word' id='word_1_196' title='bbox 1130 2068 1164 2110; x_wconf 89' lang='lat' dir='ltr'><strong>se</strong></span> <span class='ocrx_word' id='word_1_197' title='bbox 1188 2048 1442 2130; x_wconf 89' lang='lat' dir='ltr'><strong>compositurum</strong></span> <span class='ocrx_word' id='word_1_198' title='bbox 1465 2049 1536 2113; x_wconf 87' lang='lat' dir='ltr'><strong>auri</strong></span> <span class='ocrx_word' id='word_1_199' title='bbox 1561 2049 1674 2133; x_wconf 89' lang='lat' dir='ltr'><strong>optimi</strong></span> <span class='ocrx_word' id='word_1_200' title='bbox 1695 2046 1796 2114; x_wconf 89' lang='lat' dir='ltr'><strong>libras</strong></span> <span class='ocrx_word' id='word_1_201' title='bbox 1820 2049 1917 2130; x_wconf 87' lang='lat' dir='ltr'><strong>inille,</strong></span> 
     </span>
     <span class='ocr_line' id='line_1_20' title="bbox 258 2145 1918 2233; baseline 0.002 -22"><span class='ocrx_word' id='word_1_202' title='bbox 258 2145 481 2212; x_wconf 84' lang='lat' dir='ltr'><strong>medietatem</strong></span> <span class='ocrx_word' id='word_1_203' title='bbox 503 2147 636 2232; x_wconf 72' lang='lat' dir='ltr'><strong>kamere</strong></span> <span class='ocrx_word' id='word_1_204' title='bbox 658 2156 768 2232; x_wconf 75' lang='lat' dir='ltr'><strong>nostre</strong></span> <span class='ocrx_word' id='word_1_205' title='bbox 791 2156 823 2212; x_wconf 89' lang='lat' dir='ltr'><strong>et</strong></span> <span class='ocrx_word' id='word_1_206' title='bbox 845 2147 1054 2213; x_wconf 87' lang='lat' dir='ltr'><strong>medietatem</strong></span> <span class='ocrx_word' id='word_1_207' title='bbox 1077 2147 1232 2233; x_wconf 89' lang='lat' dir='ltr'><strong>predictis</strong></span> <span class='ocrx_word' id='word_1_208' title='bbox 1248 2147 1424 2213; x_wconf 88' lang='lat' dir='ltr'><strong>Uenetieis.</strong></span> <span class='ocrx_word' id='word_1_209' title='bbox 1461 2149 1559 2230; x_wconf 79' lang='lat' dir='ltr'><strong>Quod</strong></span> <span class='ocrx_word' id='word_1_210' title='bbox 1580 2159 1616 2214; x_wconf 91' lang='lat' dir='ltr'><strong>ut</strong></span> <span class='ocrx_word' id='word_1_211' title='bbox 1637 2152 1744 2215; x_wconf 90' lang='lat' dir='ltr'><strong>verius</strong></span> <span class='ocrx_word' id='word_1_212' title='bbox 1768 2151 1918 2215; x_wconf 87' lang='lat' dir='ltr'><strong>credatur</strong></span> 
     </span>
    </p>

    <p class='ocr_par' dir='ltr' id='par_1_9' title="bbox 204 2248 1918 2437">
     <span class='ocr_line' id='line_1_21' title="bbox 204 2248 1918 2340; baseline 0.002 -26"><span class='ocrx_word' id='word_1_213' title='bbox 204 2272 228 2320; x_wconf 90' lang='grc' dir='ltr'>ο</span> <span class='ocrx_word' id='word_1_214' title='bbox 259 2248 522 2335; x_wconf 83' lang='lat' dir='ltr'><strong>diligentiusque</strong></span> <span class='ocrx_word' id='word_1_215' title='bbox 541 2249 582 2315; x_wconf 87' lang='lat' dir='ltr'><strong>ab</strong></span> <span class='ocrx_word' id='word_1_216' title='bbox 601 2250 750 2315; x_wconf 88' lang='lat' dir='ltr'><strong>omnibus</strong></span> <span class='ocrx_word' id='word_1_217' title='bbox 774 2249 974 2331; x_wconf 81' lang='lat' dir='ltr'><strong>observetur,</strong></span> <span class='ocrx_word' id='word_1_218' title='bbox 1000 2250 1096 2334; x_wconf 86' lang='lat' dir='ltr'><strong>sigilli</strong></span> <span class='ocrx_word' id='word_1_219' title='bbox 1119 2253 1222 2316; x_wconf 87' lang='lat' dir='ltr'><strong>nostri</strong></span> <span class='ocrx_word' id='word_1_220' title='bbox 1244 2253 1458 2335; x_wconf 88' lang='lat' dir='ltr'><strong>impressione</strong></span> <span class='ocrx_word' id='word_1_221' title='bbox 1471 2263 1490 2291; x_wconf 81' lang='lat'><strong>¹¹¹</strong></span> <span class='ocrx_word' id='word_1_222' title='bbox 1513 2253 1598 2317; x_wconf 88' lang='lat' dir='ltr'><strong>hanc</strong></span> <span class='ocrx_word' id='word_1_223' title='bbox 1614 2256 1769 2338; x_wconf 81' lang='lat' dir='ltr'><strong>paginam</strong></span> <span class='ocrx_word' id='word_1_224' title='bbox 1786 2256 1918 2340; x_wconf 90' lang='lat' dir='ltr'><strong>propria</strong></span> 
     </span>
     <span class='ocr_line' id='line_1_22' title="bbox 262 2351 1283 2437; baseline 0 -20"><span class='ocrx_word' id='word_1_225' title='bbox 262 2373 371 2417; x_wconf 83' lang='lat' dir='ltr'><strong>manu</strong></span> <span class='ocrx_word' id='word_1_226' title='bbox 394 2352 644 2430; x_wconf 78' lang='lat' dir='ltr'><strong>corroborantes</strong></span> <span class='ocrx_word' id='word_1_227' title='bbox 668 2351 804 2418; x_wconf 88' lang='lat' dir='ltr'><strong>eandem</strong></span> <span class='ocrx_word' id='word_1_228' title='bbox 828 2353 961 2418; x_wconf 84' lang='lat' dir='ltr'><strong>inferius</strong></span> <span class='ocrx_word' id='word_1_229' title='bbox 985 2354 1137 2419; x_wconf 88' lang='lat' dir='ltr'><strong>iussimus</strong></span> <span class='ocrx_word' id='word_1_230' title='bbox 1161 2355 1283 2437; x_wconf 85' lang='lat' dir='ltr'><strong>signiri.</strong></span> 
     </span>
    </p>
   </div>
   <div class='ocr_carea' id='block_1_3' title="bbox 1053 2577 1139 2652">
    <p class='ocr_par' dir='ltr' id='par_1_10' title="bbox 1053 2577 1139 2652">
     <span class='ocr_line' id='line_1_23' title="bbox 1053 2577 1139 2652; baseline -0.012 -1"><span class='ocrx_word' id='word_1_231' title='bbox 1053 2577 1139 2652; x_wconf 81' lang='lat'><strong>351.</strong></span> 
     </span>
    </p>
   </div>
   <div class='ocr_carea' id='block_1_4' title="bbox 264 2728 1918 2953">
    <p class='ocr_par' dir='ltr' id='par_1_11' title="bbox 264 2728 1918 2953">
     <span class='ocr_line' id='line_1_24' title="bbox 283 2728 1918 2831; baseline 0.002 -27"><span class='ocrx_word' id='word_1_232' title='bbox 283 2728 362 2805; x_wconf 84' lang='lat' dir='ltr'><strong>Otto</strong></span> <span class='ocrx_word' id='word_1_233' title='bbox 385 2732 546 2830; x_wconf 74' lang='lat' dir='ltr'><strong>bestdtiqt</strong></span> <span class='ocrx_word' id='word_1_234' title='bbox 566 2732 646 2805; x_wconf 84' lang='lat' dir='ltr'><strong>dena</strong></span> <span class='ocrx_word' id='word_1_235' title='bbox 667 2732 797 2829; x_wconf 73' lang='lat' dir='ltr'><strong>Deqea</strong></span> <span class='ocrx_word' id='word_1_236' title='bbox 819 2731 899 2805; x_wconf 78' lang='lat' dir='ltr'><strong>caud</strong></span> <span class='ocrx_word' id='word_1_237' title='bbox 920 2732 990 2804; x_wconf 80' lang='lat' dir='ltr'><strong>dea</strong></span> <span class='ocrx_word' id='word_1_238' title='bbox 1008 2732 1233 2807; x_wconf 77' lang='lat' dir='ltr'><strong>Bewoiaaeaaa</strong></span> <span class='ocrx_word' id='word_1_239' title='bbox 1254 2760 1326 2807; x_wconf 82' lang='lat' dir='ltr'><strong>voe</strong></span> <span class='ocrx_word' id='word_1_240' title='bbox 1353 2733 1510 2830; x_wconf 74' lang='lat' dir='ltr'><strong>Veaeds‘q</strong></span> <span class='ocrx_word' id='word_1_241' title='bbox 1531 2733 1624 2807; x_wconf 78' lang='lat' dir='ltr'><strong>nacla</strong></span> <span class='ocrx_word' id='word_1_242' title='bbox 1647 2734 1835 2831; x_wconf 70' lang='lat' dir='ltr'><strong>dlassqabe</strong></span> <span class='ocrx_word' id='word_1_243' title='bbox 1858 2733 1918 2807; x_wconf 83' lang='lat' dir='ltr'><strong>des</strong></span> 
     </span>
     <span class='ocr_line' id='line_1_25' title="bbox 264 2851 1915 2953; baseline 0.003 -32"><span class='ocrx_word' id='word_1_244' title='bbox 264 2854 441 2929; x_wconf 79' lang='lat' dir='ltr'><strong>zwisalten</strong></span> <span class='ocrx_word' id='word_1_245' title='bbox 462 2854 560 2927; x_wconf 81' lang='lat' dir='ltr'><strong>Karl</strong></span> <span class='ocrx_word' id='word_1_246' title='bbox 580 2853 660 2926; x_wconf 82' lang='lat' dir='ltr'><strong>dem</strong></span> <span class='ocrx_word' id='word_1_247' title='bbox 686 2851 841 2928; x_wconf 55' lang='lat' dir='ltr'><strong>&amp;ossea</strong></span> <span class='ocrx_word' id='word_1_248' title='bbox 862 2853 943 2926; x_wconf 82' lang='lat' dir='ltr'><strong>aad</strong></span> <span class='ocrx_word' id='word_1_249' title='bbox 969 2854 1038 2927; x_wconf 83' lang='lat' dir='ltr'><strong>dea</strong></span> <span class='ocrx_word' id='word_1_250' title='bbox 1064 2853 1238 2930; x_wconf 53' lang='lat' dir='ltr'><strong>Mortes</strong></span> <span class='ocrx_word' id='word_1_251' title='bbox 1262 2854 1522 2953; x_wconf 72' lang='lat' dir='ltr'><strong>qaseblesseeee</strong></span> <span class='ocrx_word' id='word_1_252' title='bbox 1548 2854 1732 2952; x_wconf 70' lang='lat' dir='ltr'><strong>Vertraqes</strong></span> <span class='ocrx_word' id='word_1_253' title='bbox 1755 2854 1825 2927; x_wconf 80' lang='lat' dir='ltr'><strong>den</strong></span> <span class='ocrx_word' id='word_1_254' title='bbox 1848 2881 1915 2926; x_wconf 78' lang='lat' dir='ltr'><strong>aaa·</strong></span> 
     </span>
    </p>
   </div>
   <div class='ocr_carea' id='block_1_5' title="bbox 204 2971 1870 3156">
    <p class='ocr_par' dir='ltr' id='par_1_12' title="bbox 204 2971 1870 3156">
     <span class='ocr_line' id='line_1_26' title="bbox 204 2971 1453 3062; baseline -0.001 -16"><span class='ocrx_word' id='word_1_255' title='bbox 204 2989 228 3034; x_wconf 85' lang='lat'>⁵</span> <span class='ocrx_word' id='word_1_256' title='bbox 254 2986 444 3062; x_wconf 65' lang='lat' dir='ltr'><strong>gestares</strong></span> <span class='ocrx_word' id='word_1_257' title='bbox 470 2973 588 3046; x_wconf 77' lang='lat' dir='ltr'><strong>Besite</strong></span> <span class='ocrx_word' id='word_1_258' title='bbox 613 2973 711 3046; x_wconf 81' lang='lat' dir='ltr'><strong>iltrer</strong></span> <span class='ocrx_word' id='word_1_259' title='bbox 737 2971 849 3048; x_wconf 78' lang='lat' dir='ltr'><strong>Geta</strong></span> <span class='ocrx_word' id='word_1_260' title='bbox 875 2975 1064 3048; x_wconf 81' lang='lat' dir='ltr'><strong>iaiaerielb</strong></span> <span class='ocrx_word' id='word_1_261' title='bbox 1093 2973 1153 3047; x_wconf 82' lang='lat' dir='ltr'><strong>des</strong></span> <span class='ocrx_word' id='word_1_262' title='bbox 1179 2973 1453 3048; x_wconf 79' lang='lat' dir='ltr'><strong>Kaiserreiclaes.</strong></span> 
     </span>
     <span class='ocr_line' id='line_1_27' title="bbox 1510 3095 1870 3156; baseline -0.006 0"><span class='ocrx_word' id='word_1_263' title='bbox 1510 3128 1552 3137; x_wconf 92' lang='lat'>-</span> <span class='ocrx_word' id='word_1_264' title='bbox 1575 3099 1639 3156; x_wconf 82' lang='lat'><strong>967</strong></span> <span class='ocrx_word' id='word_1_265' title='bbox 1660 3095 1820 3155; x_wconf 82' lang='lat' dir='ltr'><strong>December</strong></span> <span class='ocrx_word' id='word_1_266' title='bbox 1840 3100 1870 3156; x_wconf 82' lang='lat'><strong>2.</strong></span> 
     </span>
    </p>
   </div>
   <div class='ocr_carea' id='block_1_6' title="bbox 372 3281 1916 3467">
    <p class='ocr_par' dir='ltr' id='par_1_13' title="bbox 372 3281 1916 3467">
     <span class='ocr_line' id='line_1_28' title="bbox 372 3281 1916 3362; baseline -0.004 -17"><span class='ocrx_word' id='word_1_267' title='bbox 372 3286 465 3345; x_wconf 79' lang='lat' dir='ltr'><strong>Ia&#39;ber</strong></span> <span class='ocrx_word' id='word_1_268' title='bbox 486 3285 608 3344; x_wconf 76' lang='lat' dir='ltr'><strong>blancus</strong></span> <span class='ocrx_word' id='word_1_269' title='bbox 629 3304 686 3346; x_wconf 84' lang='lat' dir='ltr'><strong>aas</strong></span> <span class='ocrx_word' id='word_1_270' title='bbox 709 3286 762 3345; x_wconf 84' lang='lat' dir='ltr'><strong>der</strong></span> <span class='ocrx_word' id='word_1_271' title='bbox 783 3287 873 3346; x_wconf 87' lang='lat' dir='ltr'><strong>Mitte</strong></span> <span class='ocrx_word' id='word_1_272' title='bbox 895 3287 945 3345; x_wconf 86' lang='lat' dir='ltr'><strong>des</strong></span> <span class='ocrx_word' id='word_1_273' title='bbox 967 3289 1017 3345; x_wconf 81' lang='lat'><strong>14.</strong></span> <span class='ocrx_word' id='word_1_274' title='bbox 1034 3285 1087 3345; x_wconf 83' lang='lat' dir='ltr'><strong>Jb.</strong></span> <span class='ocrx_word' id='word_1_275' title='bbox 1111 3284 1135 3356; x_wconf 80' lang='lat' dir='ltr'><strong>s.</strong></span> <span class='ocrx_word' id='word_1_276' title='bbox 1159 3283 1211 3345; x_wconf 78' lang='lat'><strong>20&#39;</strong></span> <span class='ocrx_word' id='word_1_277' title='bbox 1234 3288 1276 3344; x_wconf 76' lang='lat' dir='ltr'><strong>tia</strong></span> <span class='ocrx_word' id='word_1_278' title='bbox 1298 3286 1325 3345; x_wconf 83' lang='lat' dir='ltr'><strong>t.</strong></span> <span class='ocrx_word' id='word_1_279' title='bbox 1351 3284 1554 3344; x_wconf 80' lang='lat' dir='ltr'><strong>Staatsarabiv</strong></span> <span class='ocrx_word' id='word_1_280' title='bbox 1573 3302 1614 3342; x_wconf 79' lang='lat' dir='ltr'><strong>aa</strong></span> <span class='ocrx_word' id='word_1_281' title='bbox 1636 3284 1761 3356; x_wconf 69' lang='lat' dir='ltr'><strong>Veaedta</strong></span> <span class='ocrx_word' id='word_1_282' title='bbox 1785 3281 1849 3362; x_wconf 80' lang='lat'>(0).</span> <span class='ocrx_word' id='word_1_283' title='bbox 1873 3318 1916 3325; x_wconf 90' lang='lat'>—</span> 
     </span>
     <span class='ocr_line' id='line_1_29' title="bbox 373 3388 1556 3467; baseline -0.001 -17"><span class='ocrx_word' id='word_1_284' title='bbox 373 3389 471 3450; x_wconf 76' lang='lat' dir='ltr'><strong>Codes</strong></span> <span class='ocrx_word' id='word_1_285' title='bbox 495 3391 670 3450; x_wconf 79' lang='lat' dir='ltr'><strong>Triaisanas</strong></span> <span class='ocrx_word' id='word_1_286' title='bbox 693 3408 749 3450; x_wconf 86' lang='lat' dir='ltr'><strong>aas</strong></span> <span class='ocrx_word' id='word_1_287' title='bbox 772 3390 838 3449; x_wconf 80' lang='lat' dir='ltr'><strong>clem</strong></span> <span class='ocrx_word' id='word_1_288' title='bbox 860 3390 1002 3465; x_wconf 66' lang='lat' dir='ltr'><strong>Aetnaea</strong></span> <span class='ocrx_word' id='word_1_289' title='bbox 1024 3392 1075 3450; x_wconf 83' lang='lat' dir='ltr'><strong>des</strong></span> <span class='ocrx_word' id='word_1_290' title='bbox 1097 3394 1148 3450; x_wconf 83' lang='lat'><strong>16.</strong></span> <span class='ocrx_word' id='word_1_291' title='bbox 1167 3391 1219 3450; x_wconf 80' lang='lat' dir='ltr'><strong>Jb.</strong></span> <span class='ocrx_word' id='word_1_292' title='bbox 1243 3389 1267 3461; x_wconf 79' lang='lat' dir='ltr'><strong>s.</strong></span> <span class='ocrx_word' id='word_1_293' title='bbox 1293 3394 1335 3450; x_wconf 83' lang='lat'><strong>77</strong></span> <span class='ocrx_word' id='word_1_294' title='bbox 1357 3390 1467 3449; x_wconf 82' lang='lat' dir='ltr'><strong>cbeada</strong></span> <span class='ocrx_word' id='word_1_295' title='bbox 1491 3388 1502 3467; x_wconf 87' lang='lat'>(</span> <span class='ocrx_word' id='word_1_296' title='bbox 1533 3388 1556 3467; x_wconf 88' lang='lat'><strong>).</strong></span> 
     </span>
    </p>
   </div>
   <div class='ocr_carea' id='block_1_7' title="bbox 372 3523 1915 3728">
    <p class='ocr_par' dir='ltr' id='par_1_14' title="bbox 372 3523 1915 3728">
     <span class='ocr_line' id='line_1_30' title="bbox 372 3523 1915 3602; baseline -0.002 -15"><span class='ocrx_word' id='word_1_297' title='bbox 372 3528 848 3601; x_wconf 77' lang='lat' dir='ltr'><strong>MaratoriSS.12‚208Eatr.</strong></span> <span class='ocrx_word' id='word_1_298' title='bbox 873 3562 914 3572; x_wconf 89' lang='lat'><em>-</em></span> <span class='ocrx_word' id='word_1_299' title='bbox 937 3528 1065 3602; x_wconf 76' lang='lat' dir='ltr'><strong>Stampf</strong></span> <span class='ocrx_word' id='word_1_300' title='bbox 1076 3527 1153 3587; x_wconf 84' lang='lat' dir='ltr'><strong>Aeta</strong></span> <span class='ocrx_word' id='word_1_301' title='bbox 1168 3528 1246 3587; x_wconf 82' lang='lat' dir='ltr'><strong>iaed.</strong></span> <span class='ocrx_word' id='word_1_302' title='bbox 1265 3529 1304 3588; x_wconf 87' lang='lat'><strong>15</strong></span> <span class='ocrx_word' id='word_1_303' title='bbox 1320 3534 1354 3586; x_wconf 80' lang='lat' dir='ltr'><strong>a⁰</strong></span> <span class='ocrx_word' id='word_1_304' title='bbox 1369 3532 1413 3589; x_wconf 80' lang='lat'><strong>12</strong></span> <span class='ocrx_word' id='word_1_305' title='bbox 1426 3545 1483 3586; x_wconf 82' lang='lat' dir='ltr'><strong>aas</strong></span> <span class='ocrx_word' id='word_1_306' title='bbox 1499 3524 1530 3586; x_wconf 81' lang='lat' dir='ltr'><strong>O.</strong></span> <span class='ocrx_word' id='word_1_307' title='bbox 1549 3558 1590 3569; x_wconf 91' lang='lat'>-</span> <span class='ocrx_word' id='word_1_308' title='bbox 1615 3523 1743 3597; x_wconf 73' lang='lat' dir='ltr'><strong>Stwaps</strong></span> <span class='ocrx_word' id='word_1_309' title='bbox 1753 3525 1825 3598; x_wconf 70' lang='lat' dir='ltr'><strong>Rea.</strong></span> <span class='ocrx_word' id='word_1_310' title='bbox 1843 3526 1915 3584; x_wconf 84' lang='grc'><strong><em>436.</em></strong></span> 
     </span>
     <span class='ocr_line' id='line_1_31' title="bbox 373 3665 816 3728; baseline -0.007 0"><span class='ocrx_word' id='word_1_311' title='bbox 373 3667 529 3728; x_wconf 75' lang='lat' dir='ltr'><strong>Eridntert</strong></span> <span class='ocrx_word' id='word_1_312' title='bbox 551 3671 639 3726; x_wconf 71' lang='lat' dir='ltr'><strong>saue</strong></span> <span class='ocrx_word' id='word_1_313' title='bbox 659 3665 725 3727; x_wconf 90' lang='lat' dir='ltr'><strong>DO.</strong></span> <span class='ocrx_word' id='word_1_314' title='bbox 743 3669 816 3727; x_wconf 83' lang='lat'><strong><em>350.</em></strong></span> 
     </span>
    </p>
   </div>
   <div class='ocr_carea' id='block_1_8' title="bbox 204 3847 1917 4765">
    <p class='ocr_par' dir='ltr' id='par_1_15' title="bbox 236 3847 1917 4245">
     <span class='ocr_line' id='line_1_32' title="bbox 476 3847 1917 3933; baseline -0.003 -16"><span class='ocrx_word' id='word_1_315' title='bbox 476 3853 516 3917; x_wconf 94' lang='lat' dir='ltr'><strong>In</strong></span> <span class='ocrx_word' id='word_1_316' title='bbox 546 3853 677 3918; x_wconf 91' lang='lat' dir='ltr'><strong>nomine</strong></span> <span class='ocrx_word' id='word_1_317' title='bbox 707 3852 830 3917; x_wconf 92' lang='lat' dir='ltr'><strong>domini</strong></span> <span class='ocrx_word' id='word_1_318' title='bbox 862 3850 914 3916; x_wconf 88' lang='lat' dir='ltr'><strong>dei</strong></span> <span class='ocrx_word' id='word_1_319' title='bbox 950 3853 1062 3917; x_wconf 89' lang='lat' dir='ltr'><strong>eterni.</strong></span> <span class='ocrx_word' id='word_1_320' title='bbox 1108 3849 1187 3915; x_wconf 92' lang='lat' dir='ltr'><strong>Otto</strong></span> <span class='ocrx_word' id='word_1_321' title='bbox 1223 3851 1334 3915; x_wconf 89' lang='lat' dir='ltr'><strong>divina</strong></span> <span class='ocrx_word' id='word_1_322' title='bbox 1366 3849 1498 3913; x_wconf 83' lang='lat' dir='ltr'><strong>favente</strong></span> <span class='ocrx_word' id='word_1_323' title='bbox 1531 3847 1705 3914; x_wconf 87' lang='lat' dir='ltr'><strong>elementia</strong></span> <span class='ocrx_word' id='word_1_324' title='bbox 1738 3849 1917 3933; x_wconf 87' lang='lat' dir='ltr'><strong>imperator</strong></span> 
     </span>
     <span class='ocr_line' id='line_1_33' title="bbox 236 3965 1917 4042; baseline -0.003 -20"><span class='ocrx_word' id='word_1_325' title='bbox 236 3965 439 4042; x_wconf 62' lang='lat' dir='ltr'><strong>augustm.</strong></span> <span class='ocrx_word' id='word_1_326' title='bbox 527 3972 645 4037; x_wconf 86' lang='lat' dir='ltr'><strong>Dignum</strong></span> <span class='ocrx_word' id='word_1_327' title='bbox 667 3979 708 4022; x_wconf 89' lang='lat' dir='ltr'><strong>est</strong></span> <span class='ocrx_word' id='word_1_328' title='bbox 729 3978 759 4021; x_wconf 89' lang='lat' dir='ltr'><strong>ut</strong></span> <span class='ocrx_word' id='word_1_329' title='bbox 781 3970 910 4021; x_wconf 89' lang='lat' dir='ltr'><strong>celsitudo</strong></span> <span class='ocrx_word' id='word_1_330' title='bbox 933 3971 1077 4036; x_wconf 87' lang='lat' dir='ltr'><strong>imperialis</strong></span> <span class='ocrx_word' id='word_1_331' title='bbox 1100 3974 1228 4034; x_wconf 84' lang='lat' dir='ltr'><strong>quantum</strong></span> <span class='ocrx_word' id='word_1_332' title='bbox 1250 3975 1352 4019; x_wconf 89' lang='lat' dir='ltr'><strong>ceteros</strong></span> <span class='ocrx_word' id='word_1_333' title='bbox 1374 3969 1482 4018; x_wconf 89' lang='lat' dir='ltr'><strong>honoris</strong></span> <span class='ocrx_word' id='word_1_334' title='bbox 1505 3983 1536 4019; x_wconf 87' lang='lat' dir='ltr'><strong>ac</strong></span> <span class='ocrx_word' id='word_1_335' title='bbox 1558 3970 1696 4034; x_wconf 87' lang='lat' dir='ltr'><strong>potestatis</strong></span> <span class='ocrx_word' id='word_1_336' title='bbox 1719 3968 1826 4033; x_wconf 86' lang='lat' dir='ltr'><strong>fastigio</strong></span> <span class='ocrx_word' id='word_1_337' title='bbox 1845 3974 1917 4017; x_wconf 88' lang='lat' dir='ltr'><strong>ante·</strong></span> 
     </span>
     <span class='ocr_line' id='line_1_34' title="bbox 240 4067 1917 4142; baseline -0.004 -17"><span class='ocrx_word' id='word_1_338' title='bbox 240 4076 357 4138; x_wconf 59' lang='lat' dir='ltr'><strong>Qellit,</strong></span> <span class='ocrx_word' id='word_1_339' title='bbox 387 4082 492 4125; x_wconf 80' lang='lat' dir='ltr'><strong>tautruu</strong></span> <span class='ocrx_word' id='word_1_340' title='bbox 519 4090 582 4142; x_wconf 83' lang='lat' dir='ltr'><strong>erga</strong></span> <span class='ocrx_word' id='word_1_341' title='bbox 611 4091 701 4126; x_wconf 87' lang='lat' dir='ltr'><strong>omues</strong></span> <span class='ocrx_word' id='word_1_342' title='bbox 728 4067 835 4139; x_wconf 86' lang='lat' dir='ltr'><strong>pietatis</strong></span> <span class='ocrx_word' id='word_1_343' title='bbox 856 4091 904 4125; x_wconf 89' lang='lat' dir='ltr'><strong>sue</strong></span> <span class='ocrx_word' id='word_1_344' title='bbox 927 4091 1022 4125; x_wconf 89' lang='lat' dir='ltr'><strong>munus</strong></span> <span class='ocrx_word' id='word_1_345' title='bbox 1045 4073 1197 4138; x_wconf 87' lang='lat' dir='ltr'><strong>impendere</strong></span> <span class='ocrx_word' id='word_1_346' title='bbox 1220 4078 1330 4137; x_wconf 81' lang='lat' dir='ltr'><strong>satagat.</strong></span> <span class='ocrx_word' id='word_1_347' title='bbox 1374 4072 1459 4137; x_wconf 78' lang='lat' dir='ltr'><strong>Igitur</strong></span> <span class='ocrx_word' id='word_1_348' title='bbox 1482 4073 1599 4122; x_wconf 87' lang='lat' dir='ltr'><strong>omnium</strong></span> <span class='ocrx_word' id='word_1_349' title='bbox 1620 4070 1737 4121; x_wconf 89' lang='lat' dir='ltr'><strong>fidelium</strong></span> <span class='ocrx_word' id='word_1_350' title='bbox 1761 4075 1852 4121; x_wconf 86' lang='lat' dir='ltr'><strong>sancte</strong></span> <span class='ocrx_word' id='word_1_351' title='bbox 1875 4070 1917 4119; x_wconf 85' lang='lat' dir='ltr'><strong>dei</strong></span> 
     </span>
     <span class='ocr_line' id='line_1_35' title="bbox 245 4160 1916 4245; baseline -0.003 -16"><span class='ocrx_word' id='word_1_352' title='bbox 245 4179 381 4231; x_wconf 63' lang='lat' dir='ltr'><strong>ecclesie</strong></span> <span class='ocrx_word' id='word_1_353' title='bbox 403 4173 632 4245; x_wconf 68' lang='lat' dir='ltr'><strong>nostrorumque³</strong></span> <span class='ocrx_word' id='word_1_354' title='bbox 654 4181 815 4244; x_wconf 86' lang='lat' dir='ltr'><strong>presentium</strong></span> <span class='ocrx_word' id='word_1_355' title='bbox 838 4161 965 4228; x_wconf 84' lang='lat' dir='ltr'><strong>scilicetb</strong></span> <span class='ocrx_word' id='word_1_356' title='bbox 989 4192 1020 4227; x_wconf 88' lang='lat' dir='ltr'><strong>ae</strong></span> <span class='ocrx_word' id='word_1_357' title='bbox 1043 4177 1192 4228; x_wconf 88' lang='lat' dir='ltr'><strong>futurorum</strong></span> <span class='ocrx_word' id='word_1_358' title='bbox 1214 4162 1342 4225; x_wconf 80' lang='lat' dir='ltr'><strong>neverit</strong></span> <span class='ocrx_word' id='word_1_359' title='bbox 1356 4160 1528 4243; x_wconf 76' lang='lat' dir='ltr'><strong>industria,</strong></span> <span class='ocrx_word' id='word_1_360' title='bbox 1553 4178 1615 4241; x_wconf 89' lang='lat' dir='ltr'><strong>quia</strong></span> <span class='ocrx_word' id='word_1_361' title='bbox 1630 4160 1746 4224; x_wconf 75' lang='lat' dir='ltr'><strong>Petrus</strong></span> <span class='ocrx_word' id='word_1_362' title='bbox 1762 4175 1816 4224; x_wconf 81' lang='lat' dir='ltr'><strong>dux</strong></span> <span class='ocrx_word' id='word_1_363' title='bbox 1832 4176 1916 4224; x_wconf 89' lang='lat' dir='ltr'><strong>Vene-</strong></span> 
     </span>
    </p>

    <p class='ocr_par' dir='ltr' id='par_1_16' title="bbox 204 4261 1917 4765">
     <span class='ocr_line' id='line_1_36' title="bbox 204 4261 1917 4350; baseline -0.003 -19"><span class='ocrx_word' id='word_1_364' title='bbox 204 4276 208 4295; x_wconf 90' lang='lat'>&#39;</span> <span class='ocrx_word' id='word_1_365' title='bbox 247 4275 383 4333; x_wconf 72' lang='lat' dir='ltr'><strong>tinorum</strong></span> <span class='ocrx_word' id='word_1_366' title='bbox 396 4298 445 4347; x_wconf 79' lang='lat' dir='ltr'><strong>per</strong></span> <span class='ocrx_word' id='word_1_367' title='bbox 459 4265 655 4332; x_wconf 87' lang='lat' dir='ltr'><strong>Adeleidam</strong></span> <span class='ocrx_word' id='word_1_368' title='bbox 678 4266 830 4332; x_wconf 83' lang='lat' dir='ltr'><strong>dilectam</strong></span> <span class='ocrx_word' id='word_1_369' title='bbox 853 4268 1025 4350; x_wconf 86' lang='lat' dir='ltr'><strong>coniugem</strong></span> <span class='ocrx_word' id='word_1_370' title='bbox 1048 4274 1194 4331; x_wconf 87' lang='lat' dir='ltr'><strong>nostram</strong></span> <span class='ocrx_word' id='word_1_371' title='bbox 1216 4287 1256 4330; x_wconf 91' lang='lat' dir='ltr'><strong>ae</strong></span> <span class='ocrx_word' id='word_1_372' title='bbox 1280 4287 1337 4350; x_wconf 91' lang='lat' dir='ltr'><strong>per</strong></span> <span class='ocrx_word' id='word_1_373' title='bbox 1359 4265 1514 4329; x_wconf 78' lang='lat' dir='ltr'><strong>nuntios⁰</strong></span> <span class='ocrx_word' id='word_1_374' title='bbox 1537 4286 1614 4329; x_wconf 85' lang='lat' dir='ltr'><strong>suos</strong></span> <span class='ocrx_word' id='word_1_375' title='bbox 1630 4263 1810 4328; x_wconf 87' lang='lat' dir='ltr'><strong>Iohannem</strong></span> <span class='ocrx_word' id='word_1_376' title='bbox 1827 4261 1917 4327; x_wconf 83' lang='lat' dir='ltr'><strong>Gun-</strong></span> 
     </span>
     <span class='ocr_line' id='line_1_37' title="bbox 249 4368 1917 4449; baseline -0.004 -12"><span class='ocrx_word' id='word_1_377' title='bbox 249 4369 410 4437; x_wconf 62' lang='lat' dir='ltr'><strong>turinum</strong></span> <span class='ocrx_word' id='word_1_378' title='bbox 433 4380 467 4437; x_wconf 76' lang='lat' dir='ltr'><strong>et</strong></span> <span class='ocrx_word' id='word_1_379' title='bbox 488 4369 589 4435; x_wconf 74' lang='lat' dir='ltr'><strong>allum</strong></span> <span class='ocrx_word' id='word_1_380' title='bbox 610 4369 791 4435; x_wconf 83' lang='lat' dir='ltr'><strong>Iohannem</strong></span> <span class='ocrx_word' id='word_1_381' title='bbox 813 4368 1024 4434; x_wconf 75' lang='lat' dir='ltr'><strong>Diaconumd</strong></span> <span class='ocrx_word' id='word_1_382' title='bbox 1055 4390 1171 4434; x_wconf 87' lang='lat' dir='ltr'><strong>nostram</strong></span> <span class='ocrx_word' id='word_1_383' title='bbox 1202 4385 1334 4449; x_wconf 87' lang='lat' dir='ltr'><strong>deprecati</strong></span> <span class='ocrx_word' id='word_1_384' title='bbox 1359 4378 1434 4432; x_wconf 78' lang='lat' dir='ltr'><strong>suni</strong></span> <span class='ocrx_word' id='word_1_385' title='bbox 1456 4385 1633 4445; x_wconf 85' lang='lat' dir='ltr'><strong>maiestatem,</strong></span> <span class='ocrx_word' id='word_1_386' title='bbox 1662 4389 1692 4432; x_wconf 93' lang='lat' dir='ltr'><strong>ut</strong></span> <span class='ocrx_word' id='word_1_387' title='bbox 1719 4399 1751 4432; x_wconf 82' lang='lat' dir='ltr'><strong>ex</strong></span> <span class='ocrx_word' id='word_1_388' title='bbox 1773 4383 1853 4432; x_wconf 90' lang='lat' dir='ltr'><strong>rebus</strong></span> <span class='ocrx_word' id='word_1_389' title='bbox 1876 4384 1917 4431; x_wconf 90' lang='lat' dir='ltr'><strong>sui</strong></span> 
     </span>
     <span class='ocr_line' id='line_1_38' title="bbox 256 4482 1916 4559; baseline -0.004 -17"><span class='ocrx_word' id='word_1_390' title='bbox 256 4488 382 4542; x_wconf 73' lang='lat' dir='ltr'><strong>(inantus</strong></span> <span class='ocrx_word' id='word_1_391' title='bbox 405 4506 457 4557; x_wconf 90' lang='lat' dir='ltr'><strong>qne</strong></span> <span class='ocrx_word' id='word_1_392' title='bbox 479 4491 549 4540; x_wconf 87' lang='lat' dir='ltr'><strong>inira</strong></span> <span class='ocrx_word' id='word_1_393' title='bbox 571 4490 697 4540; x_wconf 88' lang='lat' dir='ltr'><strong>ditionem</strong></span> <span class='ocrx_word' id='word_1_394' title='bbox 721 4496 759 4539; x_wconf 81' lang='lat' dir='ltr'><strong>ae</strong></span> <span class='ocrx_word' id='word_1_395' title='bbox 783 4482 981 4559; x_wconf 75' lang='lat' dir='ltr'><strong>potestatem</strong></span> <span class='ocrx_word' id='word_1_396' title='bbox 1004 4490 1106 4553; x_wconf 88' lang='lat' dir='ltr'><strong>imperii</strong></span> <span class='ocrx_word' id='word_1_397' title='bbox 1129 4491 1211 4538; x_wconf 78' lang='lat' dir='ltr'><strong>nosbi</strong></span> <span class='ocrx_word' id='word_1_398' title='bbox 1235 4490 1378 4538; x_wconf 83' lang='lat' dir='ltr'><strong>consistere</strong></span> <span class='ocrx_word' id='word_1_399' title='bbox 1401 4492 1562 4550; x_wconf 87' lang='lat' dir='ltr'><strong>noscuntur,</strong></span> <span class='ocrx_word' id='word_1_400' title='bbox 1593 4485 1798 4536; x_wconf 85' lang='lat' dir='ltr'><strong>confirmationis</strong></span> <span class='ocrx_word' id='word_1_401' title='bbox 1827 4491 1916 4536; x_wconf 83' lang='lat' dir='ltr'><strong>nostre</strong></span> 
     </span>
     <span class='ocr_line' id='line_1_39' title="bbox 259 4588 1917 4661; baseline -0.005 -15"><span class='ocrx_word' id='word_1_402' title='bbox 259 4601 423 4661; x_wconf 73' lang='lat' dir='ltr'><strong>preceptum</strong></span> <span class='ocrx_word' id='word_1_403' title='bbox 445 4593 503 4644; x_wconf 84' lang='lat' dir='ltr'><strong>fieri</strong></span> <span class='ocrx_word' id='word_1_404' title='bbox 525 4594 684 4656; x_wconf 87' lang='lat' dir='ltr'><strong>iuberemus,</strong></span> <span class='ocrx_word' id='word_1_405' title='bbox 707 4609 754 4657; x_wconf 90' lang='lat' dir='ltr'><strong>per</strong></span> <span class='ocrx_word' id='word_1_406' title='bbox 776 4593 847 4658; x_wconf 89' lang='lat' dir='ltr'><strong>quod</strong></span> <span class='ocrx_word' id='word_1_407' title='bbox 868 4595 926 4657; x_wconf 89' lang='lat' dir='ltr'><strong>ipse</strong></span> <span class='ocrx_word' id='word_1_408' title='bbox 949 4608 980 4642; x_wconf 88' lang='lat' dir='ltr'><strong>ac</strong></span> <span class='ocrx_word' id='word_1_409' title='bbox 1002 4592 1153 4656; x_wconf 88' lang='lat' dir='ltr'><strong>patriarcha</strong></span> <span class='ocrx_word' id='word_1_410' title='bbox 1175 4590 1314 4656; x_wconf 87' lang='lat' dir='ltr'><strong>pontifices</strong></span> <span class='ocrx_word' id='word_1_411' title='bbox 1337 4596 1363 4640; x_wconf 88' lang='lat' dir='ltr'><strong>et</strong></span> <span class='ocrx_word' id='word_1_412' title='bbox 1385 4590 1500 4654; x_wconf 91' lang='lat' dir='ltr'><strong>populns</strong></span> <span class='ocrx_word' id='word_1_413' title='bbox 1522 4590 1562 4638; x_wconf 93' lang='lat' dir='ltr'><strong>illi</strong></span> <span class='ocrx_word' id='word_1_414' title='bbox 1586 4591 1721 4639; x_wconf 87' lang='lat' dir='ltr'><strong>subiectus</strong></span> <span class='ocrx_word' id='word_1_415' title='bbox 1744 4589 1795 4638; x_wconf 89' lang='lat' dir='ltr'><strong>sibi</strong></span> <span class='ocrx_word' id='word_1_416' title='bbox 1813 4588 1917 4639; x_wconf 86' lang='lat' dir='ltr'><strong>debitas</strong></span> 
     </span>
     <span class='ocr_line' id='line_1_40' title="bbox 263 4690 1917 4765; baseline -0.004 -16"><span class='ocrx_word' id='word_1_417' title='bbox 263 4712 311 4751; x_wconf 77' lang='lat' dir='ltr'><strong>res</strong></span> <span class='ocrx_word' id='word_1_418' title='bbox 332 4701 434 4765; x_wconf 84' lang='lat' dir='ltr'><strong>absque</strong></span> <span class='ocrx_word' id='word_1_419' title='bbox 457 4699 614 4763; x_wconf 85' lang='lat' dir='ltr'><strong>cuiusquam</strong></span> <span class='ocrx_word' id='word_1_420' title='bbox 637 4699 822 4747; x_wconf 84' lang='lat' dir='ltr'><strong>contrarietate</strong></span> <span class='ocrx_word' id='word_1_421' title='bbox 844 4712 890 4746; x_wconf 89' lang='lat' dir='ltr'><strong>seu</strong></span> <span class='ocrx_word' id='word_1_422' title='bbox 915 4690 1115 4763; x_wconf 79' lang='lat' dir='ltr'><strong>refragatione⁰</strong></span> <span class='ocrx_word' id='word_1_423' title='bbox 1137 4697 1250 4746; x_wconf 88' lang='lat' dir='ltr'><strong>retinere</strong></span> <span class='ocrx_word' id='word_1_424' title='bbox 1273 4695 1433 4760; x_wconf 79' lang='lat' dir='ltr'><strong>quivissent,</strong></span> <span class='ocrx_word' id='word_1_425' title='bbox 1465 4692 1685 4760; x_wconf 87' lang='lat' dir='ltr'><strong>quemadmodum</strong></span> <span class='ocrx_word' id='word_1_426' title='bbox 1714 4694 1878 4758; x_wconf 84' lang='lat' dir='ltr'><strong>temporibus</strong></span> <span class='ocrx_word' id='word_1_427' title='bbox 1901 4711 1917 4742; x_wconf 78' lang='lat' dir='ltr'><strong>s</strong></span> 
     </span>
    </p>
   </div>
   <div class='ocr_carea' id='block_1_9' title="bbox 204 4774 1917 4868">
    <p class='ocr_par' dir='ltr' id='par_1_17' title="bbox 204 4774 1917 4868">
     <span class='ocr_line' id='line_1_41' title="bbox 204 4774 1917 4868; baseline -0.005 -14"><span class='ocrx_word' id='word_1_428' title='bbox 204 4774 230 4827; x_wconf 55' lang='grc' dir='ltr'>ὓ</span> <span class='ocrx_word' id='word_1_429' title='bbox 266 4800 361 4854; x_wconf 81' lang='lat' dir='ltr'><strong>Ilaroli</strong></span> <span class='ocrx_word' id='word_1_430' title='bbox 383 4818 432 4868; x_wconf 89' lang='lat' dir='ltr'><strong>per</strong></span> <span class='ocrx_word' id='word_1_431' title='bbox 454 4802 588 4852; x_wconf 88' lang='lat' dir='ltr'><strong>decretum</strong></span> <span class='ocrx_word' id='word_1_432' title='bbox 612 4816 671 4851; x_wconf 87' lang='lat' dir='ltr'><strong>cum</strong></span> <span class='ocrx_word' id='word_1_433' title='bbox 695 4800 787 4850; x_wconf 81' lang='lat' dir='ltr'><strong>Grecis</strong></span> <span class='ocrx_word' id='word_1_434' title='bbox 809 4801 956 4849; x_wconf 86' lang='lat' dir='ltr'><strong>sanccitum</strong></span> <span class='ocrx_word' id='word_1_435' title='bbox 978 4801 1154 4865; x_wconf 89' lang='lat' dir='ltr'><strong>possiderunt.</strong></span> <span class='ocrx_word' id='word_1_436' title='bbox 1192 4782 1339 4863; x_wconf 75' lang='lat' dir='ltr'><strong>Quorum</strong></span> <span class='ocrx_word' id='word_1_437' title='bbox 1361 4798 1534 4862; x_wconf 85' lang='lat' dir='ltr'><strong>petitionibus</strong></span> <span class='ocrx_word' id='word_1_438' title='bbox 1546 4779 1563 4858; x_wconf 72' lang='lat'><strong>¹,</strong></span> <span class='ocrx_word' id='word_1_439' title='bbox 1587 4802 1617 4846; x_wconf 91' lang='lat' dir='ltr'><strong>ut</strong></span> <span class='ocrx_word' id='word_1_440' title='bbox 1638 4797 1714 4847; x_wconf 91' lang='lat' dir='ltr'><strong>nobis</strong></span> <span class='ocrx_word' id='word_1_441' title='bbox 1737 4797 1841 4846; x_wconf 89' lang='lat' dir='ltr'><strong>celestis</strong></span> <span class='ocrx_word' id='word_1_442' title='bbox 1864 4797 1917 4846; x_wconf 89' lang='lat' dir='ltr'><strong>sui·</strong></span> 
     </span>
    </p>
   </div>
   <div class='ocr_carea' id='block_1_10' title="bbox 270 4900 1917 4972">
    <p class='ocr_par' dir='ltr' id='par_1_18' title="bbox 270 4900 1917 4972">
     <span class='ocr_line' id='line_1_42' title="bbox 270 4900 1917 4972; baseline -0.003 -17"><span class='ocrx_word' id='word_1_443' title='bbox 270 4906 384 4972; x_wconf 75' lang='lat' dir='ltr'><strong>irrigatio</strong></span> <span class='ocrx_word' id='word_1_444' title='bbox 411 4905 544 4970; x_wconf 88' lang='lat' dir='ltr'><strong>copiosior</strong></span> <span class='ocrx_word' id='word_1_445' title='bbox 572 4902 655 4966; x_wconf 86' lang='lat' dir='ltr'><strong>adsit,</strong></span> <span class='ocrx_word' id='word_1_446' title='bbox 684 4903 798 4953; x_wconf 88' lang='lat' dir='ltr'><strong>libenter</strong></span> <span class='ocrx_word' id='word_1_447' title='bbox 826 4902 1026 4968; x_wconf 85' lang='lat' dir='ltr'><strong>adquiescentes</strong></span> <span class='ocrx_word' id='word_1_448' title='bbox 1054 4904 1103 4953; x_wconf 91' lang='lat' dir='ltr'><strong>hos</strong></span> <span class='ocrx_word' id='word_1_449' title='bbox 1126 4902 1271 4954; x_wconf 87' lang='lat' dir='ltr'><strong>excelentie</strong></span> <span class='ocrx_word' id='word_1_450' title='bbox 1293 4906 1382 4951; x_wconf 87' lang='lat' dir='ltr'><strong>nostre</strong></span> <span class='ocrx_word' id='word_1_451' title='bbox 1405 4902 1493 4965; x_wconf 84' lang='lat' dir='ltr'><strong>apices</strong></span> <span class='ocrx_word' id='word_1_452' title='bbox 1516 4900 1680 4951; x_wconf 87' lang='lat' dir='ltr'><strong>decrevimus</strong></span> <span class='ocrx_word' id='word_1_453' title='bbox 1702 4901 1759 4950; x_wconf 88' lang='lat' dir='ltr'><strong>fieri</strong></span> <span class='ocrx_word' id='word_1_454' title='bbox 1781 4917 1828 4964; x_wconf 87' lang='lat' dir='ltr'><strong>per</strong></span> <span class='ocrx_word' id='word_1_455' title='bbox 1850 4916 1917 4965; x_wconf 87' lang='lat' dir='ltr'><strong>quos</strong></span> 
     </span>
    </p>
   </div>
   <div class='ocr_carea' id='block_1_11' title="bbox 271 4998 1917 5071">
    <p class='ocr_par' dir='ltr' id='par_1_19' title="bbox 271 4998 1917 5071">
     <span class='ocr_line' id='line_1_43' title="bbox 271 4998 1917 5071; baseline -0.004 -11"><span class='ocrx_word' id='word_1_456' title='bbox 271 5014 415 5060; x_wconf 78' lang='lat' dir='ltr'><strong>statuentes</strong></span> <span class='ocrx_word' id='word_1_457' title='bbox 444 5008 624 5071; x_wconf 84' lang='lat' dir='ltr'><strong>decernimus,</strong></span> <span class='ocrx_word' id='word_1_458' title='bbox 653 5014 683 5056; x_wconf 93' lang='lat' dir='ltr'><strong>nt</strong></span> <span class='ocrx_word' id='word_1_459' title='bbox 710 5007 800 5057; x_wconf 88' lang='lat' dir='ltr'><strong>nullus</strong></span> <span class='ocrx_word' id='word_1_460' title='bbox 822 5009 850 5056; x_wconf 91' lang='lat' dir='ltr'><strong>iu</strong></span> <span class='ocrx_word' id='word_1_461' title='bbox 872 5008 1011 5057; x_wconf 88' lang='lat' dir='ltr'><strong>territoriis</strong></span> <span class='ocrx_word' id='word_1_462' title='bbox 1032 5007 1098 5057; x_wconf 88' lang='lat' dir='ltr'><strong>locis</strong></span> <span class='ocrx_word' id='word_1_463' title='bbox 1120 5005 1316 5071; x_wconf 86' lang='lat' dir='ltr'><strong>pecculiaribus</strong></span> <span class='ocrx_word' id='word_1_464' title='bbox 1339 4998 1410 5055; x_wconf 67' lang='lat' dir='ltr'><strong>autt</strong></span> <span class='ocrx_word' id='word_1_465' title='bbox 1433 5004 1552 5055; x_wconf 87' lang='lat' dir='ltr'><strong>ecclesiis</strong></span> <span class='ocrx_word' id='word_1_466' title='bbox 1575 5005 1697 5055; x_wconf 87' lang='lat' dir='ltr'><strong>domibus</strong></span> <span class='ocrx_word' id='word_1_467' title='bbox 1719 5020 1767 5055; x_wconf 88' lang='lat' dir='ltr'><strong>seu</strong></span> <span class='ocrx_word' id='word_1_468' title='bbox 1789 5004 1869 5054; x_wconf 89' lang='lat' dir='ltr'><strong>rebus</strong></span> <span class='ocrx_word' id='word_1_469' title='bbox 1891 5011 1917 5054; x_wconf 87' lang='lat' dir='ltr'><strong>et</strong></span> 
     </span>
    </p>
   </div>
   <div class='ocr_carea' id='block_1_12' title="bbox 353 5163 1086 5232">
    <p class='ocr_par' dir='ltr' id='par_1_20' title="bbox 353 5163 1086 5232">
     <span class='ocr_line' id='line_1_44' title="bbox 353 5163 1086 5232; baseline -0.005 -14"><span class='ocrx_word' id='word_1_470' title='bbox 353 5163 412 5218; x_wconf 72' lang='lat'><strong>250.</strong></span> <span class='ocrx_word' id='word_1_471' title='bbox 439 5165 458 5229; x_wconf 90' lang='lat' dir='ltr'><strong>l)</strong></span> <span class='ocrx_word' id='word_1_472' title='bbox 480 5163 544 5228; x_wconf 76' lang='lat' dir='ltr'><strong>Vn,</strong></span> <span class='ocrx_word' id='word_1_473' title='bbox 563 5165 634 5230; x_wconf 91' lang='lat' dir='ltr'><strong>quod</strong></span> <span class='ocrx_word' id='word_1_474' title='bbox 653 5165 679 5214; x_wconf 90' lang='lat' dir='ltr'><em>B</em></span> <span class='ocrx_word' id='word_1_475' title='bbox 783 5164 819 5232; x_wconf 90' lang='lat' dir='ltr'><strong>m)</strong></span> <span class='ocrx_word' id='word_1_476' title='bbox 835 5166 1034 5230; x_wconf 88' lang='lat' dir='ltr'><strong>impressionem</strong></span> <span class='ocrx_word' id='word_1_477' title='bbox 1053 5164 1086 5213; x_wconf 93' lang='lat' dir='ltr'><strong>B.</strong></span> 
     </span>
    </p>
   </div>
   <div class='ocr_carea' id='block_1_13' title="bbox 204 5246 1922 5456">
    <p class='ocr_par' dir='ltr' id='par_1_21' title="bbox 204 5246 1922 5456">
     <span class='ocr_line' id='line_1_45' title="bbox 204 5246 1918 5343; baseline -0.004 -40"><span class='ocrx_word' id='word_1_478' title='bbox 204 5291 215 5343; x_wconf 49' lang='lat' dir='ltr'><strong>q</strong></span> <span class='ocrx_word' id='word_1_479' title='bbox 356 5248 415 5303; x_wconf 75' lang='lat'><strong>³⁵1.</strong></span> <span class='ocrx_word' id='word_1_480' title='bbox 443 5246 598 5318; x_wconf 85' lang='lat' dir='ltr'><strong>[Otterrthal]</strong></span> <span class='ocrx_word' id='word_1_481' title='bbox 695 5253 721 5311; x_wconf 85' lang='lat' dir='ltr'><strong>a)</strong></span> <span class='ocrx_word' id='word_1_482' title='bbox 740 5250 776 5315; x_wconf 87' lang='lat' dir='ltr'><strong>D,</strong></span> <span class='ocrx_word' id='word_1_483' title='bbox 794 5249 981 5301; x_wconf 82' lang='lat' dir='ltr'><strong>nostrorumO</strong></span> <span class='ocrx_word' id='word_1_484' title='bbox 1071 5251 1100 5310; x_wconf 87' lang='lat' dir='ltr'><strong>b)</strong></span> <span class='ocrx_word' id='word_1_485' title='bbox 1119 5249 1154 5312; x_wconf 87' lang='lat' dir='ltr'><strong>D,</strong></span> <span class='ocrx_word' id='word_1_486' title='bbox 1173 5247 1304 5300; x_wconf 78' lang='lat' dir='ltr'><strong>silicetU</strong></span> <span class='ocrx_word' id='word_1_487' title='bbox 1395 5248 1421 5307; x_wconf 74' lang='lat' dir='ltr'><strong>cl</strong></span> <span class='ocrx_word' id='word_1_488' title='bbox 1440 5247 1475 5311; x_wconf 89' lang='lat' dir='ltr'><strong>D,</strong></span> <span class='ocrx_word' id='word_1_489' title='bbox 1494 5247 1605 5298; x_wconf 84' lang='lat' dir='ltr'><strong>dilectos</strong></span> <span class='ocrx_word' id='word_1_490' title='bbox 1624 5246 1772 5308; x_wconf 57' lang='lat' dir='ltr'><strong>nuntiostl</strong></span> <span class='ocrx_word' id='word_1_491' title='bbox 1791 5247 1852 5297; x_wconf 80' lang='lat' dir='ltr'><strong>aber</strong></span> <span class='ocrx_word' id='word_1_492' title='bbox 1869 5247 1918 5297; x_wconf 68' lang='lat' dir='ltr'><strong>aar</strong></span> 
     </span>
     <span class='ocr_line' id='line_1_46' title="bbox 217 5301 1922 5456; baseline 0.008 -103"><span class='ocrx_word' id='word_1_493' title='bbox 217 5301 247 5353; x_wconf 72' lang='grc'>6</span> <span class='ocrx_word' id='word_1_494' title='bbox 440 5318 668 5456; x_wconf 49' lang='grc' dir='ltr'><strong>ἓῖιλῖιονίξιωῦὴὶ</strong></span> <span class='ocrx_word' id='word_1_495' title='bbox 678 5319 849 5384; x_wconf 71' lang='lat' dir='ltr'><strong>fitraaqiltip</strong></span> <span class='ocrx_word' id='word_1_496' title='bbox 862 5319 958 5370; x_wconf 73' lang='lat' dir='ltr'><strong>erkldrt</strong></span> <span class='ocrx_word' id='word_1_497' title='bbox 1046 5319 1072 5380; x_wconf 90' lang='lat' dir='ltr'><strong>d)</strong></span> <span class='ocrx_word' id='word_1_498' title='bbox 1094 5317 1269 5369; x_wconf 83' lang='lat' dir='ltr'><strong>diacouemO</strong></span> <span class='ocrx_word' id='word_1_499' title='bbox 1353 5319 1376 5383; x_wconf 85' lang='lat' dir='ltr'><strong>e)</strong></span> <span class='ocrx_word' id='word_1_500' title='bbox 1394 5315 1623 5383; x_wconf 80' lang='lat' dir='ltr'><strong>refragrationcO</strong></span> <span class='ocrx_word' id='word_1_501' title='bbox 1703 5315 1922 5382; x_wconf 59' lang='lat' dir='ltr'><strong>opetitieuesO</strong></span> 
     </span>
    </p>
   </div>
   <div class='ocr_carea' id='block_1_14' title="bbox 1646 5472 1705 5534">
    <p class='ocr_par' dir='ltr' id='par_1_22' title="bbox 1646 5472 1705 5534">
     <span class='ocr_line' id='line_1_47' title="bbox 1646 5472 1705 5534; baseline 0.017 -1"><span class='ocrx_word' id='word_1_502' title='bbox 1646 5472 1705 5534; x_wconf 78' lang='lat'><strong>61*</strong></span> 
     </span>
    </p>
   </div>
   <div class='ocr_carea' id='block_1_15' title="bbox 0 0 2154 6405">
    <p class='ocr_par' dir='ltr' id='par_1_23' title="bbox 0 0 2154 6405">
     <span class='ocr_line' id='line_1_48' title="bbox 0 0 2154 6405; baseline 0 0"><span class='ocrx_word' id='word_1_503' title='bbox 0 0 2154 6405; x_wconf 95' lang='lat' dir='ltr'><strong> </strong></span> 
     </span>
    </p>
   </div>
  </div>
 </body>
</html>
