<?xml version="1.0" encoding="UTF-8"?>
<!DOCTYPE html PUBLIC "-//W3C//DTD XHTML 1.0 Transitional//EN"
    "http://www.w3.org/TR/xhtml1/DTD/xhtml1-transitional.dtd">
<html xmlns="http://www.w3.org/1999/xhtml" xml:lang="en" lang="en">
 <head>
  <title>
</title>
<meta http-equiv="Content-Type" content="text/html;charset=utf-8" />
  <meta name='ocr-system' content='tesseract 3.04.00' />
  <meta name='ocr-capabilities' content='ocr_page ocr_carea ocr_par ocr_line ocrx_word'/>
</head>
<body>
  <div class='ocr_page' id='page_1' title='image "./conradiiheinric00ottogoog_0513.png"; bbox 0 0 4500 6420; ppageno 0'>
   <div class='ocr_carea' id='block_1_1' title="bbox 995 400 1949 511">
    <p class='ocr_par' dir='ltr' id='par_1_1' title="bbox 995 400 1949 511">
     <span class='ocr_line' id='line_1_1' title="bbox 995 400 1949 511; baseline -0.003 -1"><span class='ocrx_word' id='word_1_1' title='bbox 995 452 1120 511; x_wconf 77' lang='lat' dir='ltr'>orco</span> <span class='ocrx_word' id='word_1_2' title='bbox 1142 453 1166 508; x_wconf 90' lang='lat'>1.</span> <span class='ocrx_word' id='word_1_3' title='bbox 1190 450 1263 508; x_wconf 82' lang='lat' dir='ltr'>ser.</span> <span class='ocrx_word' id='word_1_4' title='bbox 1422 425 1423 429; x_wconf 60' lang='lat'>‘</span> <span class='ocrx_word' id='word_1_5' title='bbox 1556 400 1560 407; x_wconf 33' lang='lat'>¹</span> <span class='ocrx_word' id='word_1_6' title='bbox 1887 443 1949 508; x_wconf 80' lang='lat'>481</span> 
     </span>
    </p>
   </div>
   <div class='ocr_carea' id='block_1_2' title="bbox 308 634 1952 818">
    <p class='ocr_par' dir='ltr' id='par_1_2' title="bbox 308 634 1952 818">
     <span class='ocr_line' id='line_1_2' title="bbox 309 634 1951 717; baseline -0.003 -16"><span class='ocrx_word' id='word_1_7' title='bbox 309 657 468 701; x_wconf 77' lang='lat' dir='ltr'>annorum</span> <span class='ocrx_word' id='word_1_8' title='bbox 484 634 654 717; x_wconf 73' lang='lat' dir='ltr'>curricula,</span> <span class='ocrx_word' id='word_1_9' title='bbox 678 649 797 698; x_wconf 89' lang='lat' dir='ltr'>utnulla</span> <span class='ocrx_word' id='word_1_10' title='bbox 812 649 918 698; x_wconf 78' lang='lat' dir='ltr'>malicia</span> <span class='ocrx_word' id='word_1_11' title='bbox 936 665 984 697; x_wconf 88' lang='lat' dir='ltr'>nec</span> <span class='ocrx_word' id='word_1_12' title='bbox 1007 648 1073 697; x_wconf 84' lang='lat' dir='ltr'>lesio</span> <span class='ocrx_word' id='word_1_13' title='bbox 1097 649 1165 698; x_wconf 88' lang='lat' dir='ltr'>inter</span> <span class='ocrx_word' id='word_1_14' title='bbox 1186 653 1274 712; x_wconf 89' lang='lat' dir='ltr'>partes</span> <span class='ocrx_word' id='word_1_15' title='bbox 1297 647 1367 697; x_wconf 83' lang='lat' dir='ltr'>facta</span> <span class='ocrx_word' id='word_1_16' title='bbox 1390 648 1528 712; x_wconf 80' lang='lat' dir='ltr'>proveniat</span> <span class='ocrx_word' id='word_1_17' title='bbox 1552 653 1578 696; x_wconf 90' lang='lat' dir='ltr'>et</span> <span class='ocrx_word' id='word_1_18' title='bbox 1600 649 1630 707; x_wconf 92' lang='lat' dir='ltr'>si,</span> <span class='ocrx_word' id='word_1_19' title='bbox 1653 646 1725 712; x_wconf 91' lang='lat' dir='ltr'>quod</span> <span class='ocrx_word' id='word_1_20' title='bbox 1748 648 1826 705; x_wconf 87' lang='lat' dir='ltr'>absit,</span> <span class='ocrx_word' id='word_1_21' title='bbox 1849 648 1951 712; x_wconf 89' lang='lat' dir='ltr'>aliquid</span> 
     </span>
     <span class='ocr_line' id='line_1_3' title="bbox 308 744 1952 818; baseline -0.003 -16"><span class='ocrx_word' id='word_1_22' title='bbox 308 754 377 803; x_wconf 88' lang='lat' dir='ltr'>malo</span> <span class='ocrx_word' id='word_1_23' title='bbox 398 755 466 803; x_wconf 88' lang='lat' dir='ltr'>iuter</span> <span class='ocrx_word' id='word_1_24' title='bbox 481 760 569 818; x_wconf 85' lang='lat' dir='ltr'>partes</span> <span class='ocrx_word' id='word_1_25' title='bbox 592 754 760 802; x_wconf 83' lang='lat' dir='ltr'>commissum</span> <span class='ocrx_word' id='word_1_26' title='bbox 783 754 871 813; x_wconf 86' lang='lat' dir='ltr'>t&#39;uerit,</span> <span class='ocrx_word' id='word_1_27' title='bbox 895 751 1039 801; x_wconf 85' lang='lat' dir='ltr'>secundum</span> <span class='ocrx_word' id='word_1_28' title='bbox 1061 752 1132 815; x_wconf 91' lang='lat' dir='ltr'>pacti</span> <span class='ocrx_word' id='word_1_29' title='bbox 1155 752 1235 800; x_wconf 86' lang='lat' dir='ltr'>buius</span> <span class='ocrx_word' id='word_1_30' title='bbox 1258 752 1351 800; x_wconf 86' lang='lat' dir='ltr'>seriem</span> <span class='ocrx_word' id='word_1_31' title='bbox 1375 751 1514 800; x_wconf 87' lang='lat' dir='ltr'>emendare</span> <span class='ocrx_word' id='word_1_32' title='bbox 1538 755 1564 800; x_wconf 90' lang='lat' dir='ltr'>et</span> <span class='ocrx_word' id='word_1_33' title='bbox 1586 752 1717 800; x_wconf 86' lang='lat' dir='ltr'>iusticiam</span> <span class='ocrx_word' id='word_1_34' title='bbox 1741 744 1920 800; x_wconf 77' lang='lat' dir='ltr'>conservare⁸</span> <span class='ocrx_word' id='word_1_35' title='bbox 1935 767 1952 797; x_wconf 74' lang='lat' dir='ltr'>s</span> 
     </span>
    </p>
   </div>
   <div class='ocr_carea' id='block_1_3' title="bbox 308 844 496 920">
    <p class='ocr_par' dir='ltr' id='par_1_3' title="bbox 308 844 496 920">
     <span class='ocr_line' id='line_1_4' title="bbox 308 844 496 920; baseline -0.005 -14"><span class='ocrx_word' id='word_1_36' title='bbox 308 858 474 920; x_wconf 87' lang='lat' dir='ltr'>promittuut.</span> <span class='ocrx_word' id='word_1_37' title='bbox 486 844 496 878; x_wconf 71' lang='lat'>²</span> 
     </span>
    </p>
   </div>
   <div class='ocr_carea' id='block_1_4' title="bbox 277 970 1954 1351">
    <p class='ocr_par' dir='ltr' id='par_1_4' title="bbox 409 970 1952 1040">
     <span class='ocr_line' id='line_1_5' title="bbox 409 970 1952 1040; baseline -0.003 -14"><span class='ocrx_word' id='word_1_38' title='bbox 409 978 444 1026; x_wconf 86' lang='lat' dir='ltr'>Et</span> <span class='ocrx_word' id='word_1_39' title='bbox 460 978 482 1025; x_wconf 88' lang='lat' dir='ltr'>si</span> <span class='ocrx_word' id='word_1_40' title='bbox 498 992 624 1026; x_wconf 81' lang='lat' dir='ltr'>excursus</span> <span class='ocrx_word' id='word_1_41' title='bbox 638 970 651 998; x_wconf 81' lang='lat'>¹¹</span> <span class='ocrx_word' id='word_1_42' title='bbox 673 978 701 1025; x_wconf 93' lang='lat' dir='ltr'>in</span> <span class='ocrx_word' id='word_1_43' title='bbox 717 975 814 1025; x_wconf 86' lang='lat' dir='ltr'>tinibus</span> <span class='ocrx_word' id='word_1_44' title='bbox 829 976 924 1024; x_wconf 79' lang='lat' dir='ltr'>restris</span> <span class='ocrx_word' id='word_1_45' title='bbox 940 974 1113 1024; x_wconf 88' lang='lat' dir='ltr'>Uenetiarum</span> <span class='ocrx_word' id='word_1_46' title='bbox 1128 973 1228 1022; x_wconf 83' lang='lat' dir='ltr'>tactum</span> <span class='ocrx_word' id='word_1_47' title='bbox 1244 973 1330 1034; x_wconf 85' lang='lat' dir='ltr'>fuerit,</span> <span class='ocrx_word' id='word_1_48' title='bbox 1353 990 1465 1039; x_wconf 84' lang='lat' dir='ltr'>persona</span> <span class='ocrx_word' id='word_1_49' title='bbox 1489 977 1547 1039; x_wconf 88' lang='lat' dir='ltr'>ipsa</span> <span class='ocrx_word' id='word_1_50' title='bbox 1569 991 1620 1040; x_wconf 92' lang='lat' dir='ltr'>que</span> <span class='ocrx_word' id='word_1_51' title='bbox 1642 977 1671 1024; x_wconf 93' lang='lat' dir='ltr'>iu</span> <span class='ocrx_word' id='word_1_52' title='bbox 1692 976 1779 1038; x_wconf 89' lang='lat' dir='ltr'>capite</span> <span class='ocrx_word' id='word_1_53' title='bbox 1797 975 1876 1024; x_wconf 82' lang='lat' dir='ltr'>luerit</span> <span class='ocrx_word' id='word_1_54' title='bbox 1892 990 1952 1024; x_wconf 86' lang='lat' dir='ltr'>eau-</span> 
     </span>
    </p>

    <p class='ocr_par' dir='ltr' id='par_1_5' title="bbox 277 1070 1954 1351">
     <span class='ocr_line' id='line_1_6' title="bbox 277 1070 1953 1143; baseline -0.002 -16"><span class='ocrx_word' id='word_1_55' title='bbox 277 1081 372 1131; x_wconf 81' lang='lat' dir='ltr'>bdem</span> <span class='ocrx_word' id='word_1_56' title='bbox 393 1075 550 1129; x_wconf 70' lang='lat' dir='ltr'>maliciamv</span> <span class='ocrx_word' id='word_1_57' title='bbox 573 1079 703 1141; x_wconf 82' lang='lat' dir='ltr'>faciendo,</span> <span class='ocrx_word' id='word_1_58' title='bbox 727 1079 795 1128; x_wconf 87' lang='lat' dir='ltr'>intra</span> <span class='ocrx_word' id='word_1_59' title='bbox 818 1079 957 1143; x_wconf 76' lang='lat' dir='ltr'>sexaginta</span> <span class='ocrx_word' id='word_1_60' title='bbox 979 1077 1035 1126; x_wconf 88' lang='lat' dir='ltr'>dies</span> <span class='ocrx_word' id='word_1_61' title='bbox 1057 1079 1126 1141; x_wconf 67' lang='lat' dir='ltr'>padi</span> <span class='ocrx_word' id='word_1_62' title='bbox 1149 1082 1236 1126; x_wconf 81' lang='lat' dir='ltr'>vestre</span> <span class='ocrx_word' id='word_1_63' title='bbox 1259 1077 1379 1131; x_wconf 90' lang='lat' dir='ltr'>tradatur</span> <span class='ocrx_word' id='word_1_64' title='bbox 1402 1083 1428 1127; x_wconf 90' lang='lat' dir='ltr'>et</span> <span class='ocrx_word' id='word_1_65' title='bbox 1450 1070 1544 1137; x_wconf 78' lang='lat' dir='ltr'>olrnnc]</span> <span class='ocrx_word' id='word_1_66' title='bbox 1563 1077 1690 1143; x_wconf 89' lang='lat' dir='ltr'>quicquid</span> <span class='ocrx_word' id='word_1_67' title='bbox 1707 1078 1788 1126; x_wconf 83' lang='lat' dir='ltr'>tuerit</span> <span class='ocrx_word' id='word_1_68' title='bbox 1807 1070 1953 1126; x_wconf 71' lang='lat' dir='ltr'>ablatumw</span> 
     </span>
     <span class='ocr_line' id='line_1_7' title="bbox 309 1177 1954 1247; baseline -0.003 -16"><span class='ocrx_word' id='word_1_69' title='bbox 309 1185 336 1232; x_wconf 92' lang='lat' dir='ltr'>in</span> <span class='ocrx_word' id='word_1_70' title='bbox 365 1183 475 1247; x_wconf 90' lang='lat' dir='ltr'>duplum</span> <span class='ocrx_word' id='word_1_71' title='bbox 503 1184 671 1245; x_wconf 79' lang='lat' dir='ltr'>restituatnr3</span> <span class='ocrx_word' id='word_1_72' title='bbox 702 1188 728 1231; x_wconf 91' lang='lat' dir='ltr'>et</span> <span class='ocrx_word' id='word_1_73' title='bbox 755 1182 777 1230; x_wconf 87' lang='lat' dir='ltr'>si</span> <span class='ocrx_word' id='word_1_74' title='bbox 807 1183 892 1245; x_wconf 88' lang='lat' dir='ltr'>ipsum</span> <span class='ocrx_word' id='word_1_75' title='bbox 923 1181 1033 1245; x_wconf 91' lang='lat' dir='ltr'>duplum</span> <span class='ocrx_word' id='word_1_76' title='bbox 1061 1181 1138 1229; x_wconf 82' lang='lat' dir='ltr'>vobis</span> <span class='ocrx_word' id='word_1_77' title='bbox 1167 1196 1221 1229; x_wconf 94' lang='lat' dir='ltr'>non</span> <span class='ocrx_word' id='word_1_78' title='bbox 1252 1184 1476 1244; x_wconf 76' lang='lat' dir='ltr'>composuerimus</span> <span class='ocrx_word' id='word_1_79' title='bbox 1499 1177 1569 1230; x_wconf 81' lang='lat' dir='ltr'>aut¹</span> <span class='ocrx_word' id='word_1_80' title='bbox 1597 1195 1709 1245; x_wconf 82' lang='lat' dir='ltr'>persona</span> <span class='ocrx_word' id='word_1_81' title='bbox 1730 1183 1788 1245; x_wconf 87' lang='lat' dir='ltr'>ipsa</span> <span class='ocrx_word' id='word_1_82' title='bbox 1811 1181 1837 1227; x_wconf 92' lang='lat' dir='ltr'>in</span> <span class='ocrx_word' id='word_1_83' title='bbox 1861 1194 1954 1227; x_wconf 88' lang='lat' dir='ltr'>manus</span> 
     </span>
     <span class='ocr_line' id='line_1_8' title="bbox 309 1278 1954 1351; baseline -0.004 -16"><span class='ocrx_word' id='word_1_84' title='bbox 309 1284 434 1338; x_wconf 76' lang='lat' dir='ltr'>vestrasl</span> <span class='ocrx_word' id='word_1_85' title='bbox 458 1305 510 1338; x_wconf 91' lang='lat' dir='ltr'>non</span> <span class='ocrx_word' id='word_1_86' title='bbox 539 1288 702 1348; x_wconf 79' lang='lat' dir='ltr'>dederimus,</span> <span class='ocrx_word' id='word_1_87' title='bbox 731 1287 800 1335; x_wconf 87' lang='lat' dir='ltr'>intra</span> <span class='ocrx_word' id='word_1_88' title='bbox 823 1288 960 1351; x_wconf 76' lang='lat' dir='ltr'>sexaginta</span> <span class='ocrx_word' id='word_1_89' title='bbox 983 1285 1038 1335; x_wconf 85' lang='lat' dir='ltr'>dies</span> <span class='ocrx_word' id='word_1_90' title='bbox 1061 1301 1108 1349; x_wconf 88' lang='lat' dir='ltr'>pro</span> <span class='ocrx_word' id='word_1_91' title='bbox 1131 1300 1290 1349; x_wconf 79' lang='lat' dir='ltr'>irrraquaque</span> <span class='ocrx_word' id='word_1_92' title='bbox 1313 1301 1426 1350; x_wconf 87' lang='lat' dir='ltr'>persona</span> <span class='ocrx_word' id='word_1_93' title='bbox 1448 1302 1500 1350; x_wconf 87' lang='lat' dir='ltr'>que</span> <span class='ocrx_word' id='word_1_94' title='bbox 1526 1287 1609 1349; x_wconf 90' lang='lat' dir='ltr'>ipsam</span> <span class='ocrx_word' id='word_1_95' title='bbox 1639 1278 1793 1334; x_wconf 87' lang='lat' dir='ltr'>maliciamz</span> <span class='ocrx_word' id='word_1_96' title='bbox 1821 1289 1954 1347; x_wconf 87' lang='lat' dir='ltr'>perpetra-</span> 
     </span>
    </p>
   </div>
   <div class='ocr_carea' id='block_1_5' title="bbox 310 1391 945 1455">
    <p class='ocr_par' dir='ltr' id='par_1_6' title="bbox 310 1391 945 1455">
     <span class='ocr_line' id='line_1_9' title="bbox 310 1391 945 1455; baseline -0.003 -15"><span class='ocrx_word' id='word_1_97' title='bbox 310 1393 390 1454; x_wconf 87' lang='lat' dir='ltr'>verit,</span> <span class='ocrx_word' id='word_1_98' title='bbox 414 1393 471 1440; x_wconf 91' lang='lat' dir='ltr'>auri</span> <span class='ocrx_word' id='word_1_99' title='bbox 494 1391 593 1441; x_wconf 87' lang='lat' dir='ltr'>solidos</span> <span class='ocrx_word' id='word_1_100' title='bbox 616 1393 775 1455; x_wconf 67' lang='lat' dir='ltr'>quingentos</span> <span class='ocrx_word' id='word_1_101' title='bbox 797 1396 945 1455; x_wconf 86' lang='lat' dir='ltr'>eurnponat.</span> 
     </span>
    </p>
   </div>
   <div class='ocr_carea' id='block_1_6' title="bbox 412 1489 1956 1579">
    <p class='ocr_par' dir='ltr' id='par_1_7' title="bbox 412 1489 1956 1579">
     <span class='ocr_line' id='line_1_10' title="bbox 412 1489 1956 1579; baseline -0.001 -19"><span class='ocrx_word' id='word_1_102' title='bbox 412 1513 447 1560; x_wconf 82' lang='lat' dir='ltr'>Et</span> <span class='ocrx_word' id='word_1_103' title='bbox 465 1497 615 1560; x_wconf 76' lang='lat' dir='ltr'>addimus</span> <span class='ocrx_word' id='word_1_104' title='bbox 634 1518 664 1560; x_wconf 93' lang='lat' dir='ltr'>nt</span> <span class='ocrx_word' id='word_1_105' title='bbox 684 1528 773 1561; x_wconf 89' lang='lat' dir='ltr'>omnes</span> <span class='ocrx_word' id='word_1_106' title='bbox 796 1511 915 1560; x_wconf 75' lang='lat' dir='ltr'>homiues</span> <span class='ocrx_word' id='word_1_107' title='bbox 937 1516 1047 1567; x_wconf 83' lang='lat' dir='ltr'>vestros,</span> <span class='ocrx_word' id='word_1_108' title='bbox 1071 1514 1210 1573; x_wconf 79' lang='lat' dir='ltr'>postquam</span> <span class='ocrx_word' id='word_1_109' title='bbox 1233 1515 1339 1574; x_wconf 89' lang='lat' dir='ltr'>pactum</span> <span class='ocrx_word' id='word_1_110' title='bbox 1363 1511 1480 1559; x_wconf 90' lang='lat' dir='ltr'>anterius</span> <span class='ocrx_word' id='word_1_111' title='bbox 1503 1505 1672 1579; x_wconf 71' lang='lat' dir='ltr'>peractum</span> <span class='ocrx_word' id='word_1_112' title='bbox 1695 1503 1770 1558; x_wconf 65' lang='lat' dir='ltr'>luit¹¹</span> <span class='ocrx_word' id='word_1_113' title='bbox 1792 1509 1920 1558; x_wconf 80' lang='lat' dir='ltr'>Rauenna</span> <span class='ocrx_word' id='word_1_114' title='bbox 1932 1489 1956 1567; x_wconf 63' lang='lat' dir='ltr'>b,</span> 
     </span>
    </p>
   </div>
   <div class='ocr_carea' id='block_1_7' title="bbox 260 1598 1957 1683">
    <p class='ocr_par' dir='ltr' id='par_1_8' title="bbox 260 1598 1957 1683">
     <span class='ocr_line' id='line_1_11' title="bbox 260 1598 1957 1683; baseline -0.003 -21"><span class='ocrx_word' id='word_1_115' title='bbox 260 1615 293 1662; x_wconf 88' lang='lat'>10</span> <span class='ocrx_word' id='word_1_116' title='bbox 310 1616 355 1679; x_wconf 88' lang='lat' dir='ltr'>qui</span> <span class='ocrx_word' id='word_1_117' title='bbox 371 1615 405 1664; x_wconf 90' lang='lat' dir='ltr'>ad</span> <span class='ocrx_word' id='word_1_118' title='bbox 421 1631 469 1664; x_wconf 92' lang='lat' dir='ltr'>nos</span> <span class='ocrx_word' id='word_1_119' title='bbox 485 1616 637 1677; x_wconf 65' lang='lat' dir='ltr'>corrtugiurn</span> <span class='ocrx_word' id='word_1_120' title='bbox 654 1616 771 1673; x_wconf 74' lang='lat' dir='ltr'>feceriut,</span> <span class='ocrx_word' id='word_1_121' title='bbox 795 1616 816 1662; x_wconf 86' lang='lat' dir='ltr'>si</span> <span class='ocrx_word' id='word_1_122' title='bbox 833 1631 878 1663; x_wconf 87' lang='lat' dir='ltr'>eos</span> <span class='ocrx_word' id='word_1_123' title='bbox 894 1615 1013 1662; x_wconf 85' lang='lat' dir='ltr'>irn·cnire</span> <span class='ocrx_word' id='word_1_124' title='bbox 1028 1605 1209 1677; x_wconf 80' lang='lat' dir='ltr'>potuerilmus,</span> <span class='ocrx_word' id='word_1_125' title='bbox 1233 1605 1276 1672; x_wconf 86' lang='lat' dir='ltr'>ad]</span> <span class='ocrx_word' id='word_1_126' title='bbox 1299 1618 1398 1677; x_wconf 87' lang='lat' dir='ltr'>partem</span> <span class='ocrx_word' id='word_1_127' title='bbox 1416 1619 1528 1663; x_wconf 76' lang='lat' dir='ltr'>vestram</span> <span class='ocrx_word' id='word_1_128' title='bbox 1545 1598 1679 1662; x_wconf 77' lang='lat' dir='ltr'>reddere</span> <span class='ocrx_word' id='word_1_129' title='bbox 1696 1598 1924 1683; x_wconf 74' lang='lat' dir='ltr'>promittimus.</span> <span class='ocrx_word' id='word_1_130' title='bbox 1941 1627 1957 1657; x_wconf 75' lang='lat' dir='ltr'>a</span> 
     </span>
    </p>
   </div>
   <div class='ocr_carea' id='block_1_8' title="bbox 311 1715 1957 2112">
    <p class='ocr_par' dir='ltr' id='par_1_9' title="bbox 311 1715 1957 2112">
     <span class='ocr_line' id='line_1_12' title="bbox 414 1715 1956 1798; baseline -0.003 -16"><span class='ocrx_word' id='word_1_131' title='bbox 414 1735 455 1783; x_wconf 89' lang='lat' dir='ltr'>Dc</span> <span class='ocrx_word' id='word_1_132' title='bbox 471 1736 582 1798; x_wconf 87' lang='lat' dir='ltr'>captivis</span> <span class='ocrx_word' id='word_1_133' title='bbox 598 1751 669 1795; x_wconf 75' lang='lat' dir='ltr'>uersi,</span> <span class='ocrx_word' id='word_1_134' title='bbox 692 1736 713 1782; x_wconf 85' lang='lat' dir='ltr'>si</span> <span class='ocrx_word' id='word_1_135' title='bbox 738 1735 839 1783; x_wconf 74' lang='lat' dir='ltr'>inventi</span> <span class='ocrx_word' id='word_1_136' title='bbox 862 1733 960 1781; x_wconf 87' lang='lat' dir='ltr'>fuerint</span> <span class='ocrx_word' id='word_1_137' title='bbox 983 1733 1010 1780; x_wconf 93' lang='lat' dir='ltr'>iu</span> <span class='ocrx_word' id='word_1_138' title='bbox 1033 1715 1154 1780; x_wconf 73' lang='lat' dir='ltr'>ducatu</span> <span class='ocrx_word' id='word_1_139' title='bbox 1169 1726 1277 1780; x_wconf 72' lang='lat' dir='ltr'>vestro</span> <span class='ocrx_word' id='word_1_140' title='bbox 1291 1727 1311 1798; x_wconf 71' lang='lat'>⁶,</span> <span class='ocrx_word' id='word_1_141' title='bbox 1336 1735 1406 1796; x_wconf 90' lang='lat' dir='ltr'>ipsas</span> <span class='ocrx_word' id='word_1_142' title='bbox 1429 1748 1556 1797; x_wconf 84' lang='lat' dir='ltr'>personas</span> <span class='ocrx_word' id='word_1_143' title='bbox 1579 1735 1623 1797; x_wconf 90' lang='lat' dir='ltr'>qui</span> <span class='ocrx_word' id='word_1_144' title='bbox 1647 1732 1707 1781; x_wconf 90' lang='lat' dir='ltr'>illos</span> <span class='ocrx_word' id='word_1_145' title='bbox 1730 1733 1850 1795; x_wconf 80' lang='lat' dir='ltr'>captivos</span> <span class='ocrx_word' id='word_1_146' title='bbox 1873 1737 1956 1779; x_wconf 88' lang='lat' dir='ltr'>traus-</span> 
     </span>
     <span class='ocr_line' id='line_1_13' title="bbox 311 1808 1957 1903; baseline -0.001 -19"><span class='ocrx_word' id='word_1_147' title='bbox 311 1844 457 1901; x_wconf 89' lang='lat' dir='ltr'>posuerunt</span> <span class='ocrx_word' id='word_1_148' title='bbox 480 1854 539 1885; x_wconf 57' lang='lat' dir='ltr'>rrum</span> <span class='ocrx_word' id='word_1_149' title='bbox 563 1839 684 1886; x_wconf 80' lang='lat' dir='ltr'>erunibus</span> <span class='ocrx_word' id='word_1_150' title='bbox 707 1839 786 1886; x_wconf 88' lang='lat' dir='ltr'>rebus</span> <span class='ocrx_word' id='word_1_151' title='bbox 809 1843 834 1885; x_wconf 89' lang='lat' dir='ltr'>et</span> <span class='ocrx_word' id='word_1_152' title='bbox 859 1836 965 1884; x_wconf 82' lang='lat' dir='ltr'>familiis</span> <span class='ocrx_word' id='word_1_153' title='bbox 988 1820 1034 1884; x_wconf 86' lang='lat' dir='ltr'>llll</span> <span class='ocrx_word' id='word_1_154' title='bbox 1050 1808 1277 1884; x_wconf 77' lang='lat' dir='ltr'>malefactores</span> <span class='ocrx_word' id='word_1_155' title='bbox 1295 1822 1481 1903; x_wconf 69' lang='lat' dir='ltr'>trallelllur3</span> <span class='ocrx_word' id='word_1_156' title='bbox 1506 1844 1531 1886; x_wconf 86' lang='lat' dir='ltr'>ct</span> <span class='ocrx_word' id='word_1_157' title='bbox 1554 1839 1574 1884; x_wconf 84' lang='lat' dir='ltr'>si</span> <span class='ocrx_word' id='word_1_158' title='bbox 1600 1837 1649 1885; x_wconf 89' lang='lat' dir='ltr'>boc</span> <span class='ocrx_word' id='word_1_159' title='bbox 1672 1836 1770 1885; x_wconf 83' lang='lat' dir='ltr'>sactum</span> <span class='ocrx_word' id='word_1_160' title='bbox 1795 1851 1847 1883; x_wconf 94' lang='lat' dir='ltr'>non</span> <span class='ocrx_word' id='word_1_161' title='bbox 1869 1835 1957 1893; x_wconf 84' lang='lat' dir='ltr'>luerit,</span> 
     </span>
     <span class='ocr_line' id='line_1_14' title="bbox 312 1921 1957 2004; baseline -0.003 -15"><span class='ocrx_word' id='word_1_162' title='bbox 312 1946 376 1990; x_wconf 90' lang='lat' dir='ltr'>tuuc</span> <span class='ocrx_word' id='word_1_163' title='bbox 397 1940 507 2004; x_wconf 85' lang='lat' dir='ltr'>prebeat</span> <span class='ocrx_word' id='word_1_164' title='bbox 529 1946 720 1989; x_wconf 86' lang='lat' dir='ltr'>sacramentum</span> <span class='ocrx_word' id='word_1_165' title='bbox 734 1922 746 1961; x_wconf 76' lang='lat'>&#39;¹</span> <span class='ocrx_word' id='word_1_166' title='bbox 770 1939 848 1988; x_wconf 87' lang='lat' dir='ltr'>iudex</span> <span class='ocrx_word' id='word_1_167' title='bbox 871 1939 921 1987; x_wconf 87' lang='lat' dir='ltr'>luci</span> <span class='ocrx_word' id='word_1_168' title='bbox 946 1938 1018 1986; x_wconf 90' lang='lat' dir='ltr'>illius</span> <span class='ocrx_word' id='word_1_169' title='bbox 1041 1939 1086 1986; x_wconf 93' lang='lat' dir='ltr'>ubi</span> <span class='ocrx_word' id='word_1_170' title='bbox 1111 1940 1169 2001; x_wconf 89' lang='lat' dir='ltr'>ipsa</span> <span class='ocrx_word' id='word_1_171' title='bbox 1191 1940 1324 2002; x_wconf 89' lang='lat' dir='ltr'>mancipia</span> <span class='ocrx_word' id='word_1_172' title='bbox 1343 1934 1535 2004; x_wconf 82' lang='lat' dir='ltr'>requiruntur⁰</span> <span class='ocrx_word' id='word_1_173' title='bbox 1558 1956 1617 1988; x_wconf 90' lang='lat' dir='ltr'>cum</span> <span class='ocrx_word' id='word_1_174' title='bbox 1641 1923 1813 1988; x_wconf 78' lang='lat' dir='ltr'>duodecim</span> <span class='ocrx_word' id='word_1_175' title='bbox 1836 1921 1957 1986; x_wconf 84' lang='lat' dir='ltr'>llberos</span> 
     </span>
     <span class='ocr_line' id='line_1_15' title="bbox 313 2025 1886 2112; baseline -0.001 -21"><span class='ocrx_word' id='word_1_176' title='bbox 313 2025 485 2092; x_wconf 64' lang='lat' dir='ltr'>hominess</span> <span class='ocrx_word' id='word_1_177' title='bbox 506 2043 577 2108; x_wconf 89' lang='lat' dir='ltr'>quod</span> <span class='ocrx_word' id='word_1_178' title='bbox 600 2045 731 2107; x_wconf 88' lang='lat' dir='ltr'>mancipia</span> <span class='ocrx_word' id='word_1_179' title='bbox 754 2043 819 2091; x_wconf 92' lang='lat' dir='ltr'>illuc</span> <span class='ocrx_word' id='word_1_180' title='bbox 841 2059 894 2090; x_wconf 90' lang='lat' dir='ltr'>non</span> <span class='ocrx_word' id='word_1_181' title='bbox 917 2042 1030 2091; x_wconf 85' lang='lat' dir='ltr'>luissent</span> <span class='ocrx_word' id='word_1_182' title='bbox 1052 2047 1176 2104; x_wconf 78' lang='lat' dir='ltr'>srrsccpta</span> <span class='ocrx_word' id='word_1_183' title='bbox 1199 2058 1247 2091; x_wconf 86' lang='lat' dir='ltr'>uec</span> <span class='ocrx_word' id='word_1_184' title='bbox 1269 2043 1331 2092; x_wconf 89' lang='lat' dir='ltr'>inde</span> <span class='ocrx_word' id='word_1_185' title='bbox 1354 2029 1386 2090; x_wconf 83' lang='lat' dir='ltr'>ln</span> <span class='ocrx_word' id='word_1_186' title='bbox 1411 2028 1524 2092; x_wconf 75' lang='lat' dir='ltr'>alienis</span> <span class='ocrx_word' id='word_1_187' title='bbox 1549 2027 1694 2112; x_wconf 79' lang='lat' dir='ltr'>partibus</span> <span class='ocrx_word' id='word_1_188' title='bbox 1719 2043 1886 2106; x_wconf 85' lang='lat' dir='ltr'>transposita.</span> 
     </span>
    </p>
   </div>
   <div class='ocr_carea' id='block_1_9' title="bbox 263 2145 1958 2334">
    <p class='ocr_par' dir='ltr' id='par_1_10' title="bbox 263 2145 1958 2334">
     <span class='ocr_line' id='line_1_16' title="bbox 263 2145 1958 2225; baseline -0.003 -13"><span class='ocrx_word' id='word_1_189' title='bbox 263 2148 294 2194; x_wconf 84' lang='lat'>15</span> <span class='ocrx_word' id='word_1_190' title='bbox 416 2149 450 2212; x_wconf 85' lang='lat' dir='ltr'>Si</span> <span class='ocrx_word' id='word_1_191' title='bbox 473 2157 581 2211; x_wconf 71' lang='lat' dir='ltr'>alitem</span> <span class='ocrx_word' id='word_1_192' title='bbox 605 2146 752 2211; x_wconf 89' lang='lat' dir='ltr'>homiues</span> <span class='ocrx_word' id='word_1_193' title='bbox 775 2148 875 2210; x_wconf 88' lang='lat' dir='ltr'>vestri</span> <span class='ocrx_word' id='word_1_194' title='bbox 898 2149 930 2210; x_wconf 91' lang='lat' dir='ltr'>in</span> <span class='ocrx_word' id='word_1_195' title='bbox 947 2145 1118 2210; x_wconf 87' lang='lat' dir='ltr'>ducatibus</span> <span class='ocrx_word' id='word_1_196' title='bbox 1135 2148 1253 2211; x_wconf 86' lang='lat' dir='ltr'>nostris</span> <span class='ocrx_word' id='word_1_197' title='bbox 1278 2162 1430 2225; x_wconf 71' lang='lat' dir='ltr'>confugium</span> <span class='ocrx_word' id='word_1_198' title='bbox 1454 2164 1571 2223; x_wconf 75' lang='lat' dir='ltr'>feceriut,</span> <span class='ocrx_word' id='word_1_199' title='bbox 1594 2147 1700 2211; x_wconf 87' lang='lat' dir='ltr'>modis</span> <span class='ocrx_word' id='word_1_200' title='bbox 1718 2146 1867 2211; x_wconf 88' lang='lat' dir='ltr'>omuibus</span> <span class='ocrx_word' id='word_1_201' title='bbox 1885 2167 1958 2208; x_wconf 84' lang='lat' dir='ltr'>cunr</span> 
     </span>
     <span class='ocr_line' id='line_1_17' title="bbox 313 2249 1758 2334; baseline -0.002 -19"><span class='ocrx_word' id='word_1_202' title='bbox 313 2253 439 2315; x_wconf 87' lang='lat' dir='ltr'>cunctis</span> <span class='ocrx_word' id='word_1_203' title='bbox 462 2253 527 2313; x_wconf 85' lang='lat' dir='ltr'>suis</span> <span class='ocrx_word' id='word_1_204' title='bbox 551 2249 647 2314; x_wconf 89' lang='lat' dir='ltr'>rebus</span> <span class='ocrx_word' id='word_1_205' title='bbox 671 2251 754 2334; x_wconf 87' lang='lat' dir='ltr'>parti</span> <span class='ocrx_word' id='word_1_206' title='bbox 777 2258 884 2333; x_wconf 73' lang='lat' dir='ltr'>vestre</span> <span class='ocrx_word' id='word_1_207' title='bbox 907 2249 1042 2313; x_wconf 87' lang='lat' dir='ltr'>reddere</span> <span class='ocrx_word' id='word_1_208' title='bbox 1064 2251 1293 2334; x_wconf 87' lang='lat' dir='ltr'>promittimus,</span> <span class='ocrx_word' id='word_1_209' title='bbox 1319 2251 1385 2312; x_wconf 85' lang='lat' dir='ltr'>sive</span> <span class='ocrx_word' id='word_1_210' title='bbox 1410 2272 1502 2314; x_wconf 88' lang='lat' dir='ltr'>servo</span> <span class='ocrx_word' id='word_1_211' title='bbox 1528 2253 1594 2314; x_wconf 87' lang='lat' dir='ltr'>sive</span> <span class='ocrx_word' id='word_1_212' title='bbox 1617 2249 1758 2314; x_wconf 64' lang='lat' dir='ltr'>libero.t</span> 
     </span>
    </p>
   </div>
   <div class='ocr_carea' id='block_1_10' title="bbox 315 2368 1960 2554">
    <p class='ocr_par' dir='ltr' id='par_1_11' title="bbox 315 2368 1960 2554">
     <span class='ocr_line' id='line_1_18' title="bbox 416 2368 1960 2450; baseline -0.005 -14"><span class='ocrx_word' id='word_1_213' title='bbox 416 2388 444 2435; x_wconf 74' lang='lat' dir='ltr'>ei</span> <span class='ocrx_word' id='word_1_214' title='bbox 467 2378 573 2446; x_wconf 81' lang='lat' dir='ltr'>alutem]</span> <span class='ocrx_word' id='word_1_215' title='bbox 597 2386 687 2450; x_wconf 86' lang='lat' dir='ltr'>aliqua</span> <span class='ocrx_word' id='word_1_216' title='bbox 709 2386 798 2435; x_wconf 89' lang='lat' dir='ltr'>bostcs</span> <span class='ocrx_word' id='word_1_217' title='bbox 821 2392 868 2435; x_wconf 89' lang='lat' dir='ltr'>ant</span> <span class='ocrx_word' id='word_1_218' title='bbox 890 2368 1048 2435; x_wconf 79' lang='lat' dir='ltr'>seauraras¹¹</span> <span class='ocrx_word' id='word_1_219' title='bbox 1077 2386 1119 2435; x_wconf 81' lang='lat' dir='ltr'>rel</span> <span class='ocrx_word' id='word_1_220' title='bbox 1149 2386 1348 2450; x_wconf 86' lang='lat' dir='ltr'>qualiscumque</span> <span class='ocrx_word' id='word_1_221' title='bbox 1379 2401 1492 2448; x_wconf 88' lang='lat' dir='ltr'>persona</span> <span class='ocrx_word' id='word_1_222' title='bbox 1514 2403 1560 2450; x_wconf 87' lang='lat' dir='ltr'>per</span> <span class='ocrx_word' id='word_1_223' title='bbox 1582 2386 1648 2435; x_wconf 87' lang='lat' dir='ltr'>tincs</span> <span class='ocrx_word' id='word_1_224' title='bbox 1671 2392 1774 2434; x_wconf 83' lang='lat' dir='ltr'>nostros</span> <span class='ocrx_word' id='word_1_225' title='bbox 1798 2392 1891 2433; x_wconf 88' lang='lat' dir='ltr'>contra</span> <span class='ocrx_word' id='word_1_226' title='bbox 1913 2399 1960 2430; x_wconf 83' lang='lat' dir='ltr'>ros</span> 
     </span>
     <span class='ocr_line' id='line_1_19' title="bbox 315 2480 1958 2554; baseline -0.002 -17"><span class='ocrx_word' id='word_1_227' title='bbox 315 2488 348 2537; x_wconf 81' lang='lat' dir='ltr'>ad</span> <span class='ocrx_word' id='word_1_228' title='bbox 371 2493 484 2537; x_wconf 77' lang='lat' dir='ltr'>vestram</span> <span class='ocrx_word' id='word_1_229' title='bbox 507 2488 633 2537; x_wconf 86' lang='lat' dir='ltr'>lesionem</span> <span class='ocrx_word' id='word_1_230' title='bbox 656 2487 697 2535; x_wconf 85' lang='lat' dir='ltr'>vel</span> <span class='ocrx_word' id='word_1_231' title='bbox 722 2492 810 2536; x_wconf 86' lang='lat' dir='ltr'>vestra</span> <span class='ocrx_word' id='word_1_232' title='bbox 833 2480 910 2547; x_wconf 81' lang='lat' dir='ltr'>l[‹.·c]a</span> <span class='ocrx_word' id='word_1_233' title='bbox 931 2481 1040 2549; x_wconf 78' lang='lat' dir='ltr'>vleuirle</span> <span class='ocrx_word' id='word_1_234' title='bbox 1063 2481 1248 2553; x_wconf 81' lang='lat' dir='ltr'>[ternptnveritl</span> <span class='ocrx_word' id='word_1_235' title='bbox 1272 2495 1298 2538; x_wconf 88' lang='lat' dir='ltr'>et</span> <span class='ocrx_word' id='word_1_236' title='bbox 1320 2481 1362 2548; x_wconf 79' lang='lat' dir='ltr'>ald</span> <span class='ocrx_word' id='word_1_237' title='bbox 1386 2483 1517 2549; x_wconf 81' lang='lat' dir='ltr'>nostraml·</span> <span class='ocrx_word' id='word_1_238' title='bbox 1534 2491 1684 2554; x_wconf 78' lang='lat' dir='ltr'>pervenerit</span> <span class='ocrx_word' id='word_1_239' title='bbox 1712 2480 1866 2549; x_wconf 85' lang='lat' dir='ltr'>[notitiam],</span> <span class='ocrx_word' id='word_1_240' title='bbox 1898 2502 1958 2535; x_wconf 83' lang='lat' dir='ltr'>nrox</span> 
     </span>
    </p>
   </div>
   <div class='ocr_carea' id='block_1_11' title="bbox 264 2575 1528 2776">
    <p class='ocr_par' dir='ltr' id='par_1_12' title="bbox 264 2575 1528 2776">
     <span class='ocr_line' id='line_1_20' title="bbox 315 2575 1004 2655; baseline 0.004 -17"><span class='ocrx_word' id='word_1_241' title='bbox 315 2592 372 2640; x_wconf 88' lang='lat' dir='ltr'>sine</span> <span class='ocrx_word' id='word_1_242' title='bbox 396 2591 486 2655; x_wconf 87' lang='lat' dir='ltr'>aliqua</span> <span class='ocrx_word' id='word_1_243' title='bbox 508 2591 631 2640; x_wconf 78' lang='lat' dir='ltr'>tarditate</span> <span class='ocrx_word' id='word_1_244' title='bbox 653 2591 730 2640; x_wconf 82' lang='lat' dir='ltr'>robis</span> <span class='ocrx_word' id='word_1_245' title='bbox 753 2575 957 2641; x_wconf 76' lang='lat' dir='ltr'>ruureiabim&#39;usi</span> <span class='ocrx_word' id='word_1_246' title='bbox 981 2609 1004 2641; x_wconf 79' lang='lat' dir='ltr'>s.</span> 
     </span>
     <span class='ocr_line' id='line_1_21' title="bbox 264 2695 1528 2776; baseline 0.003 -18"><span class='ocrx_word' id='word_1_247' title='bbox 264 2712 297 2758; x_wconf 79' lang='lat'>20</span> <span class='ocrx_word' id='word_1_248' title='bbox 418 2712 446 2760; x_wconf 76' lang='lat' dir='ltr'>si</span> <span class='ocrx_word' id='word_1_249' title='bbox 469 2713 538 2760; x_wconf 91' lang='lat' dir='ltr'>enim</span> <span class='ocrx_word' id='word_1_250' title='bbox 562 2712 660 2760; x_wconf 87' lang='lat' dir='ltr'>turtum</span> <span class='ocrx_word' id='word_1_251' title='bbox 682 2712 751 2760; x_wconf 91' lang='lat' dir='ltr'>inter</span> <span class='ocrx_word' id='word_1_252' title='bbox 774 2695 886 2774; x_wconf 64' lang='lat' dir='ltr'>partesl</span> <span class='ocrx_word' id='word_1_253' title='bbox 910 2712 1008 2762; x_wconf 87' lang='lat' dir='ltr'>tactum</span> <span class='ocrx_word' id='word_1_254' title='bbox 1031 2712 1119 2773; x_wconf 82' lang='lat' dir='ltr'>tuerit,</span> <span class='ocrx_word' id='word_1_255' title='bbox 1143 2714 1170 2760; x_wconf 92' lang='lat' dir='ltr'>in</span> <span class='ocrx_word' id='word_1_256' title='bbox 1194 2713 1343 2776; x_wconf 88' lang='lat' dir='ltr'>quadruplo</span> <span class='ocrx_word' id='word_1_257' title='bbox 1366 2715 1528 2763; x_wconf 84' lang='lat' dir='ltr'>restituatur.</span> 
     </span>
    </p>
   </div>
   <div class='ocr_carea' id='block_1_12' title="bbox 316 2817 1962 3209">
    <p class='ocr_par' dir='ltr' id='par_1_13' title="bbox 316 2817 1962 3209">
     <span class='ocr_line' id='line_1_22' title="bbox 418 2817 1960 2897; baseline -0.001 -18"><span class='ocrx_word' id='word_1_258' title='bbox 418 2831 445 2879; x_wconf 81' lang='lat' dir='ltr'>Si</span> <span class='ocrx_word' id='word_1_259' title='bbox 468 2848 530 2880; x_wconf 80' lang='lat' dir='ltr'>vero</span> <span class='ocrx_word' id='word_1_260' title='bbox 553 2834 622 2880; x_wconf 86' lang='lat' dir='ltr'>servi</span> <span class='ocrx_word' id='word_1_261' title='bbox 646 2839 692 2881; x_wconf 92' lang='lat' dir='ltr'>aut</span> <span class='ocrx_word' id='word_1_262' title='bbox 715 2832 810 2880; x_wconf 89' lang='lat' dir='ltr'>ancille</span> <span class='ocrx_word' id='word_1_263' title='bbox 834 2833 902 2880; x_wconf 84' lang='lat' dir='ltr'>infru</span> <span class='ocrx_word' id='word_1_264' title='bbox 924 2834 974 2881; x_wconf 88' lang='lat' dir='ltr'>boc</span> <span class='ocrx_word' id='word_1_265' title='bbox 998 2834 1111 2897; x_wconf 86' lang='lat' dir='ltr'>spatium</span> <span class='ocrx_word' id='word_1_266' title='bbox 1135 2834 1204 2881; x_wconf 84' lang='lat' dir='ltr'>inter</span> <span class='ocrx_word' id='word_1_267' title='bbox 1226 2839 1314 2896; x_wconf 88' lang='lat' dir='ltr'>partes</span> <span class='ocrx_word' id='word_1_268' title='bbox 1337 2834 1454 2895; x_wconf 67' lang='lat' dir='ltr'>frigoras.</span> <span class='ocrx_word' id='word_1_269' title='bbox 1465 2817 1481 2889; x_wconf 79' lang='lat'>¹,</span> <span class='ocrx_word' id='word_1_270' title='bbox 1516 2850 1575 2882; x_wconf 86' lang='lat' dir='ltr'>cunr</span> <span class='ocrx_word' id='word_1_271' title='bbox 1604 2834 1726 2882; x_wconf 81' lang='lat' dir='ltr'>omuibus</span> <span class='ocrx_word' id='word_1_272' title='bbox 1754 2833 1833 2881; x_wconf 88' lang='lat' dir='ltr'>rebus</span> <span class='ocrx_word' id='word_1_273' title='bbox 1863 2826 1960 2896; x_wconf 68' lang='lat' dir='ltr'>quamm</span> 
     </span>
     <span class='ocr_line' id='line_1_23' title="bbox 316 2930 1962 3001; baseline 0 -20"><span class='ocrx_word' id='word_1_274' title='bbox 316 2934 458 2984; x_wconf 84' lang='lat' dir='ltr'>detulerint</span> <span class='ocrx_word' id='word_1_275' title='bbox 480 2951 568 2985; x_wconf 89' lang='lat' dir='ltr'>secum</span> <span class='ocrx_word' id='word_1_276' title='bbox 592 2934 743 2995; x_wconf 87' lang='lat' dir='ltr'>reddantur,</span> <span class='ocrx_word' id='word_1_277' title='bbox 766 2940 792 2984; x_wconf 91' lang='lat' dir='ltr'>et</span> <span class='ocrx_word' id='word_1_278' title='bbox 815 2935 895 2984; x_wconf 80' lang='lat' dir='ltr'>iudex</span> <span class='ocrx_word' id='word_1_279' title='bbox 917 2938 960 2999; x_wconf 85' lang='lat' dir='ltr'>qui</span> <span class='ocrx_word' id='word_1_280' title='bbox 985 2937 1057 3000; x_wconf 86' lang='lat' dir='ltr'>ipsos</span> <span class='ocrx_word' id='word_1_281' title='bbox 1079 2936 1206 2999; x_wconf 68' lang='lat' dir='ltr'>fugitivus</span> <span class='ocrx_word' id='word_1_282' title='bbox 1230 2935 1380 2999; x_wconf 86' lang='lat' dir='ltr'>reddiderit,</span> <span class='ocrx_word' id='word_1_283' title='bbox 1403 2953 1450 3000; x_wconf 90' lang='lat' dir='ltr'>pro</span> <span class='ocrx_word' id='word_1_284' title='bbox 1474 2952 1634 3000; x_wconf 87' lang='lat' dir='ltr'>unoquoque</span> <span class='ocrx_word' id='word_1_285' title='bbox 1655 2930 1799 3001; x_wconf 68' lang='lat' dir='ltr'>singulosl</span> <span class='ocrx_word' id='word_1_286' title='bbox 1823 2937 1879 2983; x_wconf 81' lang='lat' dir='ltr'>uiui</span> <span class='ocrx_word' id='word_1_287' title='bbox 1900 2934 1962 2981; x_wconf 87' lang='lat' dir='ltr'>soli-</span> 
     </span>
     <span class='ocr_line' id='line_1_24' title="bbox 316 3039 1961 3105; baseline -0.002 -18"><span class='ocrx_word' id='word_1_288' title='bbox 316 3040 363 3089; x_wconf 89' lang='lat' dir='ltr'>dos</span> <span class='ocrx_word' id='word_1_289' title='bbox 386 3042 504 3104; x_wconf 89' lang='lat' dir='ltr'>recipiat,</span> <span class='ocrx_word' id='word_1_290' title='bbox 533 3042 571 3090; x_wconf 91' lang='lat' dir='ltr'>sic.</span> <span class='ocrx_word' id='word_1_291' title='bbox 594 3046 680 3089; x_wconf 85' lang='lat' dir='ltr'>tamen</span> <span class='ocrx_word' id='word_1_292' title='bbox 703 3044 734 3088; x_wconf 92' lang='lat' dir='ltr'>nt</span> <span class='ocrx_word' id='word_1_293' title='bbox 757 3041 779 3088; x_wconf 91' lang='lat' dir='ltr'>si</span> <span class='ocrx_word' id='word_1_294' title='bbox 802 3041 915 3104; x_wconf 89' lang='lat' dir='ltr'>amplius</span> <span class='ocrx_word' id='word_1_295' title='bbox 938 3043 1088 3105; x_wconf 84' lang='lat' dir='ltr'>requiritur,</span> <span class='ocrx_word' id='word_1_296' title='bbox 1112 3057 1158 3105; x_wconf 91' lang='lat' dir='ltr'>per</span> <span class='ocrx_word' id='word_1_297' title='bbox 1181 3046 1373 3089; x_wconf 84' lang='lat' dir='ltr'>sacramentum</span> <span class='ocrx_word' id='word_1_298' title='bbox 1397 3039 1520 3089; x_wconf 90' lang='lat' dir='ltr'>idoneum</span> <span class='ocrx_word' id='word_1_299' title='bbox 1544 3039 1647 3088; x_wconf 66' lang='lat' dir='ltr'>‹laimuis</span> <span class='ocrx_word' id='word_1_300' title='bbox 1670 3039 1775 3087; x_wconf 91' lang='lat' dir='ltr'>illorum</span> <span class='ocrx_word' id='word_1_301' title='bbox 1798 3039 1961 3086; x_wconf 77' lang='lat' dir='ltr'>satisfactum</span> 
     </span>
     <span class='ocr_line' id='line_1_25' title="bbox 316 3124 1962 3209; baseline -0.002 -18"><span class='ocrx_word' id='word_1_302' title='bbox 316 3136 394 3191; x_wconf 83' lang='lat' dir='ltr'>tiat⁰</span> <span class='ocrx_word' id='word_1_303' title='bbox 432 3143 458 3191; x_wconf 77' lang='lat' dir='ltr'>Si</span> <span class='ocrx_word' id='word_1_304' title='bbox 483 3159 545 3192; x_wconf 86' lang='lat' dir='ltr'>vero</span> <span class='ocrx_word' id='word_1_305' title='bbox 569 3143 648 3191; x_wconf 80' lang='lat' dir='ltr'>iudex</span> <span class='ocrx_word' id='word_1_306' title='bbox 671 3144 742 3206; x_wconf 88' lang='lat' dir='ltr'>ipsos</span> <span class='ocrx_word' id='word_1_307' title='bbox 766 3143 892 3207; x_wconf 77' lang='lat' dir='ltr'>fugitivos</span> <span class='ocrx_word' id='word_1_308' title='bbox 915 3146 1060 3208; x_wconf 83' lang='lat' dir='ltr'>srrsceperit</span> <span class='ocrx_word' id='word_1_309' title='bbox 1083 3139 1134 3193; x_wconf 74' lang='lat' dir='ltr'>etl‘</span> <span class='ocrx_word' id='word_1_310' title='bbox 1157 3160 1202 3192; x_wconf 84' lang='lat' dir='ltr'>eos</span> <span class='ocrx_word' id='word_1_311' title='bbox 1225 3144 1334 3193; x_wconf 84' lang='lat' dir='ltr'>reddere</span> <span class='ocrx_word' id='word_1_312' title='bbox 1356 3126 1537 3209; x_wconf 72' lang='lat' dir='ltr'>neglexerit</span> <span class='ocrx_word' id='word_1_313' title='bbox 1559 3148 1585 3191; x_wconf 92' lang='lat' dir='ltr'>et</span> <span class='ocrx_word' id='word_1_314' title='bbox 1608 3141 1702 3191; x_wconf 84' lang='lat' dir='ltr'>exinde</span> <span class='ocrx_word' id='word_1_315' title='bbox 1726 3127 1758 3189; x_wconf 78' lang='lat' dir='ltr'>in</span> <span class='ocrx_word' id='word_1_316' title='bbox 1775 3124 1848 3188; x_wconf 79' lang='lat' dir='ltr'>aliis</span> <span class='ocrx_word' id='word_1_317' title='bbox 1864 3126 1962 3209; x_wconf 79' lang='lat' dir='ltr'>parti·</span> 
     </span>
    </p>
   </div>
   <div class='ocr_carea' id='block_1_13' title="bbox 266 3230 1792 3312">
    <p class='ocr_par' dir='ltr' id='par_1_14' title="bbox 266 3230 1792 3312">
     <span class='ocr_line' id='line_1_26' title="bbox 266 3230 1792 3312; baseline 0.002 -22"><span class='ocrx_word' id='word_1_318' title='bbox 266 3243 299 3290; x_wconf 78' lang='lat'>25</span> <span class='ocrx_word' id='word_1_319' title='bbox 318 3230 379 3295; x_wconf 83' lang='lat' dir='ltr'>bus</span> <span class='ocrx_word' id='word_1_320' title='bbox 404 3248 558 3311; x_wconf 82' lang='lat' dir='ltr'>confugium</span> <span class='ocrx_word' id='word_1_321' title='bbox 580 3246 698 3308; x_wconf 81' lang='lat' dir='ltr'>feceriut,</span> <span class='ocrx_word' id='word_1_322' title='bbox 721 3261 769 3309; x_wconf 88' lang='lat' dir='ltr'>pro</span> <span class='ocrx_word' id='word_1_323' title='bbox 792 3261 952 3311; x_wconf 83' lang='lat' dir='ltr'>rrrroquoque</span> <span class='ocrx_word' id='word_1_324' title='bbox 975 3248 1067 3312; x_wconf 83' lang='lat' dir='ltr'>fugato</span> <span class='ocrx_word' id='word_1_325' title='bbox 1090 3247 1149 3296; x_wconf 81' lang='lat' dir='ltr'>arni</span> <span class='ocrx_word' id='word_1_326' title='bbox 1172 3247 1271 3296; x_wconf 90' lang='lat' dir='ltr'>solidos</span> <span class='ocrx_word' id='word_1_327' title='bbox 1294 3249 1463 3312; x_wconf 79' lang='lat' dir='ltr'>septuaginta</span> <span class='ocrx_word' id='word_1_328' title='bbox 1487 3253 1513 3297; x_wconf 88' lang='lat' dir='ltr'>et</span> <span class='ocrx_word' id='word_1_329' title='bbox 1536 3248 1588 3297; x_wconf 93' lang='lat' dir='ltr'>duo</span> <span class='ocrx_word' id='word_1_330' title='bbox 1612 3251 1760 3311; x_wconf 89' lang='lat' dir='ltr'>componat.</span> <span class='ocrx_word' id='word_1_331' title='bbox 1776 3263 1792 3293; x_wconf 77' lang='lat' dir='ltr'>s</span> 
     </span>
    </p>
   </div>
   <div class='ocr_carea' id='block_1_14' title="bbox 267 3360 1966 3849">
    <p class='ocr_par' dir='ltr' id='par_1_15' title="bbox 318 3360 1966 3741">
     <span class='ocr_line' id='line_1_27' title="bbox 420 3360 1965 3433; baseline 0 -18"><span class='ocrx_word' id='word_1_332' title='bbox 420 3366 578 3416; x_wconf 88' lang='lat' dir='ltr'>Nullateuns</span> <span class='ocrx_word' id='word_1_333' title='bbox 601 3373 688 3416; x_wconf 90' lang='lat' dir='ltr'>autem</span> <span class='ocrx_word' id='word_1_334' title='bbox 717 3360 821 3415; x_wconf 81' lang='lat' dir='ltr'>liceatq</span> <span class='ocrx_word' id='word_1_335' title='bbox 850 3362 953 3415; x_wconf 69' lang='lat' dir='ltr'>relicuir</span> <span class='ocrx_word' id='word_1_336' title='bbox 982 3383 1028 3430; x_wconf 90' lang='lat' dir='ltr'>per</span> <span class='ocrx_word' id='word_1_337' title='bbox 1056 3367 1110 3416; x_wconf 88' lang='lat' dir='ltr'>alia</span> <span class='ocrx_word' id='word_1_338' title='bbox 1137 3367 1197 3416; x_wconf 85' lang='lat' dir='ltr'>loca</span> <span class='ocrx_word' id='word_1_339' title='bbox 1226 3369 1321 3432; x_wconf 74' lang='lat' dir='ltr'>pignus</span> <span class='ocrx_word' id='word_1_340' title='bbox 1350 3370 1485 3433; x_wconf 86' lang='lat' dir='ltr'>accipere,</span> <span class='ocrx_word' id='word_1_341' title='bbox 1520 3369 1570 3416; x_wconf 93' lang='lat' dir='ltr'>nisi</span> <span class='ocrx_word' id='word_1_342' title='bbox 1598 3368 1644 3416; x_wconf 89' lang='lat' dir='ltr'>nbi</span> <span class='ocrx_word' id='word_1_343' title='bbox 1674 3367 1780 3431; x_wconf 70' lang='lat' dir='ltr'>fugitivi</span> <span class='ocrx_word' id='word_1_344' title='bbox 1809 3370 1855 3415; x_wconf 92' lang='lat' dir='ltr'>aut</span> <span class='ocrx_word' id='word_1_345' title='bbox 1883 3382 1965 3415; x_wconf 86' lang='lat' dir='ltr'>cansa</span> 
     </span>
     <span class='ocr_line' id='line_1_28' title="bbox 318 3454 1963 3536; baseline -0.001 -18"><span class='ocrx_word' id='word_1_346' title='bbox 318 3471 467 3533; x_wconf 84' lang='lat' dir='ltr'>requiritur,</span> <span class='ocrx_word' id='word_1_347' title='bbox 491 3454 610 3518; x_wconf 75' lang='lat' dir='ltr'>exinde</span> <span class='ocrx_word' id='word_1_348' title='bbox 633 3471 801 3534; x_wconf 63' lang='lat' dir='ltr'>pignoratum</span> <span class='ocrx_word' id='word_1_349' title='bbox 824 3474 850 3518; x_wconf 87' lang='lat' dir='ltr'>ct</span> <span class='ocrx_word' id='word_1_350' title='bbox 873 3471 894 3518; x_wconf 89' lang='lat' dir='ltr'>si</span> <span class='ocrx_word' id='word_1_351' title='bbox 917 3471 1065 3535; x_wconf 74' lang='lat' dir='ltr'>pigneratio</span> <span class='ocrx_word' id='word_1_352' title='bbox 1088 3472 1245 3534; x_wconf 86' lang='lat' dir='ltr'>pervenerit,</span> <span class='ocrx_word' id='word_1_353' title='bbox 1269 3487 1323 3520; x_wconf 81' lang='lat' dir='ltr'>riou</span> <span class='ocrx_word' id='word_1_354' title='bbox 1347 3476 1480 3536; x_wconf 88' lang='lat' dir='ltr'>presumat</span> <span class='ocrx_word' id='word_1_355' title='bbox 1504 3471 1556 3519; x_wconf 89' lang='lat' dir='ltr'>alia</span> <span class='ocrx_word' id='word_1_356' title='bbox 1578 3485 1639 3534; x_wconf 89' lang='lat' dir='ltr'>pars</span> <span class='ocrx_word' id='word_1_357' title='bbox 1662 3486 1710 3534; x_wconf 88' lang='lat' dir='ltr'>pro</span> <span class='ocrx_word' id='word_1_358' title='bbox 1733 3471 1843 3534; x_wconf 73' lang='lat' dir='ltr'>pignore</span> <span class='ocrx_word' id='word_1_359' title='bbox 1862 3461 1963 3518; x_wconf 77' lang='lat' dir='ltr'>aliam⁸</span> 
     </span>
     <span class='ocr_line' id='line_1_29' title="bbox 319 3557 1966 3642; baseline -0.001 -21"><span class='ocrx_word' id='word_1_360' title='bbox 319 3575 466 3638; x_wconf 81' lang='lat' dir='ltr'>pignorare,</span> <span class='ocrx_word' id='word_1_361' title='bbox 490 3578 529 3622; x_wconf 90' lang='lat' dir='ltr'>set</span> <span class='ocrx_word' id='word_1_362' title='bbox 552 3579 671 3637; x_wconf 83' lang='lat' dir='ltr'>expectet</span> <span class='ocrx_word' id='word_1_363' title='bbox 694 3579 796 3642; x_wconf 83' lang='lat' dir='ltr'>usque</span> <span class='ocrx_word' id='word_1_364' title='bbox 819 3573 852 3621; x_wconf 90' lang='lat' dir='ltr'>ad</span> <span class='ocrx_word' id='word_1_365' title='bbox 875 3557 1097 3622; x_wconf 51' lang='lat' dir='ltr'>audientiam*</span> <span class='ocrx_word' id='word_1_366' title='bbox 1120 3589 1208 3635; x_wconf 88' lang='lat' dir='ltr'>cause,</span> <span class='ocrx_word' id='word_1_367' title='bbox 1232 3575 1271 3622; x_wconf 87' lang='lat' dir='ltr'>ita</span> <span class='ocrx_word' id='word_1_368' title='bbox 1293 3569 1382 3623; x_wconf 87' lang='lat' dir='ltr'>saneu</span> <span class='ocrx_word' id='word_1_369' title='bbox 1406 3581 1435 3624; x_wconf 90' lang='lat' dir='ltr'>ut</span> <span class='ocrx_word' id='word_1_370' title='bbox 1457 3574 1526 3622; x_wconf 86' lang='lat' dir='ltr'>infra</span> <span class='ocrx_word' id='word_1_371' title='bbox 1544 3590 1590 3622; x_wconf 79' lang='lat' dir='ltr'>sex</span> <span class='ocrx_word' id='word_1_372' title='bbox 1608 3574 1736 3622; x_wconf 88' lang='lat' dir='ltr'>meusium</span> <span class='ocrx_word' id='word_1_373' title='bbox 1760 3574 1877 3636; x_wconf 80' lang='lat' dir='ltr'>spacium</span> <span class='ocrx_word' id='word_1_374' title='bbox 1902 3571 1966 3620; x_wconf 86' lang='lat' dir='ltr'>fiant</span> 
     </span>
     <span class='ocr_line' id='line_1_30' title="bbox 319 3670 1965 3741; baseline -0.002 -16"><span class='ocrx_word' id='word_1_375' title='bbox 319 3683 345 3726; x_wconf 88' lang='lat' dir='ltr'>et</span> <span class='ocrx_word' id='word_1_376' title='bbox 368 3671 444 3725; x_wconf 79' lang='lat' dir='ltr'>sint&#39;</span> <span class='ocrx_word' id='word_1_377' title='bbox 466 3676 539 3725; x_wconf 89' lang='lat' dir='ltr'>finite</span> <span class='ocrx_word' id='word_1_378' title='bbox 562 3692 649 3738; x_wconf 90' lang='lat' dir='ltr'>cnusc,</span> <span class='ocrx_word' id='word_1_379' title='bbox 673 3676 784 3726; x_wconf 86' lang='lat' dir='ltr'>reddens</span> <span class='ocrx_word' id='word_1_380' title='bbox 806 3677 880 3740; x_wconf 88' lang='lat' dir='ltr'>prius</span> <span class='ocrx_word' id='word_1_381' title='bbox 902 3675 973 3740; x_wconf 92' lang='lat' dir='ltr'>quod</span> <span class='ocrx_word' id='word_1_382' title='bbox 996 3670 1059 3725; x_wconf 78' lang='lat' dir='ltr'>exw</span> <span class='ocrx_word' id='word_1_383' title='bbox 1081 3677 1180 3726; x_wconf 92' lang='lat' dir='ltr'>iudicio</span> <span class='ocrx_word' id='word_1_384' title='bbox 1204 3677 1413 3741; x_wconf 84' lang='lat' dir='ltr'>condempnatus</span> <span class='ocrx_word' id='word_1_385' title='bbox 1436 3678 1487 3726; x_wconf 79' lang='lat' dir='ltr'>tuit</span> <span class='ocrx_word' id='word_1_386' title='bbox 1498 3671 1519 3738; x_wconf 87' lang='lat'>¹,</span> <span class='ocrx_word' id='word_1_387' title='bbox 1543 3682 1569 3726; x_wconf 91' lang='lat' dir='ltr'>et</span> <span class='ocrx_word' id='word_1_388' title='bbox 1592 3678 1688 3740; x_wconf 76' lang='lat' dir='ltr'>pignus</span> <span class='ocrx_word' id='word_1_389' title='bbox 1711 3691 1788 3724; x_wconf 90' lang='lat' dir='ltr'>suum</span> <span class='ocrx_word' id='word_1_390' title='bbox 1810 3675 1928 3738; x_wconf 89' lang='lat' dir='ltr'>recipiat.</span> <span class='ocrx_word' id='word_1_391' title='bbox 1948 3691 1965 3722; x_wconf 79' lang='lat' dir='ltr'>s</span> 
     </span>
    </p>

    <p class='ocr_par' dir='ltr' id='par_1_16' title="bbox 267 3766 1966 3849">
     <span class='ocr_line' id='line_1_31' title="bbox 267 3766 1966 3849; baseline -0.001 -21"><span class='ocrx_word' id='word_1_392' title='bbox 267 3775 300 3822; x_wconf 83' lang='lat'>30</span> <span class='ocrx_word' id='word_1_393' title='bbox 319 3779 386 3828; x_wconf 80' lang='lat' dir='ltr'>Nam</span> <span class='ocrx_word' id='word_1_394' title='bbox 403 3781 424 3827; x_wconf 88' lang='lat' dir='ltr'>si</span> <span class='ocrx_word' id='word_1_395' title='bbox 441 3781 500 3843; x_wconf 86' lang='lat' dir='ltr'>quis</span> <span class='ocrx_word' id='word_1_396' title='bbox 523 3779 555 3827; x_wconf 91' lang='lat' dir='ltr'>de</span> <span class='ocrx_word' id='word_1_397' title='bbox 578 3779 630 3828; x_wconf 90' lang='lat' dir='ltr'>alio</span> <span class='ocrx_word' id='word_1_398' title='bbox 652 3778 712 3828; x_wconf 91' lang='lat' dir='ltr'>loco</span> <span class='ocrx_word' id='word_1_399' title='bbox 735 3780 832 3843; x_wconf 81' lang='lat' dir='ltr'>pignus</span> <span class='ocrx_word' id='word_1_400' title='bbox 855 3779 947 3828; x_wconf 88' lang='lat' dir='ltr'>tollere</span> <span class='ocrx_word' id='word_1_401' title='bbox 971 3781 1159 3842; x_wconf 87' lang='lat' dir='ltr'>presumpserit</span> <span class='ocrx_word' id='word_1_402' title='bbox 1181 3785 1228 3828; x_wconf 89' lang='lat' dir='ltr'>ant</span> <span class='ocrx_word' id='word_1_403' title='bbox 1250 3782 1306 3829; x_wconf 87' lang='lat' dir='ltr'>sins</span> <span class='ocrx_word' id='word_1_404' title='bbox 1330 3796 1412 3830; x_wconf 72' lang='lat' dir='ltr'>‹zarrsa</span> <span class='ocrx_word' id='word_1_405' title='bbox 1433 3781 1534 3829; x_wconf 87' lang='lat' dir='ltr'>tullerit</span> <span class='ocrx_word' id='word_1_406' title='bbox 1549 3779 1589 3829; x_wconf 86' lang='lat' dir='ltr'>vel</span> <span class='ocrx_word' id='word_1_407' title='bbox 1607 3766 1662 3849; x_wconf 83' lang='lat' dir='ltr'>qul</span> <span class='ocrx_word' id='word_1_408' title='bbox 1678 3796 1725 3844; x_wconf 93' lang='lat' dir='ltr'>pro</span> <span class='ocrx_word' id='word_1_409' title='bbox 1744 3780 1854 3844; x_wconf 81' lang='lat' dir='ltr'>pignore</span> <span class='ocrx_word' id='word_1_410' title='bbox 1873 3779 1966 3843; x_wconf 82' lang='lat' dir='ltr'>pigno·</span> 
     </span>
    </p>
   </div>
   <div class='ocr_carea' id='block_1_15' title="bbox 319 3882 1110 3946">
    <p class='ocr_par' dir='ltr' id='par_1_17' title="bbox 319 3882 1110 3946">
     <span class='ocr_line' id='line_1_32' title="bbox 319 3882 1110 3946; baseline 0 -15"><span class='ocrx_word' id='word_1_411' title='bbox 319 3899 377 3932; x_wconf 89' lang='lat' dir='ltr'>rare</span> <span class='ocrx_word' id='word_1_412' title='bbox 400 3884 597 3946; x_wconf 86' lang='lat' dir='ltr'>presumpserit,</span> <span class='ocrx_word' id='word_1_413' title='bbox 620 3884 646 3930; x_wconf 92' lang='lat' dir='ltr'>in</span> <span class='ocrx_word' id='word_1_414' title='bbox 670 3882 751 3944; x_wconf 90' lang='lat' dir='ltr'>duplo</span> <span class='ocrx_word' id='word_1_415' title='bbox 775 3882 845 3946; x_wconf 72' lang='lat' dir='ltr'>qruid</span> <span class='ocrx_word' id='word_1_416' title='bbox 868 3882 959 3931; x_wconf 85' lang='lat' dir='ltr'>tulerit</span> <span class='ocrx_word' id='word_1_417' title='bbox 982 3884 1110 3932; x_wconf 80' lang='lat' dir='ltr'>restitrutt.</span> 
     </span>
    </p>
   </div>
   <div class='ocr_carea' id='block_1_16' title="bbox 270 3985 1968 4485">
    <p class='ocr_par' dir='ltr' id='par_1_18' title="bbox 270 3985 1968 4485">
     <span class='ocr_line' id='line_1_33' title="bbox 423 3985 1965 4071; baseline -0.003 -20"><span class='ocrx_word' id='word_1_418' title='bbox 423 4003 449 4051; x_wconf 78' lang='lat' dir='ltr'>Si</span> <span class='ocrx_word' id='word_1_419' title='bbox 473 4020 535 4052; x_wconf 69' lang='lat' dir='ltr'>verr.»</span> <span class='ocrx_word' id='word_1_420' title='bbox 560 4005 619 4068; x_wconf 87' lang='lat' dir='ltr'>equi</span> <span class='ocrx_word' id='word_1_421' title='bbox 643 4003 685 4052; x_wconf 82' lang='lat' dir='ltr'>vel</span> <span class='ocrx_word' id='word_1_422' title='bbox 708 3997 799 4067; x_wconf 65' lang='lat' dir='ltr'>&lt;seprioy</span> <span class='ocrx_word' id='word_1_423' title='bbox 822 4009 868 4052; x_wconf 89' lang='lat' dir='ltr'>aut</span> <span class='ocrx_word' id='word_1_424' title='bbox 891 4009 1008 4052; x_wconf 86' lang='lat' dir='ltr'>armenta</span> <span class='ocrx_word' id='word_1_425' title='bbox 1032 4003 1072 4052; x_wconf 82' lang='lat' dir='ltr'>rol</span> <span class='ocrx_word' id='word_1_426' title='bbox 1096 3986 1221 4071; x_wconf 75' lang='lat' dir='ltr'>reliqua</span> <span class='ocrx_word' id='word_1_427' title='bbox 1244 4002 1428 4067; x_wconf 77' lang='lat' dir='ltr'>qrmdrupedia</span> <span class='ocrx_word' id='word_1_428' title='bbox 1450 3988 1558 4050; x_wconf 76' lang='lat' dir='ltr'>furata</span> <span class='ocrx_word' id='word_1_429' title='bbox 1581 4002 1687 4063; x_wconf 87' lang='lat' dir='ltr'>fuerint,</span> <span class='ocrx_word' id='word_1_430' title='bbox 1711 3987 1744 4049; x_wconf 82' lang='lat' dir='ltr'>ln</span> <span class='ocrx_word' id='word_1_431' title='bbox 1760 3985 1858 4070; x_wconf 81' lang='lat' dir='ltr'>duplo</span> <span class='ocrx_word' id='word_1_432' title='bbox 1875 3985 1965 4049; x_wconf 76' lang='lat' dir='ltr'>resti·</span> 
     </span>
     <span class='ocr_line' id='line_1_34' title="bbox 320 4103 518 4157; baseline -0.005 0"><span class='ocrx_word' id='word_1_433' title='bbox 320 4103 461 4157; x_wconf 89' lang='lat' dir='ltr'>tuantur.</span> <span class='ocrx_word' id='word_1_434' title='bbox 476 4104 486 4130; x_wconf 69' lang='lat'>&#39;⁶</span> <span class='ocrx_word' id='word_1_435' title='bbox 502 4126 518 4156; x_wconf 70' lang='lat' dir='ltr'>a</span> 
     </span>
     <span class='ocr_line' id='line_1_35' title="bbox 423 4190 1968 4276; baseline -0.004 -17"><span class='ocrx_word' id='word_1_436' title='bbox 423 4213 541 4276; x_wconf 74' lang='lat' dir='ltr'>Negocia</span> <span class='ocrx_word' id='word_1_437' title='bbox 569 4220 670 4260; x_wconf 86' lang='lat' dir='ltr'>autem:</span> <span class='ocrx_word' id='word_1_438' title='bbox 705 4213 773 4261; x_wconf 90' lang='lat' dir='ltr'>inter</span> <span class='ocrx_word' id='word_1_439' title='bbox 804 4218 892 4275; x_wconf 87' lang='lat' dir='ltr'>partes</span> <span class='ocrx_word' id='word_1_440' title='bbox 920 4211 1000 4261; x_wconf 90' lang='lat' dir='ltr'>liceat</span> <span class='ocrx_word' id='word_1_441' title='bbox 1029 4210 1092 4260; x_wconf 88' lang='lat' dir='ltr'>dare</span> <span class='ocrx_word' id='word_1_442' title='bbox 1120 4210 1191 4275; x_wconf 88' lang='lat' dir='ltr'>quod</span> <span class='ocrx_word' id='word_1_443' title='bbox 1221 4211 1289 4259; x_wconf 91' lang='lat' dir='ltr'>inter</span> <span class='ocrx_word' id='word_1_444' title='bbox 1312 4225 1357 4259; x_wconf 91' lang='lat' dir='ltr'>eos</span> <span class='ocrx_word' id='word_1_445' title='bbox 1380 4201 1557 4257; x_wconf 75' lang='lat' dir='ltr'>cern&#39;euerit⁸</span> <span class='ocrx_word' id='word_1_446' title='bbox 1579 4193 1649 4255; x_wconf 78' lang='lat' dir='ltr'>sine</span> <span class='ocrx_word' id='word_1_447' title='bbox 1672 4193 1759 4254; x_wconf 83' lang='lat' dir='ltr'>omni</span> <span class='ocrx_word' id='word_1_448' title='bbox 1783 4213 1859 4275; x_wconf 81' lang='lat' dir='ltr'>pars</span> <span class='ocrx_word' id='word_1_449' title='bbox 1883 4190 1968 4274; x_wconf 72' lang='lat' dir='ltr'>parti</span> 
     </span>
     <span class='ocr_line' id='line_1_36' title="bbox 270 4299 527 4364; baseline 0 -3"><span class='ocrx_word' id='word_1_450' title='bbox 270 4315 302 4361; x_wconf 83' lang='lat'>35</span> <span class='ocrx_word' id='word_1_451' title='bbox 320 4299 488 4364; x_wconf 82' lang='lat' dir='ltr'>violentia.</span> <span class='ocrx_word' id='word_1_452' title='bbox 511 4331 527 4361; x_wconf 69' lang='lat' dir='ltr'>a</span> 
     </span>
     <span class='ocr_line' id='line_1_37' title="bbox 423 4397 1967 4485; baseline -0.005 -19"><span class='ocrx_word' id='word_1_453' title='bbox 423 4418 464 4466; x_wconf 90' lang='lat' dir='ltr'>De</span> <span class='ocrx_word' id='word_1_454' title='bbox 487 4399 623 4480; x_wconf 79' lang='lat' dir='ltr'>ripaticob</span> <span class='ocrx_word' id='word_1_455' title='bbox 646 4424 734 4465; x_wconf 90' lang='lat' dir='ltr'>antem</span> <span class='ocrx_word' id='word_1_456' title='bbox 750 4433 778 4465; x_wconf 77' lang='lat' dir='ltr'>s:</span> <span class='ocrx_word' id='word_1_457' title='bbox 802 4423 831 4464; x_wconf 92' lang='lat' dir='ltr'>ut</span> <span class='ocrx_word' id='word_1_458' title='bbox 854 4417 998 4466; x_wconf 87' lang='lat' dir='ltr'>secundum</span> <span class='ocrx_word' id='word_1_459' title='bbox 1021 4419 1157 4482; x_wconf 89' lang='lat' dir='ltr'>antiquam</span> <span class='ocrx_word' id='word_1_460' title='bbox 1180 4417 1398 4467; x_wconf 88' lang='lat' dir='ltr'>consuetudinem</span> <span class='ocrx_word' id='word_1_461' title='bbox 1421 4421 1497 4485; x_wconf 78' lang='lat' dir='ltr'>pars</span> <span class='ocrx_word' id='word_1_462' title='bbox 1520 4399 1605 4483; x_wconf 77' lang='lat' dir='ltr'>parti</span> <span class='ocrx_word' id='word_1_463' title='bbox 1629 4397 1840 4473; x_wconf 60' lang='lat' dir='ltr'>observetur?</span> <span class='ocrx_word' id='word_1_464' title='bbox 1865 4427 1967 4460; x_wconf 88' lang='lat' dir='ltr'>omnem</span> 
     </span>
    </p>
   </div>
   <div class='ocr_carea' id='block_1_17' title="bbox 321 4499 1966 4588">
    <p class='ocr_par' dir='ltr' id='par_1_19' title="bbox 321 4499 1966 4588">
     <span class='ocr_line' id='line_1_38' title="bbox 321 4499 1966 4588; baseline -0.003 -20"><span class='ocrx_word' id='word_1_465' title='bbox 321 4521 565 4588; x_wconf 67' lang='lat' dir='ltr'>quadragesimum,</span> <span class='ocrx_word' id='word_1_466' title='bbox 589 4523 615 4567; x_wconf 89' lang='lat' dir='ltr'>et</span> <span class='ocrx_word' id='word_1_467' title='bbox 637 4519 755 4569; x_wconf 87' lang='lat' dir='ltr'>homines</span> <span class='ocrx_word' id='word_1_468' title='bbox 778 4519 856 4568; x_wconf 83' lang='lat' dir='ltr'>vestri</span> <span class='ocrx_word' id='word_1_469' title='bbox 881 4518 1015 4569; x_wconf 90' lang='lat' dir='ltr'>licentiam</span> <span class='ocrx_word' id='word_1_470' title='bbox 1038 4521 1153 4569; x_wconf 87' lang='lat' dir='ltr'>habeant</span> <span class='ocrx_word' id='word_1_471' title='bbox 1171 4537 1218 4584; x_wconf 89' lang='lat' dir='ltr'>per</span> <span class='ocrx_word' id='word_1_472' title='bbox 1233 4527 1329 4570; x_wconf 90' lang='lat' dir='ltr'>terram</span> <span class='ocrx_word' id='word_1_473' title='bbox 1345 4500 1526 4569; x_wconf 82' lang='lat' dir='ltr'>ambulandid</span> <span class='ocrx_word' id='word_1_474' title='bbox 1548 4517 1648 4581; x_wconf 87' lang='lat' dir='ltr'>ubique</span> <span class='ocrx_word' id='word_1_475' title='bbox 1663 4515 1796 4565; x_wconf 79' lang='lat' dir='ltr'>voluerint</span> <span class='ocrx_word' id='word_1_476' title='bbox 1812 4499 1855 4563; x_wconf 83' lang='lat' dir='ltr'>ad</span> <span class='ocrx_word' id='word_1_477' title='bbox 1870 4521 1966 4582; x_wconf 84' lang='lat' dir='ltr'>nego·</span> 
     </span>
    </p>
   </div>
   <div class='ocr_carea' id='block_1_18' title="bbox 410 4686 1974 5784">
    <p class='ocr_par' dir='ltr' id='par_1_20' title="bbox 410 4686 1974 5784">
     <span class='ocr_line' id='line_1_39' title="bbox 410 4686 1968 4758; baseline -0.004 -14"><span class='ocrx_word' id='word_1_478' title='bbox 410 4692 468 4745; x_wconf 71' lang='lat' dir='ltr'>aab.</span> <span class='ocrx_word' id='word_1_479' title='bbox 495 4697 518 4751; x_wconf 77' lang='lat' dir='ltr'>s&#39;)</span> <span class='ocrx_word' id='word_1_480' title='bbox 540 4692 587 4742; x_wconf 79' lang='lat' dir='ltr'>ol)</span> <span class='ocrx_word' id='word_1_481' title='bbox 600 4713 631 4736; x_wconf 95' lang='lat'><strong><em>=</em></strong></span> <span class='ocrx_word' id='word_1_482' title='bbox 648 4692 709 4754; x_wconf 73' lang='lat' dir='ltr'>Vr,</span> <span class='ocrx_word' id='word_1_483' title='bbox 730 4693 870 4743; x_wconf 76' lang='lat' dir='ltr'>observare</span> <span class='ocrx_word' id='word_1_484' title='bbox 883 4693 909 4741; x_wconf 94' lang='lat' dir='ltr'><em>B</em></span> <span class='ocrx_word' id='word_1_485' title='bbox 996 4694 1015 4753; x_wconf 93' lang='lat' dir='ltr'>t)</span> <span class='ocrx_word' id='word_1_486' title='bbox 1034 4693 1068 4752; x_wconf 91' lang='lat' dir='ltr'>B,</span> <span class='ocrx_word' id='word_1_487' title='bbox 1087 4696 1263 4758; x_wconf 86' lang='lat' dir='ltr'>promittimus</span> <span class='ocrx_word' id='word_1_488' title='bbox 1279 4692 1327 4742; x_wconf 85' lang='lat' dir='ltr'>OD</span> <span class='ocrx_word' id='word_1_489' title='bbox 1411 4692 1439 4756; x_wconf 91' lang='lat' dir='ltr'>u)</span> <span class='ocrx_word' id='word_1_490' title='bbox 1457 4691 1530 4741; x_wconf 90' lang='lat' dir='ltr'>D:</span> <span class='ocrx_word' id='word_1_491' title='bbox 1545 4689 1598 4740; x_wconf 87' lang='lat' dir='ltr'>VU.</span> <span class='ocrx_word' id='word_1_492' title='bbox 1615 4686 1795 4747; x_wconf 79' lang='lat' dir='ltr'>andD0.11.,</span> <span class='ocrx_word' id='word_1_493' title='bbox 1815 4704 1924 4737; x_wconf 79' lang='lat' dir='ltr'>excursu</span> <span class='ocrx_word' id='word_1_494' title='bbox 1941 4686 1968 4749; x_wconf 82' lang='lat'>0,</span> 
     </span>
     <span class='ocr_line' id='line_1_40' title="bbox 495 4755 1969 4828; baseline -0.004 -17"><span class='ocrx_word' id='word_1_495' title='bbox 495 4778 604 4811; x_wconf 79' lang='lat' dir='ltr'>excursa</span> <span class='ocrx_word' id='word_1_496' title='bbox 622 4761 648 4810; x_wconf 89' lang='lat' dir='ltr'><em>B</em></span> <span class='ocrx_word' id='word_1_497' title='bbox 750 4759 777 4825; x_wconf 89' lang='lat' dir='ltr'>v)</span> <span class='ocrx_word' id='word_1_498' title='bbox 799 4761 854 4820; x_wconf 81' lang='lat'>01),</span> <span class='ocrx_word' id='word_1_499' title='bbox 879 4763 941 4828; x_wconf 76' lang='lat' dir='ltr'>qiu</span> <span class='ocrx_word' id='word_1_500' title='bbox 961 4770 1041 4826; x_wconf 88' lang='lat' dir='ltr'>caput</span> <span class='ocrx_word' id='word_1_501' title='bbox 1059 4763 1140 4811; x_wconf 78' lang='lat' dir='ltr'>suerit</span> <span class='ocrx_word' id='word_1_502' title='bbox 1159 4763 1249 4811; x_wconf 88' lang='lat' dir='ltr'>eadem</span> <span class='ocrx_word' id='word_1_503' title='bbox 1269 4762 1375 4810; x_wconf 84' lang='lat' dir='ltr'>malicia</span> <span class='ocrx_word' id='word_1_504' title='bbox 1392 4760 1419 4810; x_wconf 90' lang='lat' dir='ltr'><em>B</em></span> <span class='ocrx_word' id='word_1_505' title='bbox 1521 4761 1554 4822; x_wconf 88' lang='lat' dir='ltr'>w)</span> <span class='ocrx_word' id='word_1_506' title='bbox 1575 4758 1601 4819; x_wconf 84' lang='lat'>0,</span> <span class='ocrx_word' id='word_1_507' title='bbox 1626 4755 1721 4824; x_wconf 88' lang='lat' dir='ltr'>o[mnc]</span> <span class='ocrx_word' id='word_1_508' title='bbox 1742 4757 1866 4822; x_wconf 85' lang='lat' dir='ltr'>quiequid</span> <span class='ocrx_word' id='word_1_509' title='bbox 1891 4757 1969 4806; x_wconf 89' lang='lat' dir='ltr'>fuerit</span> 
     </span>
     <span class='ocr_line' id='line_1_41' title="bbox 495 4825 1969 4895; baseline -0.004 -15"><span class='ocrx_word' id='word_1_510' title='bbox 495 4832 584 4880; x_wconf 89' lang='lat' dir='ltr'>ablata</span> <span class='ocrx_word' id='word_1_511' title='bbox 603 4830 636 4890; x_wconf 90' lang='lat' dir='ltr'>B,</span> <span class='ocrx_word' id='word_1_512' title='bbox 661 4832 749 4880; x_wconf 89' lang='lat' dir='ltr'>omnia</span> <span class='ocrx_word' id='word_1_513' title='bbox 768 4845 932 4895; x_wconf 82' lang='lat' dir='ltr'>quecumque</span> <span class='ocrx_word' id='word_1_514' title='bbox 951 4831 1047 4879; x_wconf 77' lang='lat' dir='ltr'>sinerint</span> <span class='ocrx_word' id='word_1_515' title='bbox 1066 4830 1197 4880; x_wconf 90' lang='lat' dir='ltr'>ablataD</span> <span class='ocrx_word' id='word_1_516' title='bbox 1291 4832 1319 4892; x_wconf 84' lang='lat' dir='ltr'>x)</span> <span class='ocrx_word' id='word_1_517' title='bbox 1339 4835 1364 4879; x_wconf 89' lang='lat' dir='ltr'>et</span> <span class='ocrx_word' id='word_1_518' title='bbox 1386 4827 1436 4881; x_wconf 82' lang='lat' dir='ltr'>OD</span> <span class='ocrx_word' id='word_1_519' title='bbox 1530 4827 1558 4894; x_wconf 87' lang='lat' dir='ltr'>y)</span> <span class='ocrx_word' id='word_1_520' title='bbox 1578 4826 1607 4886; x_wconf 82' lang='lat' dir='ltr'>C,</span> <span class='ocrx_word' id='word_1_521' title='bbox 1627 4842 1719 4876; x_wconf 70' lang='lat' dir='ltr'>ursinus</span> <span class='ocrx_word' id='word_1_522' title='bbox 1737 4825 1870 4878; x_wconf 83' lang='lat' dir='ltr'>vestraB.</span> <span class='ocrx_word' id='word_1_523' title='bbox 1891 4842 1969 4875; x_wconf 89' lang='lat' dir='ltr'>mauu</span> 
     </span>
     <span class='ocr_line' id='line_1_42' title="bbox 493 4893 1970 4964; baseline -0.003 -18"><span class='ocrx_word' id='word_1_524' title='bbox 493 4905 580 4949; x_wconf 85' lang='lat' dir='ltr'>vestra</span> <span class='ocrx_word' id='word_1_525' title='bbox 599 4898 627 4948; x_wconf 92' lang='lat' dir='ltr'><em>D</em></span> <span class='ocrx_word' id='word_1_526' title='bbox 729 4898 752 4964; x_wconf 83' lang='lat' dir='ltr'>z)</span> <span class='ocrx_word' id='word_1_527' title='bbox 775 4896 868 4947; x_wconf 78' lang='lat' dir='ltr'>OD:</span> <span class='ocrx_word' id='word_1_528' title='bbox 883 4898 944 4958; x_wconf 72' lang='lat' dir='ltr'>Vll,</span> <span class='ocrx_word' id='word_1_529' title='bbox 972 4915 1019 4964; x_wconf 87' lang='lat' dir='ltr'>pro</span> <span class='ocrx_word' id='word_1_530' title='bbox 1038 4915 1224 4964; x_wconf 83' lang='lat' dir='ltr'>nusquamque</span> <span class='ocrx_word' id='word_1_531' title='bbox 1242 4914 1356 4964; x_wconf 88' lang='lat' dir='ltr'>persona</span> <span class='ocrx_word' id='word_1_532' title='bbox 1373 4899 1417 4962; x_wconf 89' lang='lat' dir='ltr'>qui</span> <span class='ocrx_word' id='word_1_533' title='bbox 1437 4898 1496 4960; x_wconf 86' lang='lat' dir='ltr'>ipsa</span> <span class='ocrx_word' id='word_1_534' title='bbox 1514 4897 1621 4945; x_wconf 83' lang='lat' dir='ltr'>malicia</span> <span class='ocrx_word' id='word_1_535' title='bbox 1639 4895 1665 4944; x_wconf 98' lang='grc' dir='ltr'><strong><em>Β</em></strong></span> <span class='ocrx_word' id='word_1_536' title='bbox 1774 4895 1799 4959; x_wconf 90' lang='lat' dir='ltr'>a)</span> <span class='ocrx_word' id='word_1_537' title='bbox 1809 4893 1880 4956; x_wconf 79' lang='lat' dir='ltr'>fehlt</span> <span class='ocrx_word' id='word_1_538' title='bbox 1897 4894 1925 4942; x_wconf 81' lang='lat' dir='ltr'>in</span> <span class='ocrx_word' id='word_1_539' title='bbox 1945 4894 1970 4942; x_wconf 89' lang='lat' dir='ltr'><strong><em>B</em></strong></span> 
     </span>
     <span class='ocr_line' id='line_1_43' title="bbox 495 4962 1974 5030; baseline -0.003 -15"><span class='ocrx_word' id='word_1_540' title='bbox 495 4969 521 5030; x_wconf 91' lang='lat' dir='ltr'>b)</span> <span class='ocrx_word' id='word_1_541' title='bbox 539 4968 668 5016; x_wconf 87' lang='lat' dir='ltr'>Rauerma</span> <span class='ocrx_word' id='word_1_542' title='bbox 686 4967 712 5015; x_wconf 89' lang='lat' dir='ltr'><em>B</em></span> <span class='ocrx_word' id='word_1_543' title='bbox 815 4969 838 5030; x_wconf 86' lang='lat' dir='ltr'>c)</span> <span class='ocrx_word' id='word_1_544' title='bbox 859 4966 914 5026; x_wconf 85' lang='lat' dir='ltr'>OD,</span> <span class='ocrx_word' id='word_1_545' title='bbox 943 4968 1039 5017; x_wconf 89' lang='lat' dir='ltr'>ducato</span> <span class='ocrx_word' id='word_1_546' title='bbox 1064 4976 1150 5018; x_wconf 85' lang='lat' dir='ltr'>vestro</span> <span class='ocrx_word' id='word_1_547' title='bbox 1170 4968 1196 5017; x_wconf 92' lang='grc' dir='ltr'><strong><em>Β</em></strong></span> <span class='ocrx_word' id='word_1_548' title='bbox 1300 4967 1327 5029; x_wconf 88' lang='lat' dir='ltr'>d)</span> <span class='ocrx_word' id='word_1_549' title='bbox 1346 4971 1510 5015; x_wconf 89' lang='lat' dir='ltr'>sacramento</span> <span class='ocrx_word' id='word_1_550' title='bbox 1530 4965 1556 5014; x_wconf 89' lang='lat' dir='ltr'><em>B</em></span> <span class='ocrx_word' id='word_1_551' title='bbox 1660 4963 1683 5028; x_wconf 78' lang='lat' dir='ltr'>e)</span> <span class='ocrx_word' id='word_1_552' title='bbox 1703 4962 1739 5023; x_wconf 90' lang='lat' dir='ltr'>D,</span> <span class='ocrx_word' id='word_1_553' title='bbox 1765 4965 1903 5027; x_wconf 89' lang='lat' dir='ltr'>requiritur</span> <span class='ocrx_word' id='word_1_554' title='bbox 1925 4962 1974 5011; x_wconf 82' lang='lat' dir='ltr'>Bc</span> 
     </span>
     <span class='ocr_line' id='line_1_44' title="bbox 495 5031 1970 5100; baseline -0.003 -16"><span class='ocrx_word' id='word_1_555' title='bbox 495 5035 515 5100; x_wconf 88' lang='lat' dir='ltr'>s)</span> <span class='ocrx_word' id='word_1_556' title='bbox 533 5035 565 5096; x_wconf 89' lang='lat' dir='ltr'>B,</span> <span class='ocrx_word' id='word_1_557' title='bbox 591 5036 666 5084; x_wconf 89' lang='lat' dir='ltr'>liberi</span> <span class='ocrx_word' id='word_1_558' title='bbox 685 5035 845 5095; x_wconf 81' lang='lat' dir='ltr'>lrouiinesO,</span> <span class='ocrx_word' id='word_1_559' title='bbox 871 5036 961 5084; x_wconf 86' lang='lat' dir='ltr'>liberis</span> <span class='ocrx_word' id='word_1_560' title='bbox 980 5036 1129 5086; x_wconf 90' lang='lat' dir='ltr'>homiuibus</span> <span class='ocrx_word' id='word_1_561' title='bbox 1154 5036 1182 5085; x_wconf 88' lang='lat' dir='ltr'><em>D</em></span> <span class='ocrx_word' id='word_1_562' title='bbox 1283 5036 1311 5100; x_wconf 81' lang='lat' dir='ltr'>g)</span> <span class='ocrx_word' id='word_1_563' title='bbox 1330 5035 1387 5095; x_wconf 78' lang='lat' dir='ltr'>Bt),</span> <span class='ocrx_word' id='word_1_564' title='bbox 1414 5049 1504 5083; x_wconf 86' lang='lat' dir='ltr'>servos</span> <span class='ocrx_word' id='word_1_565' title='bbox 1528 5036 1583 5084; x_wconf 88' lang='lat' dir='ltr'>sive</span> <span class='ocrx_word' id='word_1_566' title='bbox 1607 5033 1705 5081; x_wconf 88' lang='lat' dir='ltr'>liberos</span> <span class='ocrx_word' id='word_1_567' title='bbox 1729 5031 1757 5081; x_wconf 92' lang='lat' dir='ltr'><em>D</em></span> <span class='ocrx_word' id='word_1_568' title='bbox 1860 5032 1887 5096; x_wconf 90' lang='lat' dir='ltr'>h)</span> <span class='ocrx_word' id='word_1_569' title='bbox 1909 5031 1970 5087; x_wconf 88' lang='lat' dir='ltr'>BD,</span> 
     </span>
     <span class='ocr_line' id='line_1_45' title="bbox 497 5100 1970 5170; baseline -0.004 -17"><span class='ocrx_word' id='word_1_570' title='bbox 497 5104 577 5167; x_wconf 88' lang='lat' dir='ltr'>aliqui</span> <span class='ocrx_word' id='word_1_571' title='bbox 597 5104 685 5152; x_wconf 88' lang='lat' dir='ltr'>bostes</span> <span class='ocrx_word' id='word_1_572' title='bbox 704 5114 749 5152; x_wconf 88' lang='lat' dir='ltr'>aut</span> <span class='ocrx_word' id='word_1_573' title='bbox 767 5120 885 5153; x_wconf 87' lang='lat' dir='ltr'>scamara</span> <span class='ocrx_word' id='word_1_574' title='bbox 906 5102 929 5152; x_wconf 78' lang='grc' dir='ltr'><em>Ο</em></span> <span class='ocrx_word' id='word_1_575' title='bbox 1028 5105 1048 5170; x_wconf 86' lang='lat' dir='ltr'>i)</span> <span class='ocrx_word' id='word_1_576' title='bbox 1067 5104 1101 5162; x_wconf 84' lang='lat' dir='ltr'>D,</span> <span class='ocrx_word' id='word_1_577' title='bbox 1122 5106 1276 5154; x_wconf 86' lang='lat' dir='ltr'>nunciamus</span> <span class='ocrx_word' id='word_1_578' title='bbox 1291 5101 1343 5153; x_wconf 77' lang='lat' dir='ltr'>Bo</span> <span class='ocrx_word' id='word_1_579' title='bbox 1442 5102 1470 5165; x_wconf 78' lang='lat' dir='ltr'>k)</span> <span class='ocrx_word' id='word_1_580' title='bbox 1492 5100 1585 5152; x_wconf 82' lang='lat' dir='ltr'>OD:</span> <span class='ocrx_word' id='word_1_581' title='bbox 1600 5100 1662 5160; x_wconf 78' lang='lat' dir='ltr'>VU,</span> <span class='ocrx_word' id='word_1_582' title='bbox 1681 5102 1703 5147; x_wconf 91' lang='lat' dir='ltr'>si</span> <span class='ocrx_word' id='word_1_583' title='bbox 1722 5101 1970 5164; x_wconf 88' lang='lat' dir='ltr'>eniminterpartes</span> 
     </span>
     <span class='ocr_line' id='line_1_46' title="bbox 496 5167 1971 5238; baseline -0.002 -17"><span class='ocrx_word' id='word_1_584' title='bbox 496 5174 593 5221; x_wconf 83' lang='lat' dir='ltr'>lurtum</span> <span class='ocrx_word' id='word_1_585' title='bbox 608 5171 632 5220; x_wconf 93' lang='grc' dir='ltr'><strong><em>Β</em></strong></span> <span class='ocrx_word' id='word_1_586' title='bbox 719 5172 737 5238; x_wconf 91' lang='lat' dir='ltr'>l)</span> <span class='ocrx_word' id='word_1_587' title='bbox 757 5171 785 5220; x_wconf 92' lang='lat' dir='ltr'><em>D</em></span> <span class='ocrx_word' id='word_1_588' title='bbox 796 5192 829 5215; x_wconf 94' lang='lat'><strong><em>=</em></strong></span> <span class='ocrx_word' id='word_1_589' title='bbox 845 5172 908 5227; x_wconf 76' lang='lat' dir='ltr'>Vts..</span> <span class='ocrx_word' id='word_1_590' title='bbox 927 5172 1037 5221; x_wconf 83' lang='lat' dir='ltr'>ancillas</span> <span class='ocrx_word' id='word_1_591' title='bbox 1055 5175 1072 5222; x_wconf 90' lang='lat' dir='ltr'>i.</span> <span class='ocrx_word' id='word_1_592' title='bbox 1091 5174 1116 5222; x_wconf 90' lang='lat' dir='ltr'>b.</span> <span class='ocrx_word' id='word_1_593' title='bbox 1135 5175 1226 5238; x_wconf 87' lang='lat' dir='ltr'>spacio</span> <span class='ocrx_word' id='word_1_594' title='bbox 1245 5175 1261 5223; x_wconf 92' lang='lat' dir='ltr'>i.</span> <span class='ocrx_word' id='word_1_595' title='bbox 1280 5189 1305 5237; x_wconf 87' lang='lat' dir='ltr'>p.</span> <span class='ocrx_word' id='word_1_596' title='bbox 1324 5173 1450 5233; x_wconf 72' lang='lat' dir='ltr'>fugierint</span> <span class='ocrx_word' id='word_1_597' title='bbox 1462 5170 1488 5219; x_wconf 98' lang='grc' dir='ltr'><strong><em>Β</em></strong></span> <span class='ocrx_word' id='word_1_598' title='bbox 1575 5169 1610 5235; x_wconf 91' lang='lat' dir='ltr'>m)</span> <span class='ocrx_word' id='word_1_599' title='bbox 1631 5169 1659 5218; x_wconf 94' lang='lat' dir='ltr'><em>D</em></span> <span class='ocrx_word' id='word_1_600' title='bbox 1671 5186 1704 5211; x_wconf 97' lang='lat'>=</span> <span class='ocrx_word' id='word_1_601' title='bbox 1719 5167 1771 5218; x_wconf 75' lang='lat' dir='ltr'>Va.</span> <span class='ocrx_word' id='word_1_602' title='bbox 1783 5167 1839 5217; x_wconf 72' lang='lat' dir='ltr'>raud</span> <span class='ocrx_word' id='word_1_603' title='bbox 1853 5167 1913 5218; x_wconf 92' lang='lat' dir='ltr'>DO.</span> <span class='ocrx_word' id='word_1_604' title='bbox 1931 5177 1971 5226; x_wconf 68' lang='lat'>11„</span> 
     </span>
     <span class='ocr_line' id='line_1_47' title="bbox 496 5235 1973 5306; baseline -0.003 -17"><span class='ocrx_word' id='word_1_605' title='bbox 496 5242 591 5306; x_wconf 89' lang='lat' dir='ltr'>quibus</span> <span class='ocrx_word' id='word_1_606' title='bbox 609 5238 662 5290; x_wconf 79' lang='lat' dir='ltr'>Bc</span> <span class='ocrx_word' id='word_1_607' title='bbox 761 5240 788 5306; x_wconf 83' lang='lat' dir='ltr'>u)</span> <span class='ocrx_word' id='word_1_608' title='bbox 809 5240 830 5289; x_wconf 83' lang='lat' dir='ltr'><em>V</em></span> <span class='ocrx_word' id='word_1_609' title='bbox 833 5240 870 5301; x_wconf 76' lang='lat' dir='ltr'>(J,</span> <span class='ocrx_word' id='word_1_610' title='bbox 898 5240 995 5303; x_wconf 75' lang='lat' dir='ltr'>singuli</span> <span class='ocrx_word' id='word_1_611' title='bbox 1015 5239 1071 5297; x_wconf 75' lang='lat' dir='ltr'>BD,</span> <span class='ocrx_word' id='word_1_612' title='bbox 1101 5242 1200 5305; x_wconf 73' lang='lat' dir='ltr'>singuli</span> <span class='ocrx_word' id='word_1_613' title='bbox 1224 5242 1342 5305; x_wconf 77' lang='lat' dir='ltr'>singulos</span> <span class='ocrx_word' id='word_1_614' title='bbox 1360 5239 1390 5289; x_wconf 94' lang='lat' dir='ltr'><em>D</em></span> <span class='ocrx_word' id='word_1_615' title='bbox 1492 5239 1518 5304; x_wconf 83' lang='grc' dir='ltr'>ο)</span> <span class='ocrx_word' id='word_1_616' title='bbox 1538 5242 1572 5288; x_wconf 87' lang='lat' dir='ltr'>sit</span> <span class='ocrx_word' id='word_1_617' title='bbox 1596 5238 1624 5289; x_wconf 94' lang='lat' dir='ltr'><em>D</em></span> <span class='ocrx_word' id='word_1_618' title='bbox 1727 5240 1755 5301; x_wconf 88' lang='lat' dir='ltr'>p)</span> <span class='ocrx_word' id='word_1_619' title='bbox 1772 5235 1842 5298; x_wconf 70' lang='lat' dir='ltr'>fehlt</span> <span class='ocrx_word' id='word_1_620' title='bbox 1865 5238 1893 5285; x_wconf 84' lang='lat' dir='ltr'>iu</span> <span class='ocrx_word' id='word_1_621' title='bbox 1917 5236 1973 5285; x_wconf 89' lang='lat' dir='ltr'>BD</span> 
     </span>
     <span class='ocr_line' id='line_1_48' title="bbox 495 5304 1971 5376; baseline 0.002 -20"><span class='ocrx_word' id='word_1_622' title='bbox 495 5312 522 5374; x_wconf 83' lang='lat' dir='ltr'>q)</span> <span class='ocrx_word' id='word_1_623' title='bbox 542 5311 639 5357; x_wconf 85' lang='lat' dir='ltr'>liceant</span> <span class='ocrx_word' id='word_1_624' title='bbox 660 5309 683 5357; x_wconf 81' lang='grc' dir='ltr'><strong><em>Β</em></strong></span> <span class='ocrx_word' id='word_1_625' title='bbox 781 5308 802 5373; x_wconf 85' lang='lat' dir='ltr'>r)</span> <span class='ocrx_word' id='word_1_626' title='bbox 823 5308 1164 5374; x_wconf 77' lang='lat' dir='ltr'>D=V1J.‚auquch</span> <span class='ocrx_word' id='word_1_627' title='bbox 1247 5311 1269 5376; x_wconf 86' lang='lat' dir='ltr'>s)</span> <span class='ocrx_word' id='word_1_628' title='bbox 1289 5326 1337 5374; x_wconf 87' lang='lat' dir='ltr'>pro</span> <span class='ocrx_word' id='word_1_629' title='bbox 1356 5311 1464 5373; x_wconf 74' lang='lat' dir='ltr'>pignere</span> <span class='ocrx_word' id='word_1_630' title='bbox 1483 5308 1563 5357; x_wconf 88' lang='lat' dir='ltr'>aliam</span> <span class='ocrx_word' id='word_1_631' title='bbox 1585 5306 1649 5357; x_wconf 84' lang='lat'>0=</span> <span class='ocrx_word' id='word_1_632' title='bbox 1663 5304 1718 5357; x_wconf 77' lang='lat' dir='ltr'>Va.</span> <span class='ocrx_word' id='word_1_633' title='bbox 1736 5316 1761 5357; x_wconf 81' lang='lat' dir='ltr'>rr</span> <span class='ocrx_word' id='word_1_634' title='bbox 1781 5304 1836 5353; x_wconf 79' lang='lat' dir='ltr'>aad</span> <span class='ocrx_word' id='word_1_635' title='bbox 1855 5304 1914 5355; x_wconf 89' lang='lat' dir='ltr'>DO.</span> <span class='ocrx_word' id='word_1_636' title='bbox 1932 5314 1971 5362; x_wconf 74' lang='lat' dir='ltr'>ll..</span> 
     </span>
     <span class='ocr_line' id='line_1_49' title="bbox 497 5373 1973 5443; baseline -0.003 -17"><span class='ocrx_word' id='word_1_637' title='bbox 497 5394 543 5443; x_wconf 90' lang='lat' dir='ltr'>pro</span> <span class='ocrx_word' id='word_1_638' title='bbox 572 5379 683 5441; x_wconf 81' lang='lat' dir='ltr'>pignora</span> <span class='ocrx_word' id='word_1_639' title='bbox 711 5377 765 5426; x_wconf 88' lang='lat' dir='ltr'>alia</span> <span class='ocrx_word' id='word_1_640' title='bbox 792 5376 847 5426; x_wconf 90' lang='lat' dir='ltr'>BD</span> <span class='ocrx_word' id='word_1_641' title='bbox 958 5376 978 5442; x_wconf 87' lang='lat' dir='ltr'>t)</span> <span class='ocrx_word' id='word_1_642' title='bbox 999 5377 1039 5439; x_wconf 92' lang='lat' dir='ltr'>D,</span> <span class='ocrx_word' id='word_1_643' title='bbox 1071 5378 1234 5428; x_wconf 89' lang='lat' dir='ltr'>audientium</span> <span class='ocrx_word' id='word_1_644' title='bbox 1261 5378 1323 5438; x_wconf 82' lang='lat' dir='ltr'>Bc,</span> <span class='ocrx_word' id='word_1_645' title='bbox 1353 5377 1513 5427; x_wconf 89' lang='lat' dir='ltr'>audiendum</span> <span class='ocrx_word' id='word_1_646' title='bbox 1536 5375 1590 5426; x_wconf 80' lang='lat' dir='ltr'>Vll.</span> <span class='ocrx_word' id='word_1_647' title='bbox 1608 5384 1633 5426; x_wconf 87' lang='lat'>11</span> <span class='ocrx_word' id='word_1_648' title='bbox 1745 5375 1773 5436; x_wconf 82' lang='lat' dir='ltr'>a)</span> <span class='ocrx_word' id='word_1_649' title='bbox 1798 5373 1852 5423; x_wconf 88' lang='lat' dir='ltr'>VU.</span> <span class='ocrx_word' id='word_1_650' title='bbox 1868 5383 1894 5423; x_wconf 79' lang='lat' dir='ltr'>ll</span> <span class='ocrx_word' id='word_1_651' title='bbox 1919 5373 1973 5422; x_wconf 73' lang='lat' dir='ltr'>irad</span> 
     </span>
     <span class='ocr_line' id='line_1_50' title="bbox 496 5440 1973 5511; baseline -0.004 -15"><span class='ocrx_word' id='word_1_652' title='bbox 496 5445 556 5496; x_wconf 89' lang='lat' dir='ltr'>DO.</span> <span class='ocrx_word' id='word_1_653' title='bbox 574 5455 616 5504; x_wconf 78' lang='lat' dir='ltr'>la,</span> <span class='ocrx_word' id='word_1_654' title='bbox 644 5449 681 5495; x_wconf 87' lang='lat' dir='ltr'>ita</span> <span class='ocrx_word' id='word_1_655' title='bbox 708 5449 742 5494; x_wconf 87' lang='lat' dir='ltr'>sit</span> <span class='ocrx_word' id='word_1_656' title='bbox 765 5445 843 5495; x_wconf 75' lang='lat' dir='ltr'>Boo</span> <span class='ocrx_word' id='word_1_657' title='bbox 947 5445 973 5510; x_wconf 84' lang='lat' dir='ltr'>v)</span> <span class='ocrx_word' id='word_1_658' title='bbox 993 5445 1045 5495; x_wconf 85' lang='lat' dir='ltr'>VU.</span> <span class='ocrx_word' id='word_1_659' title='bbox 1062 5455 1093 5507; x_wconf 84' lang='lat'>11,</span> <span class='ocrx_word' id='word_1_660' title='bbox 1122 5464 1225 5498; x_wconf 85' lang='lat' dir='ltr'>merrses</span> <span class='ocrx_word' id='word_1_661' title='bbox 1252 5447 1371 5511; x_wconf 86' lang='lat' dir='ltr'>spacium</span> <span class='ocrx_word' id='word_1_662' title='bbox 1398 5444 1463 5495; x_wconf 86' lang='lat' dir='ltr'>fiant</span> <span class='ocrx_word' id='word_1_663' title='bbox 1481 5453 1507 5495; x_wconf 88' lang='lat' dir='ltr'>et</span> <span class='ocrx_word' id='word_1_664' title='bbox 1525 5447 1578 5495; x_wconf 87' lang='lat' dir='ltr'>siut</span> <span class='ocrx_word' id='word_1_665' title='bbox 1596 5444 1629 5505; x_wconf 88' lang='grc' dir='ltr'>Β,</span> <span class='ocrx_word' id='word_1_666' title='bbox 1656 5458 1759 5493; x_wconf 87' lang='lat' dir='ltr'>meuses</span> <span class='ocrx_word' id='word_1_667' title='bbox 1784 5445 1898 5507; x_wconf 84' lang='lat' dir='ltr'>spatium</span> <span class='ocrx_word' id='word_1_668' title='bbox 1926 5440 1973 5491; x_wconf 82' lang='lat' dir='ltr'>tint</span> 
     </span>
     <span class='ocr_line' id='line_1_51' title="bbox 498 5510 1973 5578; baseline -0.003 -14"><span class='ocrx_word' id='word_1_669' title='bbox 498 5522 523 5565; x_wconf 88' lang='lat' dir='ltr'>et</span> <span class='ocrx_word' id='word_1_670' title='bbox 540 5517 562 5564; x_wconf 85' lang='lat' dir='ltr'>si</span> <span class='ocrx_word' id='word_1_671' title='bbox 584 5515 610 5575; x_wconf 83' lang='lat' dir='ltr'>O,</span> <span class='ocrx_word' id='word_1_672' title='bbox 635 5530 737 5564; x_wconf 80' lang='lat' dir='ltr'>menses</span> <span class='ocrx_word' id='word_1_673' title='bbox 755 5516 870 5578; x_wconf 86' lang='lat' dir='ltr'>spatium</span> <span class='ocrx_word' id='word_1_674' title='bbox 889 5516 923 5563; x_wconf 85' lang='lat' dir='ltr'>sit</span> <span class='ocrx_word' id='word_1_675' title='bbox 942 5521 967 5563; x_wconf 91' lang='lat' dir='ltr'>et</span> <span class='ocrx_word' id='word_1_676' title='bbox 984 5517 1038 5564; x_wconf 87' lang='lat' dir='ltr'>sint</span> <span class='ocrx_word' id='word_1_677' title='bbox 1055 5514 1084 5564; x_wconf 95' lang='lat' dir='ltr'><em>D</em></span> <span class='ocrx_word' id='word_1_678' title='bbox 1170 5519 1204 5575; x_wconf 88' lang='lat' dir='ltr'>w)</span> <span class='ocrx_word' id='word_1_679' title='bbox 1223 5515 1297 5565; x_wconf 95' lang='lat' dir='ltr'>D=</span> <span class='ocrx_word' id='word_1_680' title='bbox 1312 5513 1366 5564; x_wconf 88' lang='lat' dir='ltr'>VU.</span> <span class='ocrx_word' id='word_1_681' title='bbox 1382 5522 1413 5574; x_wconf 87' lang='lat'>11,</span> <span class='ocrx_word' id='word_1_682' title='bbox 1432 5511 1522 5564; x_wconf 75' lang='lat' dir='ltr'>erac</span> <span class='ocrx_word' id='word_1_683' title='bbox 1604 5514 1632 5575; x_wconf 87' lang='lat' dir='ltr'>x)</span> <span class='ocrx_word' id='word_1_684' title='bbox 1650 5514 1729 5562; x_wconf 85' lang='lat' dir='ltr'>tuerit</span> <span class='ocrx_word' id='word_1_685' title='bbox 1747 5511 1773 5561; x_wconf 92' lang='grc' dir='ltr'><strong><em>Β</em></strong></span> <span class='ocrx_word' id='word_1_686' title='bbox 1858 5515 1886 5576; x_wconf 80' lang='lat' dir='ltr'>y)</span> <span class='ocrx_word' id='word_1_687' title='bbox 1908 5510 1973 5560; x_wconf 87' lang='lat'>0=</span> 
     </span>
     <span class='ocr_line' id='line_1_52' title="bbox 495 5578 1974 5649; baseline -0.004 -16"><span class='ocrx_word' id='word_1_688' title='bbox 495 5583 564 5645; x_wconf 75' lang='lat' dir='ltr'>Va,</span> <span class='ocrx_word' id='word_1_689' title='bbox 594 5585 655 5649; x_wconf 90' lang='lat' dir='ltr'>equi</span> <span class='ocrx_word' id='word_1_690' title='bbox 673 5599 754 5649; x_wconf 87' lang='lat' dir='ltr'>equos</span> <span class='ocrx_word' id='word_1_691' title='bbox 772 5582 806 5642; x_wconf 91' lang='lat' dir='ltr'>B,</span> <span class='ocrx_word' id='word_1_692' title='bbox 832 5599 913 5647; x_wconf 84' lang='lat' dir='ltr'>equos</span> <span class='ocrx_word' id='word_1_693' title='bbox 932 5584 974 5632; x_wconf 85' lang='lat' dir='ltr'>vel</span> <span class='ocrx_word' id='word_1_694' title='bbox 994 5599 1075 5649; x_wconf 83' lang='lat' dir='ltr'>equas</span> <span class='ocrx_word' id='word_1_695' title='bbox 1093 5583 1123 5633; x_wconf 92' lang='lat' dir='ltr'>D</span> <span class='ocrx_word' id='word_1_696' title='bbox 1225 5587 1250 5643; x_wconf 80' lang='lat' dir='ltr'>a)</span> <span class='ocrx_word' id='word_1_697' title='bbox 1269 5584 1348 5632; x_wconf 81' lang='lat' dir='ltr'>inerit</span> <span class='ocrx_word' id='word_1_698' title='bbox 1365 5610 1398 5619; x_wconf 93' lang='lat'>—</span> <span class='ocrx_word' id='word_1_699' title='bbox 1417 5584 1569 5633; x_wconf 86' lang='lat' dir='ltr'>restituatur</span> <span class='ocrx_word' id='word_1_700' title='bbox 1587 5581 1613 5631; x_wconf 92' lang='grc' dir='ltr'><strong><em>Β</em></strong></span> <span class='ocrx_word' id='word_1_701' title='bbox 1714 5583 1740 5641; x_wconf 87' lang='lat' dir='ltr'>a)</span> <span class='ocrx_word' id='word_1_702' title='bbox 1760 5580 1834 5630; x_wconf 95' lang='lat' dir='ltr'>D=</span> <span class='ocrx_word' id='word_1_703' title='bbox 1848 5578 1902 5629; x_wconf 85' lang='lat' dir='ltr'>VU.</span> <span class='ocrx_word' id='word_1_704' title='bbox 1919 5578 1974 5628; x_wconf 72' lang='lat' dir='ltr'>rand</span> 
     </span>
     <span class='ocr_line' id='line_1_53' title="bbox 498 5649 1973 5718; baseline -0.003 -17"><span class='ocrx_word' id='word_1_705' title='bbox 498 5650 611 5714; x_wconf 82' lang='lat' dir='ltr'>DO.11.,</span> <span class='ocrx_word' id='word_1_706' title='bbox 630 5653 780 5702; x_wconf 87' lang='lat' dir='ltr'>liceant-</span> <span class='ocrx_word' id='word_1_707' title='bbox 798 5653 969 5702; x_wconf 86' lang='lat' dir='ltr'>convenerint</span> <span class='ocrx_word' id='word_1_708' title='bbox 987 5652 1013 5701; x_wconf 89' lang='lat' dir='ltr'><em>B</em></span> <span class='ocrx_word' id='word_1_709' title='bbox 1117 5652 1144 5718; x_wconf 81' lang='lat' dir='ltr'>b)</span> <span class='ocrx_word' id='word_1_710' title='bbox 1164 5654 1303 5718; x_wconf 85' lang='lat' dir='ltr'>ripaticum</span> <span class='ocrx_word' id='word_1_711' title='bbox 1322 5652 1349 5702; x_wconf 88' lang='lat' dir='ltr'><em>B</em></span> <span class='ocrx_word' id='word_1_712' title='bbox 1452 5650 1477 5718; x_wconf 73' lang='lat' dir='ltr'>cl</span> <span class='ocrx_word' id='word_1_713' title='bbox 1497 5653 1607 5716; x_wconf 88' lang='lat' dir='ltr'>antiqua</span> <span class='ocrx_word' id='word_1_714' title='bbox 1624 5650 1816 5701; x_wconf 83' lang='lat' dir='ltr'>consuetudine</span> <span class='ocrx_word' id='word_1_715' title='bbox 1832 5675 1865 5685; x_wconf 93' lang='lat'>—</span> <span class='ocrx_word' id='word_1_716' title='bbox 1884 5649 1973 5699; x_wconf 83' lang='lat' dir='ltr'>obser·</span> 
     </span>
     <span class='ocr_line' id='line_1_54' title="bbox 498 5719 981 5784; baseline 0.006 -16"><span class='ocrx_word' id='word_1_717' title='bbox 498 5727 593 5770; x_wconf 85' lang='lat' dir='ltr'>ventur</span> <span class='ocrx_word' id='word_1_718' title='bbox 613 5721 639 5770; x_wconf 89' lang='lat' dir='ltr'><em>B</em></span> <span class='ocrx_word' id='word_1_719' title='bbox 737 5721 765 5784; x_wconf 88' lang='lat' dir='ltr'>d)</span> <span class='ocrx_word' id='word_1_720' title='bbox 783 5719 928 5771; x_wconf 84' lang='lat' dir='ltr'>habulandi</span> <span class='ocrx_word' id='word_1_721' title='bbox 947 5720 981 5772; x_wconf 89' lang='lat' dir='ltr'>B.</span> 
     </span>
    </p>
   </div>
   <div class='ocr_carea' id='block_1_19' title="bbox 377 5826 1768 5887">
    <p class='ocr_par' dir='ltr' id='par_1_21' title="bbox 377 5826 1768 5887">
     <span class='ocr_line' id='line_1_55' title="bbox 377 5826 1768 5887; baseline -0.002 -19"><span class='ocrx_word' id='word_1_722' title='bbox 377 5826 569 5869; x_wconf 64' lang='lat' dir='ltr'>mammam</span> <span class='ocrx_word' id='word_1_723' title='bbox 585 5827 602 5869; x_wconf 92' lang='lat'>1.</span> <span class='ocrx_word' id='word_1_724' title='bbox 1729 5827 1768 5887; x_wconf 71' lang='lat'>61</span> 
     </span>
    </p>
   </div>
   <div class='ocr_carea' id='block_1_20' title="bbox 0 0 2262 6420">
    <p class='ocr_par' dir='ltr' id='par_1_22' title="bbox 0 0 2262 6420">
     <span class='ocr_line' id='line_1_56' title="bbox 0 0 2262 6420; baseline 0 0"><span class='ocrx_word' id='word_1_725' title='bbox 0 0 2262 6420; x_wconf 95' lang='lat' dir='ltr'> </span> 
     </span>
    </p>
   </div>
  </div>
 </body>
</html>
