4298 6414
228 457 293 523 452
822 462 1272 521 KAISERURKUNDEN.

229 647 415 713 ammodum
443 670 463 711 a
493 648 626 712 summis
656 645 865 732 pontificibus
894 667 953 730 per
981 643 1162 730 apostolice
1192 645 1412 730 preceptionis
1443 644 1584 729 paginas
1615 664 1789 713 concessum
1811 664 1833 717 et

227 751 377 835 largitum
407 759 456 814 est
484 750 589 815 eidem
620 758 734 814 sancto
764 748 856 832 loeo,
890 758 922 813 et
946 750 1055 813 omnia
1083 749 1157 813 loca
1181 770 1359 835 omnesque
1381 770 1433 814 res
1457 770 1520 834 que
1542 748 1577 812 in
1600 750 1686 813 omni
1706 752 1832 820 territorio

226 857 259 918 in
274 853 387 918 eodem
403 852 477 917 loco
494 874 653 917 concessa
669 861 744 916 sunt
763 861 795 917 et
816 859 936 937 quante
959 854 1099 915 attinent
1121 853 1210 915 circa
1231 862 1264 916 et
1286 852 1372 916 infra
1394 850 1575 917 Sublacum
1597 852 1658 915 iuri
1681 859 1833 937 pretextati*

227 960 331 1023 sancti
354 958 524 1023 Benedicti
546 956 734 1020 monasterii
758 963 933 1040 sancteque
956 951 1137 1019 Scolastice
1160 956 1227 1019 sive
1251 976 1310 1040 per
1332 953 1527 1020 divisionem
1555 955 1625 1019 sive
1647 961 1832 1025 commutatio

227 1069 326 1128 nem⁰
354 1062 423 1125 sive
455 1080 659 1145 quocumque
687 1057 911 1142 acquisitionis
939 1055 1036 1121 modo
1050 1067 1072 1140 Ρ,
1106 1056 1169 1121 hoo
1203 1068 1254 1123 est
1287 1061 1357 1124 sive
1389 1082 1448 1145 per
1477 1061 1674 1146 scripturam
1702 1061 1764 1126 sive
1784 1064 1854 1130 sines

229 1168 408 1252 scriptura,
442 1187 516 1228 cum
539 1161 704 1226 montibus
728 1160 866 1227 collibus
890 1159 980 1225 silvis
1003 1163 1128 1246 campis
1152 1162 1253 1245 pratis
1275 1164 1354 1229 rivis
1377 1165 1509 1248 pascuis
1532 1162 1670 1227 edificiis
1697 1162 1834 1252 locisquet

230 1268 379 1333 omnibus
402 1267 497 1331 cultis
521 1274 553 1329 et
575 1265 721 1349 incultis,
754 1264 788 1328 id
817 1274 888 1329 est¹
914 1264 1022 1330 casale
1045 1264 1133 1350 quod
1155 1274 1293 1329 vocatur
1314 1288 1467 1352 campum
1490 1266 1532 1333 de
1554 1266 1636 1332 Iano
1658 1276 1692 1331 et
1710 1264 1834 1334 Castora·

228 1395 320 1454 num,
350 1370 565 1437 Seminarium
588 1377 684 1454 atque
707 1367 835 1453 Agusta
856 1391 929 1433 curn
952 1371 1098 1433 terminis
1121 1380 1153 1434 et
1175 1367 1329 1435 limitibus
1352 1393 1464 1436 eorum
1486 1373 1520 1436 in
1542 1372 1719 1456 integrum,
1745 1368 1834 1439 (lerna-

227 1479 309 1540 riam
333 1496 460 1560 quoque
483 1496 526 1537 ex
548 1481 627 1537 toto.
673 1471 794 1537 Omnes
817 1473 915 1535 etiam
938 1494 990 1535 res
1013 1493 1094 1557 quas
1117 1473 1150 1535 in
1172 1471 1310 1537 Reatino
1333 1473 1494 1537 territorio
1517 1482 1627 1537 tenere
1650 1483 1682 1538 et
1703 1474 1835 1558 possidere

229 1579 339 1661 debet,
361 1578 424 1643 hoc
447 1578 551 1641 estin
574 1575 660 1640 valle
683 1597 745 1660 que
768 1574 887 1640 dicitur
908 1575 994 1639 Tore
1015 1575 1189 1660 ecelesiam
1213 1586 1324 1660 sancte
1346 1575 1522 1641 Anatholie
1546 1599 1646 1663 quam
1668 1575 1777 1643 detinet
1793 1601 1835 1664 per
1846 1593 1867 1640 lo

228 1685 472 1748 concessionem
496 1681 623 1745 Reatini
649 1680 805 1765 episcopii
829 1677 1044 1763 adscriptam3
1067 1681 1199 1764 insuper
1222 1700 1424 1765 quecumque
1446 1680 1553 1746 eidem
1575 1682 1663 1766 ipsi·
1686 1702 1770 1746 sacro
1787 1704 1833 1747 no·

228 1788 369 1851 neuterio
393 1786 490 1869 Hugo
514 1793 546 1849 ot
569 1782 727 1847 Lothario
751 1804 844 1866 reges
866 1793 1114 1866 concesserunt,
1137 1782 1262 1848 seilicet
1284 1794 1407 1849 cortem
1430 1784 1506 1850 Sale
1528 1793 1562 1848 et
1584 1782 1711 1849 Carsoli
1730 1787 1761 1849 in
1779 1787 1835 1850 inte

229 1912 322 1974 grum
355 1911 430 1953 cum
464 1886 615 1951 omnibus
649 1885 710 1950 sibi
744 1885 864 1973 ubique
898 1886 1123 1951 adiacentibus
1157 1888 1369 1973 pertinentiis.
1415 1886 1571 1953 Similiter
1598 1898 1716 1953 cuncta
1742 1892 1835 1975 quein

228 1992 355 2057 Uiculis
378 1993 463 2055 etin
485 1990 624 2054 Reatino
648 1988 843 2053 Sauincnsi‘
871 2000 904 2054 et
930 1992 964 2054 in
987 1993 1074 2055 omni
1097 1991 1283 2055 Marsicano
1312 1992 1500 2056 territori0¹¹
1528 2013 1588 2077 per
1616 1991 1836 2079 quodcumque'

229 2096 359 2162 modum
382 2096 542 2181 acquisita
566 2094 639 2175 sint,
662 2092 851 2178 plenissime
872 2095 1075 2177 roboramus,
1099 2097 1245 2180 inprimis
1269 2096 1372 2160 sancti
1395 2093 1514 2179 Angeli
1536 2097 1766 2160 monasterium
1783 2119 1836 2161 cun
1850 2114 1869 2159 15

228 2202 294 2264 suis
316 2201 349 2262 in
372 2200 532 2282 integrum
554 2198 766 2281 pertinentiis,
788 2219 840 2261 res
864 2220 993 2283 qnoque
1015 2198 1152 2263 Iohanni
1176 2198 1346 2284 presbiteri
1368 2208 1400 2263 et
1420 2198 1595 2264 vicentiam
1617 2221 1717 2263 unam
1737 2199 1837 2263 inFili·

226 2307 313 2368 mina
332 2325 405 2367 cum
421 2300 539 2368 Ursulo
563 2303 725 2385 piscatore
748 2309 780 2365 et
802 2299 875 2364 aliis
899 2303 1010 2384 servis,
1034 2324 1109 2367 cum
1130 2301 1206 2367 filiis
1229 2313 1260 2367 et
1281 2301 1412 2367 filiabus
1435 2324 1548 2368 eorum
1571 2312 1671 2389 atque
1692 2301 1782 2367 rebus
1800 2325 1840 2367 seu

227 2406 489 2494 possessionibus
512 2427 634 2487 eorum,
658 2407 741 2469 sicut
762 2426 820 2490 per
842 2404 989 2470 chartam
1013 2405 1174 2489 delegavit
1197 2415 1229 2471 et
1250 2405 1385 2471 tradidit
1406 2408 1518 2491 Burgo
1543 2407 1720 2491 magnifico
1741 2409 1841 2472 viroin

228 2512 415 2597 supradicto
438 2510 645 2590 monasterio,
668 2517 755 2572 terra
778 2519 887 2573 antem
910 2508 952 2572 ad
975 2519 1104 2575 centum
1127 2511 1238 2575 modia
1253 2512 1285 2575 in
1300 2511 1500 2576 Trasaocum
1520 2510 1609 2598 quod
1631 2520 1683 2575 est
1704 2510 1841 2595 gualdum,

228 2616 305 2680 data
327 2615 394 2680 ad'
422 2615 486 2677 iam
517 2614 603 2678 dicto
626 2614 795 2696 Burgone,
824 2614 896 2698 pari
919 2613 1016 2678 modo
1039 2614 1155 2679 cellam
1179 2616 1212 2678 in
1234 2615 1335 2679 Marsi
1358 2637 1421 2701 que
1443 2623 1653 2700 nuncupatur
1676 2616 1776 2678 sancti
1795 2614 1874 2677 Euro

227 2721 309 2801 ticii,
344 2728 441 2804 atque
465 2716 563 2781 aliam
587 2715 704 2780 cellam
727 2716 904 2781 inhonore
932 2720 1036 2783 sancti
1059 2718 1229 2784 Benedicti
1252 2728 1285 2782 et
1307 2720 1410 2783 sancti
1433 2716 1553 2782 Felicis
1577 2740 1678 2804 quam
1700 2740 1722 2782 a
1742 2719 1845 2782 noviter

227 2822 411 2886 construxit
432 2819 610 2884 Palumbus
633 2820 794 2905 presbiter
816 2829 848 2884 et
871 2819 1048 2884 monachus
1072 2820 1216 2886 eiusdem
1240 2822 1438 2903 monasterii,
1461 2842 1535 2886 cum
1560 2820 1713 2886 omnibus
1735 2820 1776 2885 ad
1795 2843 1846 2884 ess

226 2926 297 2991 dem
322 2924 478 3010 ecclesias
500 2924 552 2989 vel
576 2934 666 2989 corte
690 2947 749 2989 sua
777 2927 810 2989 in
839 2926 1000 3009 integrum
1027 2924 1263 3010 pertinentibus
1290 2927 1325 2989 in
1353 2927 1503 2990 universo
1527 2924 1750 2991 Marsioano'
1776 2925 1847 2989 terri·

225 3031 324 3111 torio,
358 3029 590 3093 monasterium
613 3029 696 3092 inter
719 3051 757 3092 ea
780 3050 880 3092 unum
902 3026 1062 3092 vocabulo
1088 3030 1192 3091 sancti
1215 3027 1387 3093 Michaelis
1409 3028 1599 3114 archangeli
1622 3028 1713 3116 quod
1733 3028 1849 3093 Barreia

225 3132 352 3215 dieitur,
376 3136 472 3196 situm
496 3134 528 3195 in
546 3131 665 3196 finibus
681 3132 920 3196 Beneuentanis
944 3154 1043 3218 supra
1064 3133 1184 3198 flumen
1207 3132 1379 3217 Sangrum,
1403 3132 1478 3197 licet
1492 3155 1513 3197 a
1528 3130 1705 3197 Saracenis
1724 3131 1881 3197 destruc-n

224 3246 307 3319 tum,
337 3259 379 3300 ex
402 3238 544 3320 integro,
576 3245 684 3299 tamen
708 3237 792 3300 sicut
814 3235 886 3299 Elie
910 3235 1021 3300 abbati
1044 3242 1103 3321 per
1124 3236 1345 3322 predictorum
1372 3245 1509 3321 regum¹
1537 3246 1696 3322 precepta
1718 3235 1850 3300 recontir

224 3349 313 3404 mata
334 3341 434 3404 fuisse
458 3338 645 3403 dinoscitur.
692 3339 773 3404 Item
797 3342 829 3403 in
852 3341 1012 3404 territorio
1036 3339 1207 3405 Tiburtino
1237 3362 1348 3405 massa
1375 3361 1437 3425 que
1466 3338 1653 3426 appellatur
1678 3339 1851 3424 Iubencans

224 3445 257 3506 in
279 3443 456 3526 integrum,
491 3444 586 3507 sicuti
610 3464 668 3528 per
689 3443 890 3527 pontificalia
913 3454 1067 3529 precepta
1090 3445 1121 3507 in
1145 3442 1291 3508 eiusdem
1315 3453 1429 3508 saneto
1452 3443 1526 3508 loco
1550 3443 1674 3509 tradita
1696 3466 1851 3510 concessa·

225 3570 286 3633 quc
309 3557 375 3629 est,
409 3569 483 3611 cum
514 3545 663 3611 omnibus
694 3546 908 3631 apendicibus
933 3548 999 3611 suis
1023 3546 1119 3611 cultis
1142 3558 1174 3613 et
1195 3547 1328 3613 incultis
1351 3557 1384 3612 et
1405 3570 1479 3612 oum
1501 3547 1624 3612 finibus
1646 3548 1851 3635 limitibusque

224 3653 306 3734 suis3
332 3651 478 3716 similiter
499 3661 602 3716 totum
626 3651 713 3737 quod
736 3650 841 3715 eidem
863 3652 1087 3716 monasterioy
1110 3652 1225 3717 attinet
1248 3651 1416 3717 definitum
1437 3674 1495 3737 per
1517 3651 1742 3717 chartularum
1765 3654 1885 3718 serisso

223 3757 256 3818 in
285 3754 385 3818 locoz
415 3757 468 3839 qui
498 3764 635 3819 vocatur
664 3754 757 3837 llice,
793 3755 877 3818 sicut
906 3764 956 3818 est
983 3777 1088 3841 usque
1116 3754 1159 3819 ad
1187 3755 1458 3843 columnamque
1482 3765 1633 3821 statsu‘*
1660 3756 1753 3821 fonte
1777 3755 1852 3836 Ilicis

223 3861 316 3924 iuxta
337 3861 439 3941 viam,
474 3858 591 3924 deinde
620 3861 654 3922 in
682 3869 824 3923 montem
855 3861 909 3944 qui
938 3869 1075 3923 vocatur
1097 3858 1280 3924 Uulturella
1308 3870 1340 3924 et
1367 3882 1471 3947 usque
1499 3869 1650 3924 sanctum
1678 3860 1807 3925 Petrum
1826 3861 1853 3923 in

223 3960 362 4045 Aspreto
387 3983 447 4024 noc
470 3984 661 4047 nouusque
684 3960 895 4042 Flumieellu;
917 3962 995 4025 item
1017 3972 1161 4026 montem
1184 3965 1237 4047 qui
1261 3972 1398 4027 vocatur
1420 3963 1595 4028 Bubarano
1620 3985 1680 4027 sen
1702 3973 1735 4029 et
1756 3962 1853 4027 casale

223 4065 277 4147 qui
300 4074 436 4128 vocatur
458 4064 573 4146 Uallia,
596 4066 628 4128 in
653 4087 716 4151 quo
741 4075 790 4128 est
812 4063 952 4148 ecelesia
976 4067 1080 4128 sancti
1105 4065 1291 4149 Eleutherii,
1314 4089 1388 4130 cum
1411 4066 1634 4132 determinatis
1655 4066 1776 4132 finibus
1797 4068 1854 4129 suis

222 4168 254 4229 iu
273 4170 432 4249 integrum
448 4177 480 4231 et
495 4169 677 4252 Longarias
701 4190 774 4233 cum
798 4171 891 4232 terris
915 4189 976 4252 que
999 4168 1151 4233 dicuntm·
1176 4170 1331 4234 Pentome
1354 4170 1450 4235 cultis
1474 4179 1506 4235 ct
1527 4170 1669 4253 incultis,
1701 4169 1886 4258 quomodoa

222 4270 406 4334 extenditur
427 4293 530 4356 usque
552 4272 584 4334 in
607 4272 687 4335 fines
704 4272 888 4353 Merulane3
911 4274 988 4335 item
1004 4271 1211 4337 medietatem
1234 4273 1354 4337 casalis
1378 4275 1411 4339 in
1434 4296 1497 4360 quo
1521 4283 1572 4338 est
1593 4273 1737 4359 ecclesia
1761 4276 1854 4338 sancti

222 4372 337 4437 l'anfili
361 4396 423 4459 quq
447 4373 564 4437 dicitur
586 4374 740 4439 Iohannis
764 4373 951 4459 presbiteri,
983 4384 1015 4438 et
1038 4373 1117 4438 alibi
1140 4376 1347 4441 medictatem
1371 4377 1490 4442 casalis
1514 4380 1569 4463 qui
1592 4380 1780 4443 nominatur
1799 4378 1854 4442 Ro·

221 4478 308 4540 mani
332 4478 464 4541 minoris
487 4487 519 4541 et
541 4476 677 4541 alteram
701 4479 770 4541 eius
793 4477 1000 4543 medietatem
1023 4501 1120 4564 quam
1143 4482 1247 4546 tenuit
1276 4480 1440 4567 quondam
1465 4480 1598 4546 Caloleo
1628 4492 1661 4546 et
1687 4482 1759 4567 ipse
1787 4504 1854 4546 con·

221 4579 421 4645 cambiavitb
441 4583 509 4645 sive
523 4582 736 4645 commutavit
751 4603 825 4646 cum
841 4581 1037 4666 quibusdam
1052 4584 1248 4666 Tiburtinis3
1267 4588 1343 4650 item
1360 4585 1503 4650 casalem
1519 4588 1571 4671 qui
1589 4586 1709 4651 dicitur
1724 4587 1853 4651 Romani

220 4686 351 4749 maioris
373 4685 405 4747 in
429 4685 589 4767 integrum
611 4694 643 4747 et
664 4684 786 4748 formas
810 4694 975 4749 terraneas
999 4697 1080 4767 tres,
1115 4687 1224 4751 casale
1248 4692 1302 4775 qui
1325 4688 1509 4775 appellatur
1530 4688 1699 4774 Apollonii
1729 4691 1763 4753 in
1785 4692 1890 4754 inte4⁰

219 4811 311 4873 grum
335 4798 432 4873 atque
456 4787 564 4852 casale
588 4791 692 4852 sancti
709 4788 872 4854 Uincentii
897 4812 971 4854 oum
994 4793 1153 4855 universis
1174 4792 1236 4856 sibi
1252 4816 1293 4856 ex
1309 4794 1434 4877 inte-gro
1451 4791 1689 4877 pcrtinentibus
1705 4803 1738 4858 et
1753 4792 1853 4857 casale

220 4894 273 4977 qui
288 4902 426 4956 vocatur
442 4895 544 4955 sancti
562 4892 684 4972 Quirini
706 4915 748 4956 ex
770 4902 838 4957 toto
863 4903 895 4957 et
918 4916 976 4978 per
998 4904 1111 4978 totum,
1136 4897 1220 4959 sicut
1243 4918 1300 4980 per
1323 4895 1564 4981 pontificalibus
1588 4897 1751 4982 preceptis
1774 4896 1853 4961 aliis·

220 5019 281 5082 que
310 4996 539 5060 moniminibns
571 4996 770 5061 declaratum
801 4997 932 5079 abctur,
968 5001 1108 5084 itemque
1139 4999 1345 5064 medictatem
1377 4999 1498 5065 casalis
1527 5002 1582 5086 qui
1613 5011 1753 5065 vocatur
1780 5000 1854 5085 Papi

219 5099 384 5163 monetula
406 5101 438 5162 in
461 5101 630 5183 integrum,
657 5102 741 5164 sicut
764 5101 908 5185 prefatus
933 5100 1066 5168 Caloleo
1089 5125 1148 5188 pro
1172 5126 1231 5167 sua
1253 5106 1364 5168 anima
1386 5103 1548 5189 delegavit
1570 5127 1610 5169 ae
1634 5104 1805 5191 dereliquit
1825 5106 1854 5168 in

221 5202 350 5268 eidem⁸
373 5226 466 5269 sacro
490 5207 698 5286 monasterio,
723 5204 870 5269 similiter
892 5205 1076 5271 clausuram
1099 5230 1196 5271 unam
1221 5208 1261 5272 de
1276 5211 1371 5272 vinca
1394 5211 1428 5273 in
1450 5231 1514 5295 qua
1536 5220 1586 5274 est
1601 5209 1742 5295 ecclesia
1758 5210 1893 5275 sancta

219 5307 403 5374 Sebastiani
427 5319 459 5373 et
482 5331 563 5394 quas
587 5308 696 5394 aliquo
720 5309 817 5373 modo
840 5309 938 5374 abere
961 5309 1090 5375 videtur
1111 5311 1144 5374 in
1167 5321 1236 5376 toto
1260 5311 1430 5377 Tiburtino
1458 5313 1636 5396 territori03
1671 5315 1757 5379 intra
1785 5314 1854 5377 civi·

304 5480 361 5534 lto.
389 5482 417 5547 n)
436 5481 587 5533 retaxatid
691 5485 717 5545 o)
736 5486 909 5533 comnmnitcr
927 5483 950 5533 A
1053 5488 1080 5550 p)
1099 5482 1234 5535 modusd
1337 5483 1364 5551 q)
1382 5487 1509 5551 uocisque
1532 5483 1563 5548 A,
1586 5485 1636 5536 das
1658 5488 1709 5537 wir
1731 5484 1816 5536 dieder
1830 5486 1855 5532 tn

389 5552 484 5601 diesem
502 5552 735 5619 Zusummeulmupe
753 5552 817 5602 noch
834 5552 905 5602 uiolet
922 5552 1112 5603 aroclzuweisea
1128 5552 1286 5603 oermocbtsa
1383 5558 1405 5616 r)
1424 5558 1486 5605 item
1503 5555 1527 5604 A
1625 5555 1648 5620 s)
1668 5557 1739 5605 idem
1757 5556 1818 5620 ipsis
1834 5550 1855 5602 A

390 5626 410 5677 t)
429 5624 616 5672 Snuineusisd
717 5623 744 5687 u)
763 5622 843 5672 leerer
860 5622 944 5673 Ratun
956 5621 1006 5684 fiir
1024 5629 1087 5672 etroa
1104 5622 1186 5685 ποδὶ]
1197 5621 1373 5684 Bncbataben,
1392 5622 1490 5689 judoch
1507 5640 1550 5673 am
1567 5623 1643 5674 Eudo
1659 5624 1708 5675 dar
1725 5624 1807 5684 Zeila,
1830 5636 1854 5670 oo

391 5690 453 5740 daea
464 5691 568 5754 Arnjoll
579 5708 628 5743 oon
644 5691 744 5741 Worten
755 5691 874 5757 fraqast
892 5694 925 5742 ist
1011 5704 1037 5753 u)
1058 5692 1080 5742 A
1166 5693 1201 5753 w)
1219 5691 1406 5743 Marticannd
1491 5696 1517 5756 x)
1536 5694 1680 5761 regibusd
1764 5694 1791 5758 y)
1807 5707 1853 5741 mo·
1868 5681 1894 5733 5⁰

388 5762 530 5811 uastarium
550 5761 571 5811 A
675 5762 698 5825 z)
716 5760 837 5812 illocoA
936 5762 962 5823 a)
981 5760 1004 5810 A
1106 5763 1135 5823 b)
1154 5762 1335 5813 concambiavi
1354 5759 1385 5813 Δ.
