4500 6420
956 477 1080 580 οΤΤο
1102 478 1127 534 Ι.
1150 473 1222 533 965.
1847 467 1911 532 419

267 672 376 723 donatio
399 673 470 722 omni
491 677 609 737 tempora
632 671 707 722 firma
729 672 884 737 stabilisque
906 677 1066 737 permaneat,
1089 672 1214 722 iussimus
1236 655 1311 721 inde
1329 655 1393 721 1100
1412 677 1545 741 presens
1567 667 1758 743 preceptum
1779 673 1912 724 conscribi

267 761 420 847 anulique
442 762 544 825 nostri
567 761 769 844 inpressione
792 775 903 841 sigillari
925 769 1090 841 manuquem
1113 777 1220 841 propria
1242 775 1337 826 subtus
1359 774 1529 827 firmavimus.

370 896 505 982 Signum
528 896 639 963 domni
663 896 793 963 Ottonis
819 899 911 980 (M.)¹¹
933 898 1043 982 magni
1066 906 1099 962 ct
1119 899 1324 965 invictissimi
1348 899 1552 982 imperatoris
1576 899 1718 984 augusti.

369 1001 567 1066 Liudolfus⁰
590 1001 806 1066 cancellarius
830 1000 978 1067 advicem
1001 1001 1164 1066 Brunonis
1187 1000 1442 1086 archicapellani
1467 1003 1654 1086 recognovi.

232 1154 248 1202 o
368 1138 458 1202 Data
474 1157 504 1201 v.
524 1139 591 1203 kal.
616 1141 745 1222 augusti
768 1161 854 1204 anno
878 1139 1039 1203 dominice
1061 1139 1294 1204 incarnationis
1317 1153 1510 1222 nccccnxv,
1533 1137 1711 1203 indictione
1726 1156 1801 1221 vm,
1824 1161 1910 1204 anno

265 1244 356 1327 regni
380 1242 511 1309 Ottonis
533 1261 617 1325 m,
640 1245 768 1330 imperii
791 1252 900 1309 autem
922 1259 992 1325 11113
1025 1252 1135 1308 actum
1157 1240 1412 1324 Uualahusonl’3
1435 1242 1469 1305 in
1492 1241 1623 1307 domino
1647 1242 1784 1308 feliciter
1804 1265 1910 1308 amen.

1045 1499 1132 1575 301.

275 1655 355 1733 Otto
373 1655 512 1731 sebeolet
530 1655 600 1728 dere
618 1652 1437 1753 Βο0000<1οΜ0000100000001109000009
1463 1653 1627 1728 Brietelee
1652 1653 1733 1728 aad
1756 1654 1913 1729 mebrere

267 1777 401 1851 andere
428 1775 654 1878 Ortsebofteo
680 1777 730 1848 ior
756 1773 841 1851 Gau
866 1775 1076 1848 Moriziooi.
1657 1827 1700 1838 -
1742 1828 1785 1839 -
1827 1828 1870 1839 ..

216 1997 248 2045 10
368 1984 587 2058 Mopdebrroer
602 1981 780 2058 Oopiodueb
802 1983 852 2042 des
875 1985 925 2043 15.
943 1982 996 2043 Jt.
1020 1981 1045 2054 f.
1068 1985 1114 2043 22
1134 1983 1177 2041 im
1198 1981 1225 2041 le.
1246 1980 1449 2043 00000000οἰ0
1469 2000 1510 2042 eu
1532 1983 1719 2059 1109000ον9
1743 1982 1808 2064 (D).

369 2120 552 2195 Sopittarius
567 2120 638 2180 Art.
656 2120 848 2194 11100000ον0.
874 2119 917 2178 ed.
939 2126 969 2190 Ι,
993 2121 1056 2179 100
1079 2119 1151 2192 neq.
1175 2136 1232 2179 ors
1250 2118 1319 2180 MS.
1344 2120 1394 2179 des
1413 2119 1559 2181 Olearios.
1582 2154 1624 2164 -
1647 2122 1833 2181 Heiremorm
1849 2119 1912 2183 OD.

367 2224 487 2284 Anltelt.
513 2228 541 2295 1,
566 2229 608 2285 30
630 2230 663 2282 00
684 2228 725 2284 39
748 2240 805 2282 0οε
827 2222 858 2281 D
876 2239 917 2280 eu
940 2223 1014 2282 965.
1037 2254 1079 2264 -
1102 2220 1231 2295 Steropf
1248 2223 1321 2297 Rea.
1346 2224 1409 2283 305
1432 2241 1473 2281 rer
1495 2225 1568 2284 965.

369 2360 419 2419 Αο
446 2361 542 2420 dieser
569 2359 657 2420 Stelte
684 2361 778 2418 teter
807 2362 862 2417 wir
889 2359 953 2418 drei
979 2359 1245 2433 1111000000,
1280 2359 1368 2419 deso
1390 2360 1619 2434 ebronolopiseire
1641 2360 1806 2420 Merbmole
1827 2363 1913 2421 eirea

368 2465 499 2524 sisteret
520 2465 637 2523 Anasta
657 2464 738 2523 0010
759 2462 905 2522 retorsere.
950 2463 990 2520 Dr
1011 2462 1089 2521 silere
1111 2462 1176 2522 dre-i
1197 2462 1305 2522 Fdilen
1327 2463 1397 2522 sirei
1419 2463 1551 2534 offertor
1572 2463 1775 2538 Hoodlurperr
1800 2463 1866 2525 Otto
1886 2474 1910 2525 1.

370 2570 427 2625 ersi
449 2569 483 2626 irr
504 2571 635 2640 sptterer
659 2566 724 2625 Zeit
747 2566 926 2625 beurtuodet
949 2566 1075 2626 worden.
1120 2566 1165 2625 Ist
1188 2567 1237 2625 eirr
1258 2565 1368 2626 solerer
1387 2568 1521 2641 Voroarq
1543 2569 1696 2628 insterlalb
1718 2569 1771 2628 der
1789 2569 1913 2644 Gruppe

369 2671 421 2730 der
442 2671 661 2746 Mapdeburqer
680 2671 841 2733 orrenda
864 2689 905 2730 00
926 2671 991 2730 ord
1018 2670 1074 2743 fer
1101 2671 1163 2730 siclt
1190 2672 1271 2730 nieht
1298 2671 1533 2745 000000001ἰο0,
1567 2689 1599 2732 so
1621 2677 1721 2732 0000
1748 2675 1825 2732 suet
1850 2675 1914 2734 tier

368 2774 526 2833 Bedeoteeo
545 2791 636 2849 cepere
657 2775 705 2833 die
720 2775 855 2834 Eeirtireit
877 2793 930 2832 00
952 2791 983 2834 so
1006 2776 1133 2848 wmiqer
1154 2774 1338 2848 mpebroeht,
1362 2773 1408 2833 ola
1429 2775 1492 2834 siet
1514 2773 1570 2846 frte
1584 2774 1670 2849 jedes
1687 2776 1739 2834 der
1757 2776 1821 2836 drei
1835 2778 1913 2837 Prd-

368 2881 447 2950 cepte
469 2877 621 2938 Seireiber
642 2878 706 2936 uod
728 2877 866 2936 Dictator
887 2876 1049 2949 feststellen
1071 2879 1177 2937 tossen.
1201 2910 1243 2920 -
1264 2877 1330 2937 Dos
1355 2877 1554 2952 Toeesdatem
1575 2895 1631 2938 000
1658 2877 1726 2939 DO.
1751 2883 1829 2952 304,
1861 2880 1914 2940 der

369 2979 529 3054 alterii-irps
550 2982 630 3039 oielrt
653 2982 824 3054 aetiopirte
846 2998 939 3040 annus
962 2999 985 3040 r.
1010 2995 1092 3051 xxv,
1128 2981 1177 3039 die
1198 2980 1425 3054 urspre‘troliebe
1446 2981 1597 3040 Indieiion
1618 2995 1673 3043 nn
1696 2982 1760 3041 000
1782 2983 1835 3042 der
1859 2982 1913 3044 Ort

374 3083 564 3148 Woiiberesen
586 3083 683 3143 tossen
704 3084 874 3155 seidiesserr,
909 3083 978 3144 dass
1000 3083 1049 3143 die
1071 3083 1244 3155 betreffertde
1265 3084 1430 3159 Haadlunq
1451 3087 1485 3144 irs
1512 3085 1568 3145 deo
1595 3085 1688 3144 deret
1715 3084 1813 3147 DDO.
1836 3090 1911 3149 222,

366 3188 430 3245 223
453 3187 609 3258 000000
631 3184 809 3256 Aeefeatbolt
831 3185 901 3257 felii
922 3185 987 3245 000
1009 3185 1124 3246 domolo
1146 3185 1290 3260 00010000
1312 3185 1534 3260 00οῘ0000000
1556 3186 1674 3247 worden
1699 3189 1747 3247 ist.
1793 3187 1843 3246 Αο
1865 3188 1914 3248 die

367 3306 399 3348 so
422 3289 610 3348 0010000000
631 3289 753 3363 Vorlope
775 3290 845 3349 irielt
866 3291 928 3349 siet
949 3290 1016 3361 DL,
1048 3289 1093 3351 als
1116 3307 1145 3349 es
1168 3292 1232 3348 eioe
1255 3288 1408 3361 fortaliciis
1431 3290 1573 3351 Urtrotde
1594 3289 1820 3365 oosersertioerr
1839 3291 1912 3365 solt,

367 3410 428 3451 0ον
449 3395 482 3450 ire
504 3392 561 3451 deo
582 3395 647 3452 reio
667 3393 832 3452 soebiieirerr
853 3392 1005 3466 deputer,
1034 3391 1175 3451 0010000
1197 3408 1228 3451 er
1250 3392 1305 3451 das
1327 3392 1476 3453 Protoleotl
1498 3393 1551 3451 der
1572 3393 1742 3452 Kaisareeit
1763 3397 1911 3466 crepacore,

368 3496 434 3555 dem
462 3498 669 3571 entspreeireod
693 3497 759 3557 orto
778 3506 819 3557 ΙΙ.
843 3498 888 3557 olo
910 3498 1010 3571 Ko'rrip
1033 3498 1218 3569 bereieiroete,
1252 3497 1300 3556 die
1322 3494 1476 3567 febleodea
1500 3495 1724 3555 Zeitmertraole
1747 3497 1817 3554 aber
1838 3496 1912 3555 wilt·

369 3600 485 3660 1001ἰο0
506 3602 652 3660 mosano.

471 3801 510 3865 ln
533 3801 663 3867 nomine
687 3811 800 3867 sancte
823 3810 855 3866 et
877 3800 1043 3866 individue
1065 3800 1230 3866 trinitatis.
1269 3800 1349 3867 Otto
1372 3802 1484 3868 divina
1506 3802 1638 3868 favente
1656 3803 1835 3870 clemencia
1856 3805 1912 3871 im·

266 3915 398 3991 perator
414 3915 583 3988 augustus.
677 3906 712 3971 Si
729 3906 919 3971 sanctis-dei
943 3928 982 3971 00
997 3904 1239 3971 venerabilibus
1262 3905 1356 3988 loeis,
1378 3906 1526 3971 ecclesiis
1550 3928 1678 3993 quoque
1700 3909 1733 3972 in
1755 3907 1913 3974 honorem

266 4008 389 4073 domini
418 4011 613 4074 constructis
643 4021 675 4075 et
704 4011 904 4075 consecratis
933 4009 973 4074 de
1001 4018 1114 4074 nostra
1141 4009 1233 4093 regia
1260 4009 1313 4074 vel
1343 4009 1502 4095 imperiali
1532 4011 1760 4076 munificencia
1789 4012 1914 4099 aliquid

266 4123 376 4178 nostre
406 4116 614 4200 proprietatis
643 4115 985 4196 accomodaverimus,
1019 4114 1054 4178 id
1076 4113 1171 4178 nobis
1195 4113 1309 4199 procul
1333 4112 1431 4177 dubio
1455 4112 1498 4178 ad
1520 4115 1682 4198 presentis
1705 4117 1785 4196 vite,
1820 4116 1913 4199 regni

214 4229 248 4277 30
267 4239 395 4304 quoque
423 4221 525 4282 nostri
549 4217 600 4282 vel
629 4219 754 4303 imperii
785 4227 906 4283 statum
935 4227 1109 4302 eternaque
1136 4216 1363 4282 retribucionis
1392 4215 1644 4282 emolumentum
1674 4218 1913 4303 capessendum

265 4320 421 4407 prodesse
451 4320 655 4385 confidimus.
702 4321 911 4406 Quapropter
939 4322 1082 4386 omnium
1110 4319 1254 4385 fidelium
1282 4330 1466 4384 nostrorum
1496 4329 1562 4385 tam
1587 4323 1791 4405 presencium
1813 4344 1913 4407 quam

265 4434 297 4488 et
319 4425 576 4509 postfuturorum
596 4426 724 4490 noverit
746 4426 951 4507 universitas,
976 4423 1115 4510 qualiter
1137 4446 1198 4488 nos
1223 4423 1265 4489 ob
1282 4445 1426 4489 amorem
1442 4422 1494 4488 dei
1515 4445 1554 4488 ac
1571 4445 1630 4507 pro
1646 4424 1788 4489 remedio
1806 4426 1912 4491 anime

264 4536 375 4591 nostro
403 4527 584 4611 dilectoque
613 4529 761 4610 coniugis
790 4537 900 4591 nostre
931 4526 1113 4592 Adalheide
1142 4548 1202 4592 nec
1232 4549 1298 4592 non
1325 4549 1383 4613 pro
1408 4550 1465 4612 spe
1488 4536 1521 4592 et
1542 4528 1767 4594 incolomitate
1789 4530 1857 4594 cari
1881 4539 1914 4594 et

265 4631 479 4695 amantissimi
503 4632 607 4695 nostri
629 4630 687 4694 filii
711 4639 743 4695 et
766 4632 915 4715 equivoci
940 4630 1070 4695 Ottonis
1094 4629 1320 4714 gloriosissimi
1341 4632 1445 4715 regis,
1478 4631 1611 4715 insuper
1634 4641 1666 4695 et
1688 4632 1731 4696 cb
1754 4633 1913 4698 interven·

215 4750 247 4797 ³5
266 4743 334 4798 tum
364 4734 490 4819 prefate
520 4755 595 4798 carc
624 4735 772 4817 coniugis
802 4742 911 4798 nostre
934 4732 1116 4799 Adelheide
1144 4743 1242 4818 atque
1271 4734 1373 4798 nostri
1400 4731 1507 4797 fidelis
1529 4731 1586 4796 filii
1610 4731 1777 4797 Wilhelmi
1800 4743 1912 4799 sancte

265 4839 456 4921 Maguntine
479 4838 566 4903 sedis
589 4838 785 4903 venerabilis
809 4837 1048 4922 archicpiscopi
1071 4858 1110 4901 sc
1134 4835 1275 4901 Geronis
1299 4835 1495 4900 marchionis
1523 4835 1683 4919 quasdam
1705 4844 1816 4901 nostre
1839 4857 1912 4921 pro·

266 4942 413 5027 prietatis
431 4939 527 5004 villas
545 4939 698 5021 Promisi,
722 4940 843 5028 Moseri
855 4950 877 5021 ²⁸,
901 4938 1088 5005 Nedialesci
1102 4937 1125 5021 l,
1147 4939 1283 5003 Puoiani
1306 4939 1503 5020 nominatas,
1526 4937 1612 5003 ultra
1627 4936 1760 5003 Albiam
1777 4938 1912 5006 fluvium

266 5045 407 5128 inpage
432 5043 604 5107 llloriziani
635 5043 722 5107 dicto
752 5054 784 5106 et
815 5046 847 5106 in
877 5043 1035 5108 comitatu
1065 5041 1203 5127 predicti
1233 5041 1373 5107 Geronis
1407 5042 1561 5108 videlicet
1587 5041 1785 5107 marchionis
1820 5044 1910 5128 sitas,

266 5169 340 5211 oum
364 5145 513 5212 omnibus
536 5168 647 5210 earum
670 5146 885 5231 appendiciis,
908 5144 970 5209 hoc
993 5154 1042 5209 est
1065 5147 1149 5210 areis
1172 5145 1308 5211 edificiis
1331 5147 1503 5231 mancipiis
1522 5147 1690 5229 utriusque
1707 5167 1805 5210 sexus
1822 5148 1910 5231 agris

214 5269 248 5317 to
267 5252 361 5315 torris
384 5249 480 5314 cultis
504 5259 536 5314 et
557 5248 687 5314 incultis
711 5250 804 5335 aquis
828 5271 1027 5335 aquarumve
1050 5249 1241 5314 decursibus
1264 5250 1503 5335 piseationibus
1522 5247 1716 5314 molendinis
1735 5247 1911 5315 mobilibus

265 5363 297 5417 et
324 5349 535 5417 inmobilibus
564 5350 653 5415 silvis
676 5351 905 5417 venationibus
928 5353 990 5416 viis
1013 5360 1046 5416 et
1068 5352 1164 5417 inviis
1188 5351 1331 5416 exitibus
1354 5361 1386 5417 et
1408 5352 1565 5417 reditibus
1592 5352 1728 5437 quesitis
1753 5360 1785 5415 et
1806 5352 1910 5439 inqui-

264 5456 374 5522 rendis
404 5458 594 5542 cunctisque
623 5455 696 5520 aliis
725 5454 823 5521 rebus
852 5479 915 5543 que
944 5457 988 5522 ad
1016 5456 1076 5521 hec
1107 5455 1304 5543 aliquatinus
1334 5457 1399 5522 dici
1429 5459 1589 5523 nominari
1618 5456 1671 5521 vel
1701 5456 1910 5523 accomodari

349 5643 407 5699 303.
435 5647 471 5707 m)
490 5661 570 5697 manu
589 5645 641 5697 DL
718 5648 746 5708 n)
764 5644 924 5710 00100
942 5646 971 5698 D
1048 5647 1075 5709 0)
1093 5646 1261 5713 Lludolpbus
1279 5646 1315 5710 D,
1332 5646 1474 5696 Liudulfus
1492 5645 1516 5697 L
1589 5647 1616 5713 p)
1635 5645 1666 5710 L,
1685 5645 1851 5698 Walahusen
1870 5646 1906 5699 D.

350 5747 409 5803 301.
439 5748 533 5817 [Folia]
621 5750 648 5816 a)
666 5766 732 5801 corr.
752 5766 800 5800 aue
817 5752 920 5802 Mozeci
1004 5751 1033 5816 b)
1048 5750 1196 5801 Nedialesti
1214 5748 1248 5800 D.

1644 5853 1704 5919 53*
