4298 6414
221 466 286 533 470
816 475 1265 536 KAISERURKUNDEN.

326 664 420 737 cinips
441 663 686 733 Emcrtdettoacn,
716 664 770 721 tric
791 680 818 723 r.
835 661 873 721 B.
896 662 930 759 irs
952 660 1004 719 der
1024 660 1224 735 Recoenition,
1253 660 1429 734 madrectt
1451 661 1555 720 habea
1593 660 1648 719 Ich
1669 661 1726 737 lere
1745 663 1837 726 deleth

323 763 407 826 Ore
425 766 548 839 Grande
570 766 634 825 mut
655 766 819 824 serretellae
840 783 902 823 ner
923 764 970 823 die
993 764 1046 823 der
1067 763 1240 837 Bceclrtanp
1262 765 1390 823 merthen
1409 764 1574 824 Vononen
1594 781 1653 824 corr
1676 766 1709 825 Z.

427 968 465 1032 In
488 969 618 1033 nomine
642 977 754 1033 sancte
773 977 805 1032 et
822 966 988 1034 individue
1011 967 1174 1031 trinitatis.
1220 964 1297 1031 Otto
1321 966 1433 1031 divina
1455 965 1586 1033 favente
1608 966 1778 1033 clemencia
1794 973 1862 1036 im-

222 1080 353 1157 perator
371 1080 536 1154 augustus.
624 1069 659 1135 Si
678 1070 823 1135 fidelium
840 1079 1027 1135 nostrorum
1045 1047 1263 1155 peticionibus
1282 1092 1377 1135 aures
1399 1071 1583 1135 serenitatis
1601 1082 1711 1136 nostre
1731 1072 1855 1138 inclim-

220 1177 377 1256 verimus,
402 1174 591 1239 devociores
615 1197 671 1239 eos
695 1174 737 1238 ad
759 1174 952 1238 famulatum
975 1184 1123 1238 nostrum
1144 1195 1211 1237 non
1233 1182 1284 1238 est
1305 1196 1365 1238 nos
1388 1172 1518 1239 efficere
1541 1174 1740 1258 ambiguum.
1771 1176 1886 1257 Qua*

221 1288 354 1364 propter
375 1279 501 1344 noverit
525 1281 667 1357 omnium
692 1288 803 1344 sancte
828 1278 879 1344 dei
902 1278 1039 1344 ecclesie
1061 1278 1205 1343 fidelium
1222 1286 1497 1363 nostrorumque·
1519 1280 1724 1363 presencium
1741 1279 1905 1346 scilice&

221 1404 260 1446 ac
282 1382 463 1446 futurorum
486 1384 691 1465 universitas,
715 1381 853 1467 qualiter
875 1383 1056 1446 interventu
1074 1390 1107 1444 et
1125 1380 1276 1446 consultu
1291 1378 1499 1446 Adalheideb
1520 1390 1634 1445 nostre
1657 1379 1905 1449 dilectissimffl

221 1487 368 1569 coniugis
392 1495 423 1549 et
446 1487 572 1572 imperii
594 1486 697 1550 nostri
720 1486 890 1567 consortis,
915 1494 1011 1569 prout
1032 1486 1116 1549 iuste
1138 1494 1171 1549 et
1192 1483 1341 1568 legaliter
1362 1505 1547 1568 possumus,
1581 1482 1760 1569 largimnr⁶
1784 1485 1843 1551 Vic-
1897 1506 1905 1513 ·

220 1590 283 1653 tori
306 1587 393 1652 fideli
417 1598 528 1652 nostro
552 1598 585 1652 et
608 1596 721 1652 sancte
744 1586 908 1652 Curicnsis
933 1587 1070 1652 ecclesie
1091 1586 1361 1672 archipresbitero
1390 1608 1450 1672 pro
1480 1588 1630 1653 inmensa
1658 1587 1804 1653 fidelitate
1820 1600 1845 1653 et

221 1692 359 1755 servicio
383 1689 471 1775 quod
494 1712 621 1775 sempor
643 1692 732 1754 circa
753 1713 813 1755 nos
837 1691 968 1756 exibere
991 1713 1054 1755 non
1079 1690 1216 1772 desistit,
1241 1690 1406 1776 quandam
1423 1699 1627 1778 terramque
1646 1690 1846 1757 diciturmor

220 1803 350 1857 tuorum
372 1803 404 1857 et
427 1795 495 1856 sine
518 1791 701 1874 heredibus,
726 1802 861 1858 actenus
883 1795 973 1875 regni
996 1793 1099 1857 nostri
1123 1793 1336 1877 pertinentem
1359 1801 1392 1856 et
1413 1795 1640 1859 coniacentem
1659 1795 1692 1857 in
1710 1795 1849 1859 comitatu

220 1895 342 1962 Reciod
370 1900 403 1961 in
431 1897 571 1962 vallibus
594 1898 739 1962 Uenuste
769 1908 801 1962 et
829 1897 987 1981 Ignadine
1017 1907 1049 1962 et
1077 1897 1117 1961 dc
1146 1906 1256 1961 nostro
1286 1897 1354 1960 iure
1383 1904 1415 1959 et
1444 1894 1589 1961 dominio
1612 1898 1647 1962 in
1670 1897 1740 1961 eius
1761 1898 1850 1962 iuset

221 2000 400 2064 dominium
422 1999 677 2064 transfundimus
701 2009 798 2085 atque
822 2000 1019 2085 delegamus,
1043 2024 1108 2065 una
1130 2023 1205 2065 curn
1227 2001 1323 2065 terris
1347 2002 1470 2086 campis
1488 2003 1594 2066 vineis
1611 2003 1716 2088 pratis
1734 2004 1851 2087 pascuis

220 2102 310 2165 silvis
334 2103 426 2186 aquis
451 2124 672 2188 aquarumque
696 2100 886 2167 decursibus
910 2104 1147 2187 piscationibus
1171 2103 1301 2169 salectis
1324 2102 1519 2168 molendinis
1542 2105 1710 2171 montibus
1725 2104 1853 2171 vallibus

219 2205 422 2291 planiciebus
445 2205 541 2270 cultis
565 2218 597 2270 et
618 2206 748 2270 incultis
772 2205 948 2270 mobilibus
971 2216 1004 2270 et
1026 2204 1235 2270 inmobilibus
1259 2228 1333 2269 cum
1358 2205 1507 2271 omnibus
1526 2228 1642 2273 eorum
1657 2209 1853 2293 pertinenciis
1868 2214 1905 2265 ¹·?

220 2309 390 2394 adquisitis
413 2317 446 2372 ot
468 2309 694 2403 adquirendjs‚
728 2317 764 2373 ut
786 2308 907 2372 habeat
929 2319 1038 2373 teneat
1063 2309 1199 2375 firmiter
1226 2311 1260 2372 in
1288 2316 1569 2395 perpetuumqne⁰
1597 2309 1768 2395 possideat
1794 2314 1854 2397 ipse

220 2414 332 2496 suique
355 2411 488 2476 heredes
511 2411 717 2497 habeantque
741 2423 934 2497 potestatem
957 2412 1088 2478 tenendi
1112 2411 1254 2476 donandi
1277 2411 1439 2476 vendendi
1459 2412 1682 2479 commutandi
1700 2412 1855 2480 alienandi

221 2538 276 2579 seu
296 2537 353 2599 pro
371 2516 479 2579 anima
496 2515 662 2580 iudicandi
685 2525 718 2579 et
740 2515 889 2601 quitquid
912 2539 1022 2581 eorum
1046 2513 1247 2581 decreveritf
1268 2517 1395 2579 animus
1418 2515 1572 2598 faciendi,
1596 2518 1742 2582 omnium
1763 2517 1855 2583 homi·

219 2626 322 2680 num8
344 2616 601 2681 contradictione
623 2630 757 2683 remota.
796 2618 830 2683 Si
855 2621 926 2703 quis
949 2627 1058 2683 autern
1081 2619 1175 2683 huius
1197 2619 1299 2682 nostri
1322 2618 1468 2703 precepti
1490 2617 1686 2684 donacionis
1709 2642 1768 2685 seu
1789 2643 1856 2685 con-

219 2721 377 2784 cessionis
404 2720 554 2803 frangere
584 2722 791 2809 temptaverit
818 2732 914 2806 atque
936 2721 1060 2785 violare
1088 2721 1206 2786 inferre
1235 2724 1468 2806 presumpserit
1479 2718 1503 2804 l,
1539 2725 1624 2788 sciat
1647 2746 1683 2788 se
1704 2728 1856 2810 composi·
1871 2740 1905 2787 aa

219 2834 326 2887 turum
348 2824 418 2888 auri
443 2824 555 2908 optimi
578 2822 679 2888 libras
703 2825 890 2907 sexaginta,
925 2823 1131 2888 medictatem
1160 2825 1293 2888 kamere
1320 2833 1430 2888 nostre
1453 2834 1485 2889 et
1506 2825 1716 2892 medietatem
1738 2829 1855 2913 prefato

218 2926 344 2991 Victori
373 2925 646 3011 archipresbitero
675 2927 805 3011 suisque
833 2925 1016 2991 heredibus.
1063 2925 1160 3008 Quod
1183 2937 1218 2992 ut
1239 2929 1347 2991 verius
1370 2927 1523 2993 credatur
1544 2940 1577 2993 et
1602 2929 1728 2995 firmius
1757 2930 1855 2996 obser

219 3038 320 3111 vetur,
344 3051 443 3092 manu
465 3031 598 3113 propria
621 3029 731 3094 subter
753 3029 919 3095 firmantes
943 3039 975 3093 et
997 3029 1095 3094 anulo
1119 3040 1230 3095 nostro
1254 3032 1287 3095 in
1310 3029 1401 3094 calce
1422 3032 1577 3097 iussimus
1600 3032 1748 3117 sigillari.

321 3163 457 3248 Signum
480 3164 591 3230 domni
616 3165 746 3232 Ottonis
771 3169 836 3248 (M.)
858 3168 1054 3233 serenissimi
1077 3168 1292 3251 imperatoris.

321 3266 516 3332 Ambrosius
538 3269 751 3334 cancellarius
774 3270 922 3334 advicem
945 3267 1103 3334 Hubertii
1133 3272 1279 3355 episcopi
1308 3281 1340 3337 et
1366 3273 1647 3339 archicancellarii
1676 3277 1850 3358 recognovi.
1865 3278 1905 3324 ²³

321 3405 409 3470 Data
424 3424 498 3470 v111.
517 3407 561 3473 id.
584 3407 640 3472 iul.
663 3430 748 3472 anno
774 3408 934 3473 dominice
957 3409 1198 3474 incarnacionis
1221 3410 1480 3496 nccccnxvl11¹‚
1502 3414 1632 3499 imperii
1654 3436 1731 3478 vero
1755 3414 1849 3479 domni

219 3508 350 3572 Ottonis
379 3511 516 3594 piissimi
546 3513 668 3575 cesaris
690 3530 743 3595 vr,
777 3512 954 3577 indictione
983 3531 1022 3595 x3
1057 3522 1166 3578 actum
1197 3516 1231 3578 in
1260 3516 1417 3581 comitatu
1446 3516 1598 3582 Lucense
1629 3519 1665 3581 in
1693 3516 1770 3582 villa
1798 3538 1849 3602 que

218 3622 356 3676 vocatur
377 3613 510 3695 Marila3
533 3616 565 3678 in
590 3615 640 3679 dei
663 3617 794 3680 nomine
816 3617 953 3682 feliciter
975 3640 1079 3682 amon.

997 3856 1083 3930 ass.
1854 3918 1905 3951 ,,

228 4006 308 4084 Ouo
336 4006 472 4105 beficlrlt
497 4010 561 4083 der·
587 4011 764 4083 Acbtissiu
790 4012 992 4109 ⁴ldelberyn
1021 4012 1098 4085 tired
1123 4012 1193 4085 dea
1220 4012 1382 4086 Nonnea
1413 4013 1473 4086 cles
1501 4014 1790 4088 Mer·ie·rtlrlostcr·s
1820 4015 1848 4086 in

218 4130 435 4224 rlpiuions'ci
467 4132 537 4204 siclt
572 4131 637 4203 cler·
672 4131 827 4228 Leituuq
861 4131 920 4203 des
953 4132 1059 4205 Abtes
1090 4158 1162 4205 vora
1195 4129 1233 4207 S.
1264 4133 1437 4207 Volcente
1473 4160 1533 4206 eru
1562 4133 1735 4207 Volturno
1770 4133 1852 4207 nicht

218 4251 337 4322 circiter·
362 4276 407 4322 zu
432 4250 668 4325 uridcrsetzce.
1607 4306 1650 4317 ..
1693 4307 1736 4317 -
1778 4306 1817 4319 .-

322 4455 487 4517 Clrrenicon
509 4459 707 4528 Voltemcasc,
734 4455 829 4518 Ocalee
851 4460 1054 4532 amorraeus
1077 4477 1134 4519 aas
1157 4461 1223 4519 dem
1245 4461 1370 4536 Ausone
1392 4463 1442 4522 des
1465 4465 1515 4523 12.
1534 4463 1586 4521 Jlt.
1613 4461 1638 4534 f.
1661 4461 1733 4524 194'
1757 4466 1789 4521 in
1809 4464 1876 4522 der

321 4563 488 4621 Bibliotlrct·
509 4563 670 4623 Berbcrr'ni
692 4563 832 4621 stillent
856 4560 919 4640 (A).

321 4702 476 4761 inemori·
499 4701 551 4762 SS.
576 4696 619 4772 1⁶,
643 4704 707 4762 442
728 4718 785 4759 uus
808 4700 844 4757 Α.
868 4734 910 4742 -
934 4698 1063 4774 &urruns
1080 4703 1152 4775 ch.
1177 4704 1263 4762 447⁰.

321 4841 358 4898 Iu
382 4842 430 4898 cin
451 4840 603 4897 Placitum
625 4839 675 4897 cles
698 4839 830 4896 Fr'trstcn
852 4837 994 4910 Perrdnlf
1010 4856 1075 4897 trouv
1096 4843 1148 4899 29.
1173 4839 1291 4912 horest
1314 4841 1377 4899 968
1404 4840 1526 4898 inscrt'rt
1554 4841 1619 4899 und
1640 4859 1703 4900 aar
1723 4858 1756 4900 so
1778 4843 1896 4900 ϋὸονκ

321 4942 429 5013 ltefcrt,
453 4944 492 5001 ist
515 4942 578 5001 dics
594 4941 723 5000 Mandat
746 4942 888 4999 crttrecder
910 4943 997 5000 echon
1018 4960 1082 5000 cons
1098 4941 1249 5002 Schrctber
1267 4944 1319 5001 der
1337 4942 1609 5005 Gertchtsurltuade
1631 4945 1704 5005 oder
1721 4963 1777 5004 aron
1798 4945 1898 5003 itero

304 5127 363 5181 tta.
391 5126 545 5196 [Ottenthal]
634 5132 661 5189 a)
679 5128 848 5192 fideliumque
866 5133 1014 5177 nostrorum
1031 5126 1056 5176 Ζ
1142 5130 1169 5189 b)
1189 5127 1352 5179 hdelheidae
1370 5128 1394 5179 Z
1483 5130 1508 5195 c)
1527 5138 1606 5197 prout
1677 5130 1804 5198 largimur
1822 5110 1905 5180 W

390 5199 415 5257 (l)
436 5199 547 5248 Rhetiao
571 5198 595 5248 Z
701 5202 725 5257 e)
744 5196 778 5256 Z,
805 5200 1048 5262 imperpetuumque
1069 5195 1092 5247 0
1195 5197 1216 5255 ἢ
1237 5201 1381 5249 accreverit
1401 5198 1445 5250 ΟΖ
1544 5202 1572 5266 g)
1592 5202 1710 5250 omniurn
1728 5200 1879 5250 hominen»

389 5268 417 5315 in
443 5267 467 5316 Z
490 5264 632 5330 entspricht
658 5265 705 5315 der
730 5263 954 5314 Ansdrnckeweiae
979 5264 1025 5314 des
1043 5265 1079 5317 It.
1100 5263 1126 5315 O.
1153 5264 1207 5315 aad
1232 5267 1263 5315 ist
1287 5266 1404 5318 abadia
1427 5269 1456 5317 in
1476 5266 1565 5317 Oeen
1583 5271 1701 5332 tpdscrer
1717 5266 1800 5318 Hand
1816 5282 1867 5316 αι-

390 5342 451 5385 stett
469 5335 514 5385 des
532 5333 747 5400 ursprn's'nqlicbea
766 5337 836 5383 omni
855 5334 1036 5399 inquietudine
1056 5340 1081 5383 et
1099 5335 1261 5399 ciaqetreqcn
1364 5336 1391 5401 h)
1408 5337 1487 5386 huius
1500 5340 1735 5402 -presumpserit
1747 5334 1796 5398 ΟΖ,
1812 5350 1874 5385 aar

391 5408 417 5453 irr
438 5404 460 5454 0
475 5404 575 5455 violare
593 5403 708 5453 arceinml
723 5410 822 5467 perdat,
846 5402 915 5452 herm
933 5401 999 5451 orech
1017 5405 1052 5451 im
1067 5401 1187 5467 Oriqinnl
1202 5404 1341 5465 pestmrden
1360 5404 1455 5467 holtem
1473 5404 1520 5454 der
1538 5403 1654 5469 efferebar
1665 5406 1789 5470 filtehts'pe
1800 5404 1858 5456 Dte

388 5481 456 5523 tutor
473 5474 540 5523 teir-d
557 5475 605 5523 wie
623 5476 651 5522 in
670 5471 730 5522 Do.
750 5474 804 5521 259
822 5474 867 5520 nsit
886 5472 963 5521 huius
976 5500 1009 5507 -
1022 5475 1200 5522 concessionis
1220 5472 1346 5537 bepoanen
1364 5473 1453 5535 heber,
1470 5473 1543 5523 dena
1561 5472 1622 5523 aber
1639 5476 1668 5523 in
1685 5474 1781 5525 andes
1798 5473 1858 5523 roa

388 5543 438 5591 vmel
455 5542 579 5604 versellan
596 5544 651 5591 sein
669 5540 808 5590 uudteird
826 5542 1018 5591 restauratae
1040 5540 1086 5590 dcc
1108 5543 1136 5589 in
1159 5540 1243 5590 dieser
1261 5541 1423 5606 Verbindanq
1446 5542 1564 5608 hliufiyen
1590 5544 1743 5594 violentiam
1768 5544 1858 5593 inferre

386 5610 549 5674 peschrr'ebcn
566 5610 649 5661 haben
666 5611 767 5659 violare
784 5610 880 5659 inferre
978 5610 996 5673 i)
1013 5610 1141 5659 liodberti
1159 5609 1186 5669 Z,
1209 5609 1276 5659 wohl
1294 5612 1336 5659 eia
1353 5611 1645 5663 Emessaiomemt
1748 5611 1775 5672 lr)
1794 5613 1822 5660 ia
1840 5600 1897 5659 C‘

388 5679 646 5814 {tzt'lltldlt‘l
659 5677 1052 5809 llll’l'ltll‘tl't'tt
1062 5690 1153 5810 ,llll
1167 5678 1428 5812 libili-‘iffa
1434 5679 1689 5801 qfflpan
1704 5696 1755 5732 ”⁰⁸
1771 5678 1856 5745 Μ
