4298 6414
219 121 284 185 204
814 125 1267 183 KAISERURKUNDEN.

218 314 312 375 ritate
335 311 543 395 precipimus,
566 318 602 373 ut
624 331 684 373 nec
706 309 796 393 regia
819 317 964 393 potestas
988 329 1049 372 nec
1071 306 1138 372 ulla
1161 307 1228 372 alia
1249 309 1401 394 apposita
1419 330 1562 394 persona
1576 308 1640 373 hoc
1655 320 1893 394 praeceptunL

219 414 367 498 frangere
396 422 454 478 aut
483 411 636 497 deinceps
667 410 808 498 aliquem
838 410 967 475 illorum
997 412 1030 473 in
1059 411 1255 475 beneficium
1283 421 1408 476 vertere
1437 420 1613 497 presumat.
1658 410 1702 475 Et
1723 420 1758 476 ut
1779 411 1903 477 haee>

220 517 473 581 confirmationis
496 523 651 579 nostrae⁸
681 516 857 579 auctoritas
880 511 1059 598 pleniorem
1082 514 1115 576 in
1138 511 1190 576 dci
1212 516 1343 579 nomine
1367 513 1512 579 obtineat
1534 514 1738 596 firmitatem,
1765 538 1887 581 manu„

220 632 330 687 nostra
353 620 463 685 subter
485 642 558 684 eam
579 620 780 684 firmavimus
803 627 835 682 et
857 616 945 682 anuli
968 619 1071 681 nostri
1095 619 1307 703 impressione
1329 618 1491 701 assignari
1514 618 1680 682 iussimus.

320 787 334 868 ᾗ
357 783 492 867 Signum
516 784 626 848 domni
650 781 780 847 Ottonis
803 781 892 863 (Ma.)
914 781 1111 845 serenissimi
1133 783 1229 866 regis.
1252 780 1266 863 1

322 907 336 988 1
357 903 447 968 Brun
466 902 679 968 cancellarius
698 903 847 967 advicem
862 901 1023 967 Friduriei
1045 901 1320 987 archicappellani
1343 904 1529 986 recognovi.
1551 900 1567 982 1
1590 899 1686 983 (SI.)b
1708 904 1776 981 (SR,
1789 903 1854 980 NN.)

319 1069 408 1132 Data
436 1085 499 1132 1111.
523 1067 589 1132 hul.
618 1070 724 1132 martii
755 1089 841 1131 anno
872 1068 1106 1131 incarnationis
1133 1065 1258 1130 domini
1281 1080 1429 1147 Deccct,
1463 1066 1642 1131 indictione
1666 1082 1746 1146 vm,
1778 1087 1853 1129 anno

219 1195 296 1236 vero
312 1175 402 1257 regni
420 1171 550 1236 Ottonis
565 1174 651 1255 regis
673 1189 768 1252 x11113
792 1181 902 1236 aetum
924 1171 1110 1235 Nemetensi
1134 1171 1281 1251 civitate3
1316 1171 1350 1233 in
1373 1167 1425 1233 dei
1447 1171 1579 1234 nomine
1602 1168 1740 1233 feliciter
1760 1189 1854 1235 amen.

1001 1460 1086 1534 122.

230 1634 309 1710 Otto
339 1634 415 1731 pibt
442 1632 512 1706 deu
541 1633 719 1707 Manates
748 1633 807 1706 des
835 1632 993 1706 Klosters
1021 1630 1060 1709 S.
1090 1633 1273 1709 Mummio
1302 1636 1357 1709 bei
1390 1635 1495 1709 Trier
1526 1636 1585 1709 die
1614 1636 1775 1711 Kirolteo
1801 1637 1857 1711 der
1872 1667 1924 1710 ε

220 1753 325 1826 Abtea’
346 1753 411 1825 mit
431 1752 544 1824 ibrem
567 1753 734 1824 Zubelto'r
754 1751 895 1827 sarraca.
1399 1794 1503 1867 Spei-07
1525 1797 1588 1855 950
1610 1796 1751 1855 pem
1771 1801 1820 1857 27·

324 1995 570 2069 Oripiauldiplom
592 1996 635 2052 im
658 1992 726 2053 eoo.
751 1993 801 2052 lot.
826 1995 910 2055 9265
934 1994 986 2052 der
1007 1995 1307 2056 Notionulbibliotltelt
1327 2015 1368 2056 au
1389 1997 1513 2077 Puris(
1540 1998 1561 2077 ).

322 2157 460 2215 Murteae
484 2155 552 2216 Gon.
577 2163 612 2226 1,
634 2161 696 2217 291
727 2174 783 2216 aus
806 2158 835 2215 B
858 2182 897 2210 ε
921 2158 1081 2216 Hontlteim
1108 2160 1187 2218 Hist.
1215 2162 1326 2220 Treuir.
1351 2166 1386 2234 1,
1409 2165 1473 2223 284
1495 2170 1530 2220 rs⁰
1552 2166 1625 2224 163.
1658 2197 1696 2207 -
1723 2164 1860 2224 Gudertus

325 2260 386 2318 CD.
410 2260 544 2333 Moyunt.
568 2264 598 2329 2,
622 2266 640 2320 1
665 2266 698 2319 n⁰
720 2266 737 2319 1
763 2279 819 2320 aas
842 2259 880 2320 A.
904 2295 946 2303 —
974 2261 1072 2336 Beyer
1092 2264 1285 2324 Mittelrbetn.
1307 2265 1369 2324 ΠΒ.
1396 2270 1425 2336 1,
1448 2269 1736 2328 253a0192aus
1758 2269 1796 2327 B.
1824 2301 1861 2312 -

320 2365 449 2423 Bo'bruer
470 2365 541 2435 Ray.
566 2369 637 2424 171.
662 2397 704 2406 -
727 2364 855 2437 Stumps
873 2366 945 2438 Rep.
970 2368 1043 2426 185.
1067 2401 1109 2411 —
1134 2367 1215 2427 Gora
1236 2369 1430 2430 Mutezrteiu.
1453 2370 1526 2443 aeq.
1549 2374 1622 2431 945.
1876 2382 1945 2429 15

326 2527 387 2586 Vos
409 2527 475 2586 BE.
498 2525 627 2598 aasosst
649 2528 713 2586 strui
732 2529 932 2602 passicratem
954 2529 1009 2602 opt.
1033 2528 1099 2588 DO.
1124 2534 1195 2590 179.

324 2750 383 2831 (0.)
406 2749 421 2831 1
441 2749 480 2812 In
502 2751 633 2813 nomine
656 2761 789 2815 sanctae
813 2760 844 2814 ot
867 2748 1052 2814 individuae
1075 2751 1239 2815 trinitatis.
1279 2750 1357 2817 Otto
1381 2753 1492 2818 divina
1514 2754 1672 2841 largiente
1696 2756 1862 2822 clementia

219 2876 288 2920 rex.
385 2853 522 2918 Noverit
552 2855 696 2919 omnium
726 2854 871 2918 fidelium
898 2864 1084 2918 nostrorum
1111 2855 1330 2938 praesentium
1360 2856 1485 2921 scilicet
1513 2867 1545 2922 et
1571 2855 1586 2936 1
1611 2860 1795 2925 futurorum
1821 2864 1863 2925 in·

220 2957 354 3040 dustria,
377 2956 465 3042 quod
486 2978 547 3022 nos
571 2957 729 3022 admoniti
753 2959 900 3043 inprimis
923 2956 975 3021 dei
999 2979 1109 3021 amore
1134 2957 1375 3041 omnipotentis,
1399 2959 1517 3024 deinde
1536 2984 1666 3048 quoque
1685 2964 1863 3029 interventu

219 3060 364 3125 fidelium
387 3071 582 3143 nostrorum,
605 3061 768 3125 Brunonis
791 3063 936 3145 germani
959 3062 1072 3143 nostri,
1096 3061 1242 3124 Heinrici
1265 3063 1364 3126 etiam
1387 3084 1490 3149 aeque
1512 3065 1615 3128 nostri
1638 3069 1787 3150 germani
1810 3067 1863 3131 sed
1877 3078 1905 3125 ‘to

220 3176 252 3231 et
275 3164 473 3231 Chuonradi'
487 3165 595 3248 ducis,
629 3165 829 3231 reddidimus
860 3165 1041 3229 coenobitis
1071 3167 1174 3230 saneti
1203 3165 1376 3231 Maximini
1409 3169 1510 3233 totius
1539 3169 1693 3254 abbatiae
1724 3171 1864 3236 eiusdem

220 3270 417 3334 confessoris
434 3268 554 3333 Christi
570 3268 748 3333 aecclesias
767 3291 842 3333 cum
865 3268 1000 3333 decimis
1024 3267 1099 3332 dote
1123 3268 1352 3355 dotalibusque
1375 3271 1571 3356 mancipiis⁸
1593 3272 1637 3337 ad
1658 3274 1749 3357 ipsas
1772 3275 1864 3359 perti-

219 3372 386 3455 nentibus,
417 3375 569 3459 quatinus
597 3371 756 3458 praedicti
784 3371 901 3436 fratres
927 3370 1046 3436 talibus
1069 3380 1199 3434 nostrae
1223 3373 1353 3456 pictatis
1376 3371 1478 3437 adiuti
1501 3372 1626 3438 solatiis
1648 3375 1783 3441 liberius
1806 3376 1862 3441 deo

221 3477 342 3540 servire
364 3486 396 3538 ct
418 3498 477 3560 pro
500 3485 613 3540 nostra
635 3486 884 3562 nostrorumque
912 3474 1135 3540 incolomitate
1156 3476 1225 3559 regi
1248 3495 1361 3557 regum
1383 3473 1515 3539 valeant
1537 3477 1733 3563 supplicare.
1767 3480 1812 3545 Et
1832 3489 1865 3545 ut

220 3578 283 3642 hoc
305 3588 436 3642 nostrae
459 3578 618 3662 largitatis
641 3602 758 3643 munus
781 3602 839 3664 per
862 3579 1070 3644 succedentia
1092 3588 1240 3664 tempora
1263 3588 1394 3643 maneat
1416 3580 1663 3664 inconcussum,
1687 3583 1776 3649 istud
1797 3583 1864 3647 fieri
1880 3600 1908 3647 25

220 3683 373 3745 iussimus
397 3683 633 3767 conscriptum,
665 3684 753 3765 regio
778 3692 955 3747 statuentes
979 3683 1108 3747 decreto
1132 3692 1168 3746 ut
1189 3682 1297 3747 nullus
1321 3705 1546 3748 successorum
1567 3695 1754 3751 nostrorum
1776 3709 1865 3773 prac-

220 3785 295 3848 fatis
325 3783 494 3849 monachis
524 3784 599 3848 iude
629 3784 754 3870 aliquid
781 3785 969 3850 abstrahere
999 3784 1195 3871 paesumatb
1222 3808 1283 3850 ncc
1311 3784 1353 3850 ab
1380 3785 1430 3850 his
1453 3787 1598 3852 subtrahi
1621 3791 1791 3874 permittat
1813 3792 1864 3876 qui

220 3887 379 3951 beneficia
402 3911 444 3952 ex
468 3887 583 3952 eadem
605 3886 774 3973 praedicta
800 3899 932 3953 teneant
960 3888 1103 3954 abbatia.
1150 3889 1247 3970 Quod
1269 3900 1400 3955 nostrae
1423 3892 1626 3956 auctoritatis
1657 3904 1865 3980 praeceptum

220 3991 353 4076 propria
375 4013 473 4056 manu
496 3990 723 4055 roboravimus
745 3990 897 4076 anulique
920 3994 1022 4056 nostn'
1046 3994 1261 4077 impressione
1284 3994 1431 4077 insigniri
1454 3995 1618 4061 iussimus.

321 4150 336 4231 E
357 4152 493 4237 Signum
515 4153 626 4218 domni
650 4153 780 4218 Ottonis
805 4156 870 4235 (Μ.)
895 4153 1098 4219 serenisimib
1120 4157 1216 4238 regis.
1238 4159 1252 4239 ᾖ
1311 4236 1316 4243 .
1881 4167 1910 4214 su

322 4277 336 4360 ξ
357 4275 447 4340 Brun
463 4275 677 4340 cancellarius
693 4274 842 4340 advicem
856 4275 1074 4341 Ruodberttib
1096 4276 1349 4362 archicapellani
1364 4280 1539 4363 recognovi
1556 4290 1588 4344 ct
1609 4283 1623 4366 ξ
1647 4282 1731 4362 (SR.)
1755 4284 1812 4363 (SI.
1829 4286 1865 4363 1.)

321 4439 410 4503 Data
432 4441 540 4505 terciis
563 4439 629 4505 hal.
653 4450 747 4504 mart.
770 4463 856 4506 anno
879 4443 1113 4505 incarnationis
1137 4441 1259 4506 domini
1282 4443 1383 4505 nostri
1406 4442 1482 4507 Iesu
1505 4440 1625 4506 Christi
1648 4461 1797 4528 nemen,
1819 4449 1865 4510 in-

220 4542 362 4608 dictione
386 4560 451 4624 v11,
482 4565 568 4607 anuo
591 4565 668 4608 vcro
693 4542 823 4608 Ottonis
847 4545 1043 4608 serenissimi
1066 4546 1152 4627 regis
1176 4561 1274 4625 xnn3
1307 4554 1418 4609 aetum
1439 4545 1627 4610 Nemetensi
1650 4548 1801 4632 civitate3
1832 4553 1865 4614 in

220 4646 271 4710 dei
294 4647 426 4710 nomino
449 4645 586 4710 feliciter
608 4668 713 4711 amen.

308 4849 366 4904 121.
393 4851 501 4918 [Uhlirz]
605 4854 631 4913 a)
650 4867 714 4903 urae
732 4852 796 4902 ohne
814 4851 1081 4917 Ataswsqaetcten
1183 4854 1212 4919 b)
1230 4869 1262 4903 au
1278 4854 1436 4925 mapclbafl
1454 4857 1483 4905 iu
1500 4853 1523 4905 A
1540 4855 1693 4921 adrehildae,
1709 4874 1754 4909 uss
1770 4859 1866 4911 &ltere
1883 4859 1913 4906 ³5

392 4921 568 4985 Bestimmaup
586 4937 617 4970 zu
634 4920 809 4986 mudplicbatu

310 5036 366 5091 122.
394 5038 500 5107 [Siekel]
604 5040 631 5106 a)
650 5045 770 5107 macipiis
789 5041 854 5092 obus
870 5041 1136 5108 Ablutraunprzeicbea
1240 5045 1269 5110 b)
1288 5044 1319 5096 A.
