4298 6414
813 471 1268 530 KAISEBUBKUNDEN.

943 715 947 720 .
998 652 1084 727 407.

231 808 311 883 Otto
338 808 478 882 sdtcnlct
504 807 583 880 dem
610 807 823 880 Venetioner
850 807 973 880 Vitolis
999 806 1216 883 Condiooos
1244 805 1314 879 deu
1341 803 1409 881 Ort
1435 805 1536 877 Isolo
1562 806 1604 876 irc
1627 805 1757 880 [stica

1390 930 1536 987 soom
1559 931 1624 988 972
1646 927 1758 987 Jouuor
1773 934 1794 990 8.

325 1102 574 1176 θνίρίηαῑᾱίρῑωη
596 1104 638 1159 im
652 1100 762 1159 Archiv
783 1102 834 1159 des
852 1100 971 1172 Grofco
986 1102 1180 1173 Froooiponc
1193 1119 1234 1159 su
1249 1101 1386 1173 Pometto
1408 1099 1468 1179 (A).
1492 1133 1536 1143 -
1559 1098 1649 1172 copo
1671 1100 1717 1158 cles
1735 1106 1775 1160 13.
1787 1105 1821 1163 Jt.

323 1210 354 1264 in
377 1207 433 1265 den
454 1207 630 1279 Peroomom·
651 1206 807 1279 capitolori
832 1210 859 1275 1,
884 1208 924 1265 45
948 1206 998 1265 des
1023 1205 1251 1277 Capitelorcaios
1272 1223 1313 1262 su
1336 1202 1467 1263 Oioidolc
1489 1201 1551 1281 (B).
1833 1222 1843 1265 s

326 1345 426 1405 Woita
448 1347 480 1402 in
503 1345 610 1404 Roole
631 1344 738 1403 Jatiro.
763 1349 805 1413 1⁶,
830 1347 892 1403 156
915 1345 962 1401 rit.
986 1376 1028 1385 -
1050 1343 1188 1401 Koadlcr
1209 1342 1272 1402 01).
1297 1343 1429 1402 Istriono
1450 1359 1491 1399 su
1514 1344 1579 1400 973
1603 1339 1724 1398 Jooaor
1738 1346 1771 1400 10
1786 1360 1824 1402 aas

320 1447 358 1508 A.
383 1481 424 1490 -
448 1446 578 1520 Stumps
596 1448 670 1505 Acta
692 1447 768 1505 tucri.
794 1450 961 1506 1919139
983 1464 1040 1505 uus
1057 1444 1145 1519 Copic
1166 1447 1217 1505 des
1238 1447 1359 1516 Eubois,
1383 1447 1437 1503 mit
1460 1459 1519 1505 v11.
1536 1444 1577 1504 id.
1593 1445 1652 1503 ian.
1674 1477 1716 1487 -
1735 1444 1827 1518 Stosps

321 1553 393 1624 Boo.
418 1554 489 1610 501.

321 1688 385 1746 Der
406 1687 543 1746 Dictator
564 1687 636 1745 idest
657 1688 720 1745 siclt
740 1688 820 1745 nictit
842 1688 1020 1745 bestioamea.
1058 1686 1249 1745 Gcsclsicbcn
1272 1687 1310 1745 ist
1332 1686 1387 1743 dos
1402 1685 1441 1743 D.
1457 1686 1513 1743 mit
1527 1683 1704 1743 Einsclrlass
1717 1682 1827 1742 dchut
1937 1748 1940 1779 =

322 1792 465 1862 scriptioo
487 1790 536 1847 des
560 1790 685 1857 Kiriscrs
706 1806 762 1848 con
784 1790 826 1847 It.
843 1790 891 1859 13„
917 1788 1039 1859 amous
1056 1789 1096 1846 It.
1114 1789 1152 1847 Ε.
1175 1788 1223 1846 dic
1244 1790 1318 1846 cccci
1339 1788 1444 1845 lctzten
1463 1787 1566 1845 Zoilus
1586 1784 1771 1858 bisuuoesuot
1788 1786 1828 1844 lot.
1840 1800 1860 1844 u

325 1894 417 1953 Ucbcr
439 1893 487 1950 dic
509 1893 695 1965 Eioreihsmo
716 1893 771 1965 rut.
796 1891 891 1951 Siclcl
913 1893 1007 1950 Bcitr.
1031 1909 1089 1949 sur
1110 1891 1192 1963 Dipl.
1217 1894 1247 1961 8,
1271 1895 1342 1951 172.

321 2073 395 2156 {In
415 2079 546 2142 nomine
570 2087 704 2142 sanctae
727 2087 759 2141 et
785 2077 974 2142 individuae
1002 2078 1167 2141 trinitatis.
1213 2074 1291 2141 Otto
1321 2075 1433 2140 divina
1462 2075 1660 2140 ordinante·
1687 2074 1836 2139 clemencia

220 2183 397 2265 imperator
425 2190 591 2264 augustus.
688 2180 815 2244 Noscat
844 2182 985 2244 omnium
1016 2189 1150 2244 sanctae
1179 2179 1230 2244 dei
1260 2178 1419 2244 ecclesiae
1442 2200 1481 2242 ac
1504 2189 1694 2244 nostrorum
1718 2176 1837 2243 fidebam

220 2287 424 2368 presencium
454 2284 578 2349 scilicet
606 2296 639 2350 et
667 2282 875 2349 futurorumb
897 2281 911 2361 ll
932 2282 1108 2364 industria,
1140 2305 1179 2347 eo
1203 2281 1290 2368 quod
1312 2280 1452 2346 Adeleid
1474 2303 1588 2347 comes
1611 2284 1714 2346 nostri
1736 2280 1840 2366 imperii

220 2398 351 2453 nostrae
374 2388 538 2453 humiliter
560 2390 729 2472 suggesitc
751 2388 940 2471 magestati,
972 2384 1138 2471 q[uatinus
1167 2385 1275 2450 locum
1304 2388 1359 2471 qui
1387 2384 1634 2470 nunculpatur‘¹
1662 2384 1772 2449 Insula
1797 2408 1844 2469 quc
1858 2400 1880 2448 15

219 2502 269 2555 est
298 2492 360 2556 sita
390 2493 422 2555 in
450 2491 563 2572 Istria,
593 2514 667 2556 cum
691 2494 757 2555 suis
785 2493 1015 2577 pestinentiis⁰
1037 2490 1138 2556 Uitali
1162 2490 1320 2555 Uenetico
1345 2488 1515 2555 Candiauo
1544 2490 1690 2555 tribuere
1717 2488 1846 2574 dignare

220 2616 300 2658 mur.
346 2592 447 2658 Cuius
477 2597 675 2678 suggestioni
706 2594 845 2659 libenter
872 2594 1048 2659 adsensum
1078 2593 1249 2677 prebentes
1279 2593 1388 2659 locum
1416 2595 1471 2680 qui
1500 2591 1620 2659 dicitur
1649 2593 1762 2658 Insula
1789 2615 1849 2657 cum

220 2698 286 2759 suis
315 2697 496 2781 apendiciis
526 2706 593 2760 tam
622 2698 706 2761 infra
735 2700 902 2761 civitatem
924 2697 1136 2783 Iustinopolis
1160 2719 1257 2781 quam
1279 2710 1389 2778 extra,
1425 2719 1506 2783 eque
1528 2699 1563 2761 in
1586 2697 1753 2762 montibus
1774 2699 1851 2761 utin

220 2798 369 2884 planiciis
393 2799 569 2884 paludibus
593 2802 661 2863 sive
683 2803 815 2885 pascuis
838 2803 932 2886 aquis
955 2823 1177 2886 aquarumque
1200 2799 1352 2864 ductibus
1376 2800 1537 2863 fontaneis
1559 2798 1756 2864 molendinis
1774 2821 1852 2863 casa·

218 2902 317 2967 liuis⁰
339 2903 497 2967 clausuris
520 2905 623 2967 vineis
647 2907 749 2989 pratis
773 2904 864 2968 silvis
887 2904 983 2968 cultis
1007 2914 1039 2968 et
1061 2903 1192 2968 incultis
1215 2903 1361 2988 ripaticis
1384 2902 1645 2987 piscacionibus,
1673 2906 1720 2966 ita
1742 2906 1854 2987 integre
1868 2918 1900 2965 tu

218 3008 266 3069 uti
296 3008 329 3070 in
357 3015 472 3071 nostra
502 3008 682 3091 permansit
704 3016 884 3091 potestate,
919 3007 1128 3071 concedimus
1151 3016 1248 3091 atque
1274 3005 1443 3090 largimur,
1477 3016 1514 3069 ut
1536 3005 1682 3070 donandi
1705 3005 1856 3071 vendendi

218 3110 383 3175 alienandi
412 3133 470 3196 pro
499 3113 609 3175 anima
638 3110 804 3175 iudicandi
833 3108 884 3173 vel
916 3109 1070 3195 quicquid
1099 3112 1168 3173 eius
1197 3108 1377 3172 decreverit
1405 3110 1532 3172 animus
1564 3109 1711 3174 faciendi
1746 3109 1859 3174 habeat

219 3223 433 3300 potestatem,
464 3236 502 3278 eo
526 3212 679 3277 videlicet
707 3213 820 3278 ordine
849 3215 1000 3297 quatinus
1029 3211 1136 3276 nullus
1165 3212 1233 3276 dux
1262 3210 1407 3275 marchio
1437 3214 1614 3296 episcopus
1643 3233 1758 3276 comes
1783 3214 1858 3277 vice

219 3339 330 3382 comes
360 3317 531 3382 scudasius
560 3317 742 3399 gastaldius
765 3316 816 3381 vel
840 3316 957 3401 aliquis
981 3315 1132 3400 publicae
1154 3319 1200 3380 rei
1224 3326 1360 3381 exactor
1382 3337 1531 3379 necnon
1553 3337 1677 3399 magna
1700 3338 1860 3401 parvaque

219 3422 320 3485 nostri
351 3422 476 3506 imperii
504 3442 645 3504 persona
674 3422 874 3504 inquietatec
902 3429 959 3483 aut
988 3419 1162 3483 molestare
1191 3429 1357 3505 presumat
1385 3428 1442 3482 aut
1470 3416 1628 3503 placitum
1659 3428 1771 3483 tenere
1797 3420 1858 3481 sive
1872 3434 1898 3479 2⁵

219 3522 353 3610 aliquod
377 3523 522 3587 officium
544 3532 733 3586 construere
755 3524 818 3586 nisi
847 3525 916 3586 eius
945 3521 1086 3587 licentia.
1131 3523 1165 3588 si
1189 3524 1261 3608 quis
1283 3544 1360 3586 vero
1384 3520 1479 3584 huius
1501 3522 1605 3586 nostri
1629 3524 1775 3607 precepti
1798 3524 1858 3585 vio·

219 3625 304 3690 lator
325 3627 501 3707 exstiterit,
527 3628 610 3690 sciat
632 3648 667 3689 se
688 3625 803 3710 procul
827 3624 925 3689 dubio
950 3627 1206 3710 compositurum
1231 3624 1317 3689 mille
1339 3624 1439 3689 libras
1463 3626 1533 3687 auri
1557 3626 1688 3709 optimi,
1711 3624 1858 3689 medieta-

218 3739 284 3793 tem
307 3740 437 3793 nostrae
459 3729 614 3793 kamerac
636 3728 908 3814 medietatemque
932 3729 1132 3814 supralibato
1155 3729 1313 3793 Uenetico
1336 3729 1390 3814 qui
1414 3736 1619 3812 nuncupatur
1641 3728 1764 3793 Uitalis
1787 3730 1858 3793 suis-

220 3855 282 3918 que
302 3831 477 3896 heredibus
501 3832 619 3917 quibus
643 3832 825 3896 molestiam
848 3832 1001 3896 intulerit.
1039 3834 1083 3897 Et
1106 3843 1140 3896 ut
1162 3832 1224 3897 hoc
1249 3830 1438 3896 inconvulse
1461 3841 1609 3895 servetur
1631 3833 1664 3893 in
1689 3841 1858 3916 posterum,

218 3936 313 3999 huius
342 3936 482 4019 paginae
511 3944 698 4020 preceptum
728 3957 826 3999 manu
855 3946 968 3999 nostra
998 3936 1109 4000 subter
1137 3935 1328 4000 roborantes
1360 3933 1480 3998 annulo
1503 3942 1619 3998 nostro
1641 3936 1796 3999 iussimus
1817 3936 1858 3998 in·
1873 3945 1899 3992 aa

220 4037 342 4120 signiri.

321 4171 335 4252 Ξ
357 4173 492 4258 Signum
516 4175 626 4239 domni
650 4176 847 4239 serenissimi
871 4175 1077 4259 imperatoris
1101 4174 1192 4240 Otto-
1216 4177 1304 4255 (MP.)
1325 4175 1424 4258 nis}

320 4275 470 4355 {Petrus
500 4276 715 4342 cancellarius
743 4278 892 4342 advicem
922 4277 1037 4341 Uberti
1065 4280 1211 4363 episcopi
1241 4287 1274 4341 et
1301 4276 1586 4341 arhicancellarii⁰
1615 4279 1806 4362 recognovit
1832 4286 1858 4340 et

220 4380 422 4464 subscripsit.
444 4379 458 4459 ξ
1737 4388 1793 4463 (SI.
1812 4382 1857 4458 D.)

319 4518 409 4581 Data
426 4536 471 4580 vl.
487 4516 530 4580 id.
546 4519 684 4582 ianuarii
702 4541 789 4583 anno
809 4519 970 4603 dominice
992 4521 1232 4584 incarnacionis
1256 4534 1491 4599 nccccnxxns,
1515 4519 1642 4603 imperii
1658 4541 1736 4582 vero
1752 4517 1856 4583 domni
1871 4534 1895 4580 35

220 4620 351 4686 Ottonis
375 4640 421 4701 xl,
446 4619 607 4685 indicione
631 4640 694 4703 xv3
718 4632 827 4686 actum
849 4623 1021 4704 Rauenne3
1045 4622 1105 4686 deo
1129 4624 1276 4707 propicio
1299 4621 1461 4686 feliciter³
1483 4643 1589 4685 amen.

998 4807 1084 4881 sos.

229 4961 308 5036 Otto
336 4965 495 5062 bestdtipt
521 4965 598 5037 deon
628 4963 772 5037 Illostec
798 4961 836 5038 S.
857 4962 995 5059 Sophia
1021 4989 1066 5034 zu
1084 4963 1267 5035 Benoucot
1289 4963 1355 5036 olle
1374 4963 1613 5060 Bcsitsuupou
1635 4964 1717 5035 uod
1733 4964 1858 5035 Basitz-

220 5083 291 5153 tuot
316 5085 395 5156 carrd
419 5085 565 5157 'cco’loiltt
589 5085 659 5156 ilico
690 5085 911 5156 Iiunmuito't.
1469 5104 1546 5161 Rom
1568 5107 1635 5165 972
1656 5103 1749 5176 April
1769 5107 1820 5163 22.

325 5292 570 5365 Oripinoldiplom
594 5296 634 5350 iou
660 5293 796 5349 „trebirio
819 5291 883 5349 dell
900 5291 1101 5362 Orfonotrofio
1123 5291 1288 5362 soiitos-inite
1309 5310 1350 5349 rso
1372 5292 1517 5349 Bencccnt
1539 5289 1603 5369 (A).
1627 5327 1672 5334 —
1693 5294 1860 5366 Ropistrum
1874 5305 1901 5352 lu

320 5414 343 5454 ε.
364 5396 490 5468 Sopliioc
512 5416 576 5455 som-
600 5398 632 5456 J.
650 5402 734 5456 1119
758 5397 781 5467 s.
806 5396 889 5467 126',
907 5399 980 5469 jetst
1006 5397 1073 5456 Cori.
1097 5398 1187 5455 Votic.
1212 5399 1296 5455 4939
1320 5395 1373 5453 dor
1391 5395 1614 5454 Vaticanisclsco
1635 5396 1803 5456 Bibliotbel·
1822 5413 1860 5452 ta

321 5500 398 5557 Rom
422 5497 485 5576 (B).

305 5664 363 5718 407.
391 5665 546 5735 [Ottenthal]
639 5672 666 5725 a)
686 5669 813 5729 ordinate,
832 5670 916 5719 felicit
934 5668 999 5718 olna
1017 5667 1285 5732 Aousmmqmuoen
1302 5669 1330 5716 in
1350 5666 1369 5716 A
1463 5666 1491 5729 b)
1507 5671 1537 5716 tu
1554 5665 1617 5716 liber
1634 5667 1682 5718 der
1698 5666 1769 5718 fotu
1784 5664 1858 5716 uoci·

387 5744 510 5802 petroque
527 5739 555 5786 iu
573 5737 595 5787 A
700 5737 763 5799 old
868 5741 896 5801 d)
915 5743 1017 5804 κρᾶναι
1034 5737 1102 5786 noct
1122 5738 1154 5788 lt.
