4298 6414
814 460 1267 518 KAISERURKUNDEN.

322 644 418 701 dieser
446 645 693 716 lm›almedis-lien
720 646 887 717 lilla-lamp
916 643 949 720 (s.
975 644 1074 704 Weite
1100 643 1180 713 Vers.
1208 644 1309 702 Geselr.
1332 654 1361 711 Η,
1387 648 1462 713 117)
1489 647 1601 715 pecasset
1624 662 1651 699 es
1673 644 1729 700 lter
1745 664 1780 702 rm
1795 668 1815 706 a

322 749 402 804 neelrr
424 749 481 805 den
504 750 535 804 in
559 749 583 803 ,l
605 750 761 820 peteteret
782 767 822 805 :re
845 748 1087 817 rerdfferrtlielrea,
1110 748 1148 804 de
1172 748 1224 805 der
1244 747 1354 805 eradere
1371 748 1477 805 berella
1494 748 1528 803 ia
1543 746 1600 803 dea
1615 745 1666 804 SS.
1681 746 1698 803 l.
1713 768 1732 805 e.
1748 767 1814 819 paee

321 852 498 925 ‹rbpedrurlrt
522 852 639 910 reordea
663 854 708 909 ist.
748 852 793 908 lm
818 853 943 922 abripere
965 852 1016 908 lmt
1037 868 1109 908 men
1133 852 1172 907 im
1189 850 1312 908 Kloster
1334 849 1574 908 rcelrrscleeinlielr
1597 848 1708 906 destralb
1723 848 1772 909 ora
1786 856 1815 913 ele

322 956 486 1014 Aressteller
507 956 601 1014 dieses
624 955 833 1029 Prisileqiems
853 954 987 1028 peredlrlt,
1011 953 1077 1013 weil
1099 953 1147 1011 die
1167 954 1235 1011 Vsa
1256 971 1279 1012 s.
1307 952 1462 1012 oadal-rici
1484 950 1552 1029 (SS.
1576 955 1605 1021 4,
1630 951 1698 1027 409)
1717 955 1765 1012 ete
1778 958 1814 1016 t'r·

321 1058 421 1117 tande
442 1058 590 1118 desselben
611 1058 667 1129 sate
688 1058 743 1117 dos
765 1058 886 1117 Kloster
908 1057 1047 1116 ewdbat.
1825 1077 1834 1122 5

323 1242 398 1325 3111
420 1244 551 1306 nomine
575 1252 686 1325 sancte
710 1250 742 1305 et
764 1240 928 1324 individue
952 1242 1115 1304 trinitatis.
1160 1239 1240 1305 Otto
1263 1239 1375 1304 divina
1402 1239 1536 1303 functus
1567 1238 1729 1305 clementia
1749 1243 1816 1328 inpe-

220 1354 311 1408 rator
325 1354 493 1428 augustus.
516 1344 530 1424 ῗξ
615 1345 735 1409 Notum
751 1346 889 1408 facimus
906 1345 993 1408 omni
1008 1366 1108 1428 regno
1125 1355 1236 1408 nostro
1260 1346 1452 1429 cunctisque
1477 1344 1716 1408 successoribus
1735 1353 1816 1412 nostris

219 1447 367 1531 regibus,
401 1448 538 1533 qualiter
565 1470 625 1511 nos
654 1448 803 1512 adierunt
831 1428 1004 1513 (ddalricus
1028 1447 1245 1530 Augustensis
1274 1446 1410 1531 ecclesie
1439 1448 1617 1532 episcopus
1640 1458 1670 1511 et
1691 1446 1817 1516 Cbnradur

221 1548 480 1615 Constantiensis
509 1549 646 1633 ecclesie
677 1552 851 1634 episcopus
880 1561 912 1614 et
938 1550 1144 1614 Purelrardvs
1168 1549 1235 1617 dux
1257 1550 1518 1615 Alamannorum
1541 1562 1574 1615 et
1597 1553 1690 1615 ceteri
1711 1562 1819 1634 potentes

220 1652 479 1716 Alamannorum
507 1655 708 1716 insinuantes
736 1653 943 1717 notificantes
972 1656 1103 1738 copiam
1132 1664 1165 1717 et
1192 1655 1336 1738 inopiam
1359 1676 1399 1717 ac
1425 1654 1570 1737 regionis
1594 1653 1741 1719 dunciam
1759 1636 1850 1720 dnn-111

221 1755 370 1819 burensis
393 1755 540 1840 abbatie,
566 1756 788 1841 supplicantes
812 1766 981 1840 precantes
1005 1768 1036 1820 et
1058 1755 1269 1819 consiliantes
1292 1758 1445 1840 quatinus
1468 1778 1528 1840 pro
1549 1756 1600 1819 dei
1620 1755 1821 1841 honoreetpro

221 1869 333 1924 nostra
356 1861 462 1941 gratia
484 1882 523 1922 ac
547 1882 606 1945 pro
631 1863 753 1924 meritis
776 1862 879 1922 sancti
897 1859 1077 1924 Alexandri
1102 1861 1156 1944 qui
1180 1859 1224 1923 ibi
1249 1860 1462 1942 corporaliter
1483 1860 1669 1943 requiescit,
1691 1881 1752 1922 eam
1769 1859 1822 1923 libe·

220 1984 291 2026 ram
315 1985 334 2024 a
356 1971 469 2025 nostra
492 1972 524 2025 et
546 1961 588 2026 ab
614 1965 700 2025 omni
727 1963 818 2044 regia
848 1965 1026 2026 servitate²²
1053 1964 1250 2043 faceremus,
1282 1962 1316 2026 id
1338 1973 1387 2026 est
1408 1962 1451 2026 ab
1475 1961 1684 2046 expeditione
1704 1962 1786 2046 regali
1802 1973 1824 2025 et

223 2066 390 2130 exercitali
414 2066 465 2129 rel
488 2065 596 2130 hostili
621 2066 725 2150 clipeo
751 2075 782 2129 ot
804 2089 824 2129 a
848 2066 961 2130 curiali
986 2068 1191 2131 itineratione
1214 2077 1246 2129 et
1262 2065 1303 2129 ab
1321 2067 1408 2128 omni
1424 2066 1516 2149 regni
1531 2067 1674 2148 negotio.
1706 2063 1753 2128 Ad
1765 2064 1826 2149 quod

225 2167 451 2252 respondimus
480 2189 591 2231 eorum
621 2166 801 2251 peticionib
829 2192 1034 2255 nequaquam
1062 2170 1145 2234 velle
1176 2171 1358 2234 consentire
1387 2191 1447 2232 nec
1472 2168 1543 2232 fieri
1568 2190 1665 2252 posse
1687 2171 1749 2231 sine
1767 2188 1859 2232 con-rs

222 2274 309 2335 muni
333 2273 516 2356 principum
535 2273 624 2355 regni
643 2272 779 2336 consilio
797 2275 1010 2357 permissione
1027 2273 1259 2339 deliberatione
1275 2284 1372 2358 atque
1388 2273 1615 2355 dispositione.
1650 2272 1733 2357 Ergo
1748 2295 1829 2336 eorum

222 2374 446 2438 deliberationi
470 2375 606 2439 consilio
631 2397 671 2439 ac
694 2376 814 2439 iudicio
839 2378 1060 2440 concessimus
1084 2376 1283 2457 dimisimus,
1313 2378 1358 2439 ita
1382 2396 1461 2439 sane
1484 2385 1520 2438 ut
1543 2375 1698 2460 quioquid
1718 2376 1760 2437 eis
1778 2373 1830 2437 inde

222 2473 381 2560 placuerit
409 2475 554 2560 placeat,
586 2476 673 2561 quod
703 2477 905 2560 displicuerit
934 2477 1107 2562 displiceat
1134 2488 1167 2541 et
1195 2477 1349 2563 quicquid
1377 2500 1418 2541 ex
1442 2477 1493 2541 his
1516 2475 1674 2560 clegerint
1695 2476 1832 2540 laudamus

222 2580 441 2642 consentimus
464 2581 661 2663 precipimus
685 2579 909 2664 permittimus.
952 2581 1056 2663 Igitur
1077 2583 1109 2644 in
1135 2603 1235 2645 unum
1257 2593 1479 2646 convenerunt
1501 2592 1534 2645 et
1555 2592 1780 2645 consenserunt
1796 2603 1833 2644 ue

122 2698 126 2703 '
222 2705 386 2768 quaquam
408 2682 443 2746 id
465 2682 561 2748 aliter
581 2683 649 2746 fieri
675 2706 772 2769 posse
796 2707 855 2748 nco
879 2684 989 2749 deberi
1012 2708 1032 2748 a
1055 2686 1180 2769 regali⁰
1203 2685 1359 2772 obsequio
1383 2685 1497 2765 avelli,
1528 2687 1591 2749 nisi
1621 2694 1713 2770 parte
1737 2683 1867 2769 predio-st

221 2809 293 2852 rum
322 2787 445 2873 prefate
474 2787 606 2872 abbatie
636 2787 804 2852 abstracta
831 2788 926 2852 nobis
949 2788 1134 2870 tradantur,
1165 2788 1225 2853 sub
1249 2810 1289 2852 ea
1311 2789 1505 2853 condicione
1526 2797 1563 2851 ut
1584 2811 1605 2851 a
1628 2798 1739 2852 nostra
1759 2786 1835 2872 regali

221 2893 366 2975 potentia
396 2891 470 2955 duci
500 2891 738 2956 Alamanorum
768 2890 957 2955 Purchardo
987 2893 1118 2976 suisque
1155 2891 1400 2955 successoribus
1431 2889 1570 2954 ducibus
1603 2889 1837 2973 Alamanniein

221 2994 413 3059 beneficium
444 2994 681 3076 concedantur,
715 2997 820 3079 sitque
850 2997 882 3058 in
914 2994 1062 3058 omnibns
1091 2997 1182 3077 regni
1214 2995 1352 3077 negotiis
1383 3015 1510 3075 semper
1538 3004 1674 3077 paratus
1696 2993 1794 3058 verbis
1815 3002 1839 3055 et

223 3099 319 3161 factis
342 3108 417 3162 ante
440 3098 565 3182 prefatq
589 3098 720 3182 abbatie
747 3098 917 3179 abbatem,
950 3100 1083 3182 ipseque
1111 3097 1212 3161 libere
1235 3097 1296 3162 deo
1321 3108 1353 3161 et
1377 3099 1498 3161 sanctis
1522 3099 1592 3160 eius
1615 3122 1689 3162 cum
1712 3101 1774 3163 suis
1793 3098 1838 3161 lra-

222 3201 325 3266 tribus
354 3201 529 3282 deserviat,
562 3210 594 3266 et
622 3212 696 3285 post
725 3201 855 3266 abbatis
885 3200 1058 3266 cuiuslibet
1081 3200 1206 3265 obitum
1236 3202 1297 3285 ipsi
1321 3202 1436 3264 fratres
1459 3199 1597 3264 liberam
1620 3212 1652 3265 et
1674 3205 1872 3265 canoniean‘tt

223 3305 414 3369 electionem
437 3306 471 3369 in
493 3304 592 3369 alium
619 3305 777 3387 habeant,
807 3304 902 3369 nobis
932 3306 1116 3389 nostrisque
1146 3303 1391 3368 successoribus
1420 3313 1624 3386 presentetur
1646 3313 1679 3367 et
1700 3304 1842 3388 regaliaa

221 3406 316 3471 nobis
340 3407 481 3490 accipiat
503 3416 535 3470 et
557 3430 615 3492 per
637 3430 697 3471 nos
721 3408 911 3472 sublimetur
934 3429 973 3470 ac
996 3407 1148 3471 firmetur.
1184 3408 1228 3471 Et
1243 3429 1283 3470 ue
1297 3408 1381 3470 forte
1397 3406 1514 3491 aliquis
1530 3418 1669 3471 vocatus
1685 3416 1741 3470 aut
1754 3418 1842 3491 tyran·

220 3533 282 3574 nus
305 3533 343 3574 eo
368 3510 524 3574 licencius
551 3509 611 3573 sibi
642 3521 775 3594 usurpet
803 3520 858 3574 aut
880 3509 1031 3573 vendicet
1053 3509 1177 3595 aliquid
1200 3532 1243 3573 ex
1265 3508 1315 3573 his
1339 3532 1401 3594 que
1425 3519 1499 3574 sunt
1521 3508 1653 3574 abbatis
1676 3520 1708 3574 et
1730 3510 1844 3574 fratrum

222 3614 346 3698 prefate
369 3612 515 3696 abbatie,
540 3616 631 3697 quasi
656 3616 758 3677 nostri
782 3616 860 3677 iuris
883 3636 948 3677 non
973 3614 1027 3692 sit,
1050 3616 1202 3676 noverint
1225 3636 1337 3679 omnes
1360 3612 1471 3677 fideles
1495 3615 1615 3694 nostri,
1647 3615 1740 3677 sicuti
1761 3612 1843 3677 domi·

223 3738 284 3780 nus
299 3715 441 3778 Karolrs
461 3718 637 3799 imperator
654 3717 800 3799 primitus
820 3718 923 3798 magis
948 3737 1005 3799 pro
1030 3714 1218 3779 defensione
1241 3738 1338 3800 quam
1362 3717 1525 3780 servitutis
1548 3716 1689 3780 utilitate
1712 3717 1845 3800 suscepit,
1859 3732 1880 3777 sn

222 3822 267 3882 ita
283 3829 314 3881 et
329 3841 388 3882 nos
406 3821 669 3883 strennuissimos
686 3830 717 3882 et
733 3821 926 3882 iustissimos
951 3827 1092 3881 rectores
1116 3829 1148 3881 et
1171 3819 1357 3882 defensores
1381 3819 1510 3883 illorum
1533 3842 1605 3884 esse
1629 3822 1742 3884 sciant.
1772 3822 1845 3904 Ergo

222 3923 367 4005 quisquis
391 3920 494 3985 abbas
518 3920 596 3984 inibi
619 3924 851 4001 constituatur,
883 3922 1079 4006 precipimus
1108 3924 1280 3986 statuimus
1303 3934 1427 3986 utnon
1449 3924 1590 4009 amplius
1614 3935 1690 4008 post
1712 3925 1847 4010 adeptam

223 4026 413 4108 dignitatem
437 4024 478 4088 ab
503 4047 540 4088 eo
564 4027 715 4107 exigatur
738 4048 836 4110 quam
860 4025 923 4088 duo
948 4045 1046 4087 canes
1070 4044 1164 4106 pares
1188 4034 1245 4086 ant
1265 4025 1442 4088 unicoloris
1465 4025 1588 4090 bestias
1612 4037 1644 4091 et
1668 4029 1751 4091 feras
1779 4028 1848 4092 bene

222 4138 451 4214 persequentes
475 4129 518 4192 ad
541 4139 687 4192 nostrum
711 4140 742 4193 et
767 4150 991 4193 successorum
1014 4136 1198 4191 nostrorum
1221 4127 1395 4207 honorem,
1428 4150 1493 4192 non
1521 4129 1650 4212 longius
1681 4130 1850 4193 deferantur

222 4235 282 4296 nisi
308 4232 350 4296 ad
372 4233 458 4296 fores
482 4233 554 4317 aulq
579 4235 610 4297 in
634 4233 732 4297 Ulmo
756 4233 807 4296 vel
830 4233 872 4296 ad
896 4231 1112 4315 Angustensis
1135 4233 1222 4315 curie
1246 4242 1389 4316 portam,
1421 4231 1466 4294 ibi
1493 4253 1513 4295 a
1538 4230 1749 4295 venatoribus
1777 4233 1887 4315 regisse

223 4338 451 4419 suscipiantur.
490 4336 560 4419 Hec
585 4346 660 4400 sunt
683 4336 796 4421 predia
820 4359 881 4420 que
905 4358 963 4419 pro
989 4335 1135 4419 predicta
1158 4334 1306 4398 libertate
1330 4357 1349 4396 a
1373 4335 1499 4418 prefata
1522 4333 1657 4398 abbatia
1680 4357 1753 4398 cum
1775 4356 1851 4398 man-

221 4440 315 4523 cipiis
331 4449 363 4501 et
377 4439 527 4502 omnibus
546 4440 748 4523 appendiciis
772 4441 838 4503 suis
863 4450 938 4501 sunt
961 4437 1143 4501 abstracta:
1168 4437 1322 4522 oppidum
1341 4416 1551 4519 (lmintingen
1574 4459 1649 4501 cum
1665 4435 1742 4501 vic*¹
1762 4438 1852 4501 Trun-

221 4543 410 4627 kenespere,
441 4543 589 4628 predium
613 4545 645 4606 in
669 4542 781 4607 Hbsen
807 4545 911 4623 situm,
936 4541 1028 4604 vicus
1052 4541 1105 4625 qui
1129 4540 1246 4603 dicitur
1269 4538 1606 4620 Titherischeshouen,
1631 4539 1712 4604 villa
1733 4539 1853 4624 Wigen·

219 4645 321 4708 husen
345 4656 376 4707 et
401 4644 546 4729 predium
564 4645 660 4708 Wale
685 4645 812 4730 aliaque
836 4645 951 4729 predia
975 4666 1035 4728 que
1059 4645 1225 4707 nominare
1247 4643 1381 4726 longum
1404 4641 1574 4723 duximus3
1599 4653 1631 4706 et
1654 4641 1855 4725 decimoque

221 4748 260 4811 de
279 4758 387 4833 pagoe
406 4748 643 4832 Hilargowensi
669 4772 770 4833 usque
793 4750 826 4812 in
849 4747 934 4811 hane
959 4747 1043 4810 diem
1068 4746 1107 4809 de
1130 4746 1306 4810 elemosina
1331 4745 1452 4810 domini
1468 4745 1584 4809 Karoli
1600 4748 1712 4830 magni
1728 4748 1855 4831 impera·
1870 4766 1888 4812 n

220 4854 298 4914 toris
323 4850 475 4915 tratribus
499 4853 615 4936 prefati
639 4853 827 4915 monasterii
858 4854 889 4915 in
913 4873 1007 4914 usunr
1037 4860 1086 4913 est
1109 4872 1283 4927 concessa,
1314 4871 1398 4912 nunc
1423 4872 1481 4934 pro
1506 4848 1621 4914 eadem
1644 4850 1793 4915 libertate
1815 4860 1857 4912 est

220 4965 361 5038 recepta.
400 4955 561 5019 Fautores
584 4963 616 5018 et
638 4955 862 5018 consiliatores
887 4957 951 5017 iam
975 4953 1060 5036 dictq
1084 4951 1242 5016 libertatis
1266 4954 1364 5015 etiam
1387 4950 1616 5035 decreverunt,
1647 4964 1683 5016 ut
1706 4952 1856 5037 predicto·

221 5080 292 5120 rum
314 5058 500 5142 prediorum
523 5058 647 5141 decimq
671 5081 732 5142 qne
756 5070 852 5122 antea
879 5080 975 5143 quam
1004 5067 1113 5140 nostre
1143 5056 1261 5119 dicioni
1291 5056 1508 5135 traderentur,
1540 5057 1573 5119 in
1602 5056 1857 5121 elemosinariam

222 5160 353 5225 domurn
378 5163 493 5246 prelati
518 5163 706 5225 monasterii
730 5162 773 5225 ad
795 5160 988 5225 reficiendos
1013 5181 1172 5243 pauperes
1196 5157 1234 5221 de
1258 5158 1381 5222 eisdem
1408 5157 1527 5242 prediis
1558 5157 1736 5239 dabantur,
1765 5160 1858 5221 etiam

221 5285 307 5325 nunc
338 5266 421 5348 regis
453 5266 646 5328 auctoritate
673 5277 705 5327 et
734 5265 850 5349 pret'ati
882 5244 1027 5328 beatrici
1059 5264 1202 5347 episcopi
1236 5262 1367 5326 licentia
1398 5262 1606 5344 omniumque
1639 5282 1888 5328 successorumt

221 5389 333 5430 eorum
363 5370 574 5431 concessione
602 5367 806 5431 solummodo
837 5389 857 5430 a
885 5367 986 5429 emtis
1009 5364 1190 5428 villicorum
1215 5374 1247 5428 et
1269 5388 1327 5449 pro
1351 5365 1535 5429 testimonio
1564 5363 1728 5429 libertatis
1750 5377 1783 5429 et
1804 5387 1858 5449 pro

220 5490 400 5553 pauperum
421 5469 601 5533 resectione
621 5470 664 5534 ad
686 5470 751 5533 iam
775 5468 896 5533 dictam
920 5467 1052 5531 domum
1076 5466 1200 5530 dentur.

307 5638 366 5692 453.
396 5638 527 5708 [Grauert]
615 5641 640 5707 a)
661 5641 682 5690 A
701 5647 762 5691 etad
780 5643 905 5691 servitute
994 5641 1020 5706 b)
1037 5657 1102 5689 coer.
1121 5656 1168 5688 erce
1186 5641 1337 5705 peticicioni
1424 5641 1447 5702 e)
1465 5654 1530 5687 corr.
1548 5653 1596 5686 aas
1613 5639 1708 5704 registi
1795 5638 1861 5697 <ns

393 5715 455 5760 etad
473 5712 533 5760 vieo
638 5712 662 5775 e)
680 5711 705 5763 d.
723 5727 749 5776 p.
766 5710 830 5760 r'lber
847 5708 894 5759 der
911 5708 981 5759 Zeila
998 5709 1186 5775 aecbpelroqea
1203 5711 1232 5757 in
1249 5707 1281 5759 A.
