4298 6414
356 436 399 501 ‘10
955 443 1407 502 KAISERURKUNDEN.

355 623 488 689 nobium
518 626 551 688 in
580 647 666 710 pago
689 624 936 709 Vuestergouue
965 625 998 688 in
1027 625 1186 689 comitatu
1208 622 1456 709 Meginvuarchi
1479 623 1543 688 duo
1567 623 1641 689 loca
1662 621 1851 688 Bareuelda
1874 632 1906 686 et
1928 621 2009 687 Bre-

355 729 446 813 tinga
468 729 636 792 nominata
659 750 733 791 cum
756 725 926 791 curtilibus
950 727 1109 792 aedificiis
1132 728 1304 812 mancipiis
1327 729 1421 791 terris
1443 726 1540 792 cultis
1563 736 1596 792 et
1620 725 1754 791 incultis
1784 726 1890 811 pratis
1917 726 2010 810 agris

355 833 481 916 campis
509 833 641 915 pascuis
670 829 760 895 silvis
790 831 884 915 aquis
914 852 1137 916 aquarumque
1167 829 1359 895 decursibus
1381 829 1576 895 molendinis
1598 831 1661 894 viis
1685 838 1718 894 et
1740 830 1838 894 inviis
1862 827 2009 893 exitibus

355 942 387 998 ct
408 933 566 1000 reditibus
589 934 746 1020 quaesitis
769 943 801 998 et
816 933 1023 1019 ‘inquirendis
1048 932 1261 1019 omnibusque
1284 932 1488 1018 appendiciis
1504 942 1536 998 et
1550 933 1745 998 adiacentiis
1761 935 1840 998 suis.
1867 932 2011 1016 Insuper

355 1046 388 1102 et
409 1036 524 1102 eodem
546 1036 725 1102 venerabili
748 1035 870 1101 abbate
891 1046 1029 1121 rogante
1051 1038 1205 1102 iussimus
1228 1045 1331 1101 totam
1353 1035 1521 1102 marcham
1550 1035 1641 1102 illam
1669 1035 1713 1101 ad
1738 1037 1910 1101 matricem
1932 1054 2044 1100 aec-s

355 1141 489 1206 clesiam
512 1143 545 1204 in
567 1141 736 1227 Breitinga
759 1150 977 1225 spectantem,
1014 1141 1098 1205 sicut
1125 1161 1184 1225 per
1209 1138 1323 1204 fideles
1345 1140 1435 1205 viros
1456 1162 1531 1205 cum
1553 1138 1763 1206 iurisiurandi
1785 1138 2010 1204 affirmatione

356 1244 578 1309 circumducta
593 1254 652 1328 est,
676 1267 735 1330 per
751 1245 879 1329 singula
894 1244 968 1310 loca
985 1245 1178 1310 nominatim
1201 1243 1317 1308 litteris
1340 1244 1452 1329 signiri
1476 1252 1509 1307 et
1529 1242 1605 1327 huic
1628 1252 1719 1307 carte
1733 1241 1888 1308 inscribi:
1912 1242 2010 1306 cuius

355 1351 550 1434 principium
578 1358 627 1414 est
655 1348 710 1413 ubi
735 1349 899 1414 Sucinaha
929 1348 1020 1413 cadit
1048 1349 1081 1411 in
1102 1345 1288 1411 Vuisaraha
1316 1355 1350 1410 et
1378 1346 1425 1411 sic
1455 1368 1583 1411 sursum
1612 1367 1670 1431 per
1692 1344 1840 1411 eiusdem
1861 1344 2010 1409 fluminis

356 1452 484 1516 alveum
508 1452 612 1518 tendit
633 1452 677 1517 ad
700 1452 873 1518 orientales
896 1453 966 1517 eius
989 1452 1096 1515 fontes
1119 1449 1174 1515 ubi
1199 1451 1314 1533 oritur,
1349 1459 1448 1536 atque
1471 1449 1547 1515 inde
1569 1451 1738 1535 perveniet
1759 1449 1793 1514 in
1817 1447 1928 1513 locum
1951 1447 2009 1533 qui

356 1552 474 1618 dicitur
489 1552 756 1637 Gervuenestein,
780 1557 891 1640 sicque
914 1553 1076 1639 pertendit
1099 1555 1130 1619 in
1154 1553 1323 1618 fluviolum
1338 1552 1550 1618 Drusandam
1565 1575 1629 1638 que
1646 1553 1833 1618 nominatur
1850 1549 2010 1632 candida,
2030 1570 2061 1617 ιο

356 1665 389 1721 et
411 1680 453 1721 ex
475 1680 515 1721 ea
537 1659 571 1722 in
592 1658 690 1723 aliam
713 1657 923 1723 Drusandam
952 1680 1035 1744 quae
1064 1657 1183 1722 dicitur
1210 1659 1321 1742 nigra,
1355 1656 1431 1721 inde
1453 1658 1486 1720 in
1508 1654 1640 1720 Aldaha
1662 1664 1696 1721 et
1717 1678 1760 1721 ex
1783 1676 1824 1719 ea
1845 1655 1881 1718 in
1903 1652 2012 1718 direc-

356 1770 424 1825 tum
453 1761 538 1826 ultra
566 1762 784 1826 Vuisaraham
815 1772 848 1826 et
874 1783 933 1846 per
961 1763 1065 1847 ripam
1094 1760 1226 1826 Rosaha
1256 1783 1384 1825 sursum
1415 1757 1622 1845 progreditur
1649 1779 1753 1844 nsque
1783 1759 1817 1822 in
1848 1754 2011 1835 Fisbach,
2069 1786 2072 1790 ⁴

356 1862 473 1928 deinde
501 1866 534 1929 in
563 1864 742 1929 Marebaeh
771 1867 882 1950 sicque
910 1863 1112 1950 pertenditur
1140 1866 1172 1928 in
1200 1864 1270 1928 thia
1298 1862 1566 1948 Hugesbovchun
1595 1872 1628 1926 et
1653 1863 1701 1927 sic
1723 1862 1843 1926 transit
1864 1861 1898 1924 in
1920 1860 2012 1924 Ruo·

356 1965 638 2033 delahesbrunnen
661 1975 693 2033 et
716 1990 774 2053 per
794 1977 937 2033 montem
960 1968 1015 2053 qui
1038 1967 1157 2032 dicitur
1174 1967 1289 2032 Blesse
1311 1967 1344 2031 in
1359 1965 1579 2031 Arabenbach
1602 1973 1635 2029 et
1656 1987 1716 2050 per
1737 1964 1828 2030 illam
1851 1963 2010 2029 deorsum

355 2069 389 2132 in
412 2068 598 2135 Vuisaraha
622 2094 814 2157 sursumque
837 2070 1007 2157 perillam
1031 2093 1133 2156 usque
1155 2070 1212 2135 nbi
1235 2069 1401 2135 Sucinaha
1421 2067 1493 2133 fluit
1514 2069 1548 2132 in
1570 2090 1654 2133 cam.
1691 2067 1851 2133 Iussimus
1873 2085 2064 2153 quoquere

355 2171 418 2236 hoc
440 2183 630 2259 preceptum
653 2174 728 2240 inde
751 2174 914 2239 conscribi
936 2173 1072 2238 firmiter
1093 2175 1321 2259 precipientes,
1345 2181 1505 2257 quatenus
1528 2173 1696 2257 proefatus
1719 2170 1808 2236 abba
1829 2170 2010 2255 Mcgingoz

357 2276 470 2360 suique
499 2299 706 2342 successores
733 2276 833 2341 talem
856 2277 931 2341 inde
953 2275 1098 2341 habeant
1118 2276 1255 2341 ulterius
1278 2284 1475 2360 potestatem
1499 2275 1583 2339 sicut
1605 2283 1637 2339 et
1659 2273 1700 2339 de
1724 2273 1798 2337 aliis
1820 2272 1921 2338 rebus
1943 2294 2011 2358 que

356 2376 398 2441 ab
428 2381 570 2464 antiquis
599 2382 801 2466 temporibus
829 2381 873 2446 ad
901 2391 1116 2447 memoratum
1145 2379 1340 2445 coenobium
1369 2381 1530 2464 pertinere
1558 2376 1764 2442 videbantur.
1805 2377 1850 2442 Et
1877 2384 1916 2440 ut
1943 2374 2011 2440 hoc

355 2492 465 2548 nostre
488 2487 752 2552 commutationis
774 2493 964 2572 preceptum
986 2485 1114 2549 firmum
1145 2483 1326 2569 stabileque
1355 2491 1562 2567 permaneat,
1596 2504 1696 2546 mann
1721 2490 1836 2547 nostra
1863 2480 2011 2544 firmavi-

355 2607 428 2650 mus
451 2585 604 2673 anulique
626 2591 729 2654 nostri
751 2591 953 2674 inpressione
976 2589 1124 2674 insigniri
1147 2589 1310 2653 iussimus.
2027 2602 2062 2650 ea

457 2738 472 2823 ξ
494 2741 629 2828 Signum
652 2742 773 2810 domini
796 2744 931 2810 Henrici
955 2743 1020 2826 (M.)
1045 2743 1241 2808 serenissimi
1263 2743 1359 2827 regis.
1382 2741 1397 2824 l

457 2860 584 2948 {Popo
608 2865 754 2928 notarius
776 2863 926 2929 advicem
949 2862 1124 2928 Hildiberti
1148 2861 1402 2948 archicapellani
1425 2863 1602 2947 recognovi
1623 2860 1638 2944 ll
1661 2863 1731 2944 (SR.
1746 2858 1851 2941 NN.)b
1875 2861 1975 2942 (sl.)⁰

457 3012 583 3095 lData
612 3017 680 3082 kal.
708 3019 786 3082 iunii
814 3015 829 3097 l
856 3041 942 3084 anno
976 3019 1209 3083 incarnationis
1244 3017 1405 3083 dominice
1438 3032 1681 3100 nccccxxxm,
1720 3016 1899 3082 indictione
1928 3033 1968 3080 111
1981 3012 2007 3100 ⁴¹,

355 3129 512 3203 regnante
535 3121 682 3205 piissimo
706 3122 860 3187 Heinrico
884 3145 970 3187 anno
994 3119 1088 3203 xt1l3
1121 3132 1231 3186 actum
1253 3122 1521 3204 Franconovurt3
1555 3123 1588 3185 in
1620 3119 1672 3185 dei
1703 3120 1833 3184 nomine
1865 3118 2008 3183 feliciter

355 3242 460 3288 amen.
2026 3238 2060 3286 ao

1153 3413 1215 3491 36.

357 3566 531 3640 Heinrich
557 3567 697 3641 schenkl
722 3568 802 3642 dem
828 3568 970 3668 Grofcn
997 3567 1158 3668 Siqffmd
1182 3566 1404 3664 thniaqcn,
1432 3566 1700 3663 Kroppenstedt
1723 3566 1803 3640 aad
1826 3566 2005 3640 Emman-

357 3687 461 3784 dmll·
1498 3724 1697 3785 Nordlmusea
1719 3729 1782 3786 934
1805 3725 1888 3784 June
1908 3728 1960 3786 25.

459 3913 611 3984 Abscbrtft
633 3913 827 3987 Ktoclllnqers
848 3931 904 3974 cus
927 3914 993 3973 clem
1014 3914 1101 3973 Brute
1123 3913 1173 3973 cles
1196 3917 1247 3973 18.
1267 3912 1321 3972 Jb.
1346 3912 1393 3990 (ec
1415 3916 1596 3987 copiosum.
1621 3923 1649 3974 X
1655 3913 1692 3993 V.)
1718 3918 1750 3974 in
1771 3915 1874 3975 deseca
1889 3916 2004 3976 &nant-

459 4016 530 4091 lanp
552 4017 610 4080 Bu.
633 4021 693 4077 101
713 4036 748 4091 p.
772 4023 814 4078 97
835 4020 877 4076 itu¹
899 4018 928 4078 k.
952 4019 1153 4077 Strmtscrrclu'o
1174 4035 1215 4076 aaa
1236 4017 1378 4075 Mitltstcr
1401 4014 1464 4093 (A).
2023 4026 2056 4074 30

459 4171 639 4245 Kindlimer
653 4174 871 4232 Mttasleriscbe
885 4174 980 4234 Beilr.
996 4168 1039 4245 30,
1059 4179 1076 4233 1
1097 4143 1162 4232 πθ)
1187 4190 1244 4233 (tus
1259 4173 1287 4230 Α
1303 4197 1343 4227 .-.-
1360 4174 1548 4235 Helue-tunna
1564 4175 1627 4236 01).
1642 4174 1765 4235 Anlmlt.
1781 4180 1810 4245 1,
1830 4177 1847 4232 1
1867 4180 1903 4232 a⁰
1917 4178 1947 4234 1.
1964 4207 2005 4218 -

461 4275 590 4333 Rb‘lrmcr
611 4277 684 4349 aaa.
702 4280 751 4337 66.
776 4311 817 4320 -
841 4276 967 4350 Stumpf
985 4277 1057 4350 aeq.
1081 4281 1132 4336 43.

460 4430 547 4489 Neela
569 4431 622 4489 der·
644 4432 812 4507 Abbildanp
835 4431 884 4492 cles
907 4433 969 4493 SR.
992 4435 1025 4490 in
1047 4433 1074 4490 A
1097 4451 1152 4491 cca
1173 4433 1237 4493 ΡΑ.
1264 4432 1464 4508 rrnrerfenat,
1497 4434 1734 4493 contrectemus
1756 4434 1932 4507 acolacum
1952 4450 2005 4492 ann

464 4533 523 4590 ilua
542 4535 736 4606 pescluicbcn.
773 4536 833 4595 Die
854 4537 994 4609 Fussunp
1016 4537 1144 4611 ‹laqcyen
1167 4538 1298 4595 erinacrt
1320 4555 1361 4595 rm
1382 4538 1442 4597 SE.

563 4719 602 4785 In
624 4722 754 4786 nominc
778 4731 911 4786 sanctae
933 4731 966 4788 et
987 4721 1175 4788 individuae
1198 4723 1361 4789 trinitatis.
1393 4723 1568 4789 Heinricus
1587 4723 1697 4789 divina
1715 4723 1847 4788 favente
1864 4722 2004 4787 clemen·
2021 4731 2052 4780 36

359 4821 405 4887 tia
426 4843 495 4887 rex.
583 4823 619 4888 si
640 4823 786 4890 fidelium
808 4835 992 4891 nostrorum
1015 4826 1228 4913 petitionibus
1251 4827 1427 4892 clementer
1449 4828 1673 4911 annuerimus,
1696 4849 1763 4892 non
1786 4825 1891 4891 solum
1913 4825 2005 4910 regni

358 4946 481 4990 morem
510 4926 663 4991 decenter
691 4927 878 5012 implemus,
912 4951 1025 4994 verum
1053 4931 1152 4994 etiam
1182 4930 1314 4995 eosdem
1342 4930 1386 4995 ad
1415 4930 1581 4996 servitium
1609 4939 1757 4996 nostrum
1786 4929 2007 5019 promptiores

359 5028 529 5094 efficimus.
566 5030 645 5094 Ideo
668 5033 819 5096 noverint
843 5053 955 5096 omnes
977 5032 1090 5098 fideles
1114 5037 1217 5099 nostri
1240 5041 1408 5119 presentes
1432 5033 1556 5098 scilicet
1578 5041 1611 5096 ct
1632 5033 1748 5116 futuri,
1784 5031 1924 5119 qualiter
1945 5053 2006 5096 nos

360 5131 514 5216 Sigifrido
539 5133 657 5198 dilecto
681 5157 721 5199 ac
744 5134 833 5200 fideli
856 5136 967 5201 comiti
990 5146 1102 5201 nostro
1125 5145 1243 5222 rogatu
1265 5136 1399 5201 Henriei
1422 5135 1528 5201 fidelis
1558 5137 1686 5201 comitis
1714 5136 1819 5201 nostri
1844 5133 2007 5221 quasdam

358 5259 411 5300 res
433 5245 563 5301 nostras
586 5238 618 5301 in
641 5241 874 5324 proprietatem
897 5239 1102 5322 donavimus,
1124 5240 1187 5306 hoc
1203 5251 1261 5305 cst
1282 5244 1315 5307 in
1337 5262 1424 5328 pago
1441 5240 1563 5305 Sucuia
1585 5240 1777 5304 nominato⁸
1798 5239 1832 5303 in
1847 5239 2007 5304 comitatu
2025 5246 2059 5295 40

461 5424 503 5479 35.
531 5427 560 5490 b)
571 5427 642 5492 filas
652 5427 761 5479 bialum
777 5428 819 5479 dic
836 5429 887 5480 dm
906 5428 989 5479 Noton
1005 5445 1054 5478 oon
1072 5428 1132 5479 PB.
1150 5445 1193 5478 aaa
1210 5430 1331 5481 adclutea
1350 5431 1449 5493 ateltcn,
1477 5430 1539 5480 aber
1555 5432 1621 5481 arech
1643 5430 1727 5482 denen
1747 5445 1797 5482 ooo
1819 5428 1876 5480 ΡΛ.
1898 5428 2009 5494 nachgo-

532 5494 609 5546 bt'ldet
627 5500 683 5548 adn
700 5496 799 5548 tamer
891 5502 917 5560 c)
935 5497 984 5547 das
1001 5496 1086 5561 Sieqel
1102 5499 1139 5547 im
1152 5497 1204 5550 Stil
1220 5499 1265 5549 des
1282 5503 1322 5550 12.
1335 5500 1381 5551 Jlt.
1400 5500 1444 5551 aas
1461 5501 1505 5551 dic
1520 5500 1637 5566 Legenda
1653 5498 1846 5551 HEtlthcvs
1864 5499 1938 5551 REX
1955 5498 2011 5549 morl

530 5564 599 5615 atellt
616 5566 667 5616 den
684 5566 771 5632 Kdna’q
788 5568 834 5617 mtt
852 5566 910 5616 dem
928 5565 1042 5617 Sebwert
1060 5567 1089 5615 in
1111 5567 1159 5617 der
1176 5566 1277 5617 La'olcen
1299 5568 1364 5634 dar,
1386 5586 1440 5618 uas
1457 5569 1511 5632 aas
1521 5571 1563 5619 eia
1582 5567 1778 5635 Gericdtssieqel
1793 5565 1932 5618 acblteasen
1947 5567 2011 5617 ΗΜ

533 5633 560 5698 d)
579 5634 647 5684 wohl
664 5634 813 5686 molendas
830 5653 878 5685 aua
895 5635 949 5686 ind.
967 5646 999 5685 VI
1014 5673 1036 5685 ..
1052 5652 1120 5686 arrno
1140 5649 1187 5688 xv.

463 5733 505 5790 tt.
532 5734 625 5802 [l'olta]
729 5739 756 5799 a)
773 5742 936 5790 nominatum
953 5738 985 5791 A.
2024 5742 2058 5791 ⁴⁶
