4298 6414
905 450 1030 508 0'l'T0
1052 451 1077 510 1.
1102 445 1291 506 eor-973.
1854 441 1915 507 631

272 648 385 713 Pagone
408 653 435 698 et
457 640 640 712 pertinentia¹²
663 646 697 697 ad
719 645 806 696 locum
829 645 875 711 qui
898 644 995 695 dicitur
1017 644 1104 709 Caput
1126 644 1172 695 Asi
1196 660 1228 695 ex
1250 650 1363 710 utreque
1384 650 1458 709 parte
1480 644 1546 696 Pedi
1571 662 1629 697 cum
1652 645 1746 697 insulis
1767 648 1844 697 iuxte
1860 664 1918 712 pre-

274 749 372 801 dictam
394 751 568 816 piscationem
590 749 633 800 vel
655 748 781 815 quicquid
803 766 820 797 s
842 747 1014 799 donationum
1037 750 1224 812 imperatorum
1247 748 1362 813 optinuit
1383 747 1426 799 vel
1448 748 1538 799 Padus
1560 751 1659 800 invesit
1681 755 1728 799 aut
1749 751 1777 799 in
1800 750 1918 800 futurum

273 855 413 920 inruperit,
444 854 528 905 eidem
551 859 672 905 sanctum
694 835 805 905 locum'
824 852 953 902 tradimus
969 857 995 902 et
1010 850 1201 902 confirmemus.
1224 868 1240 899 e
1263 850 1321 901 Sint
1344 866 1448 917 quoque
1467 867 1557 902 omnes
1582 868 1624 902 res
1646 854 1730 917 ipsius
1753 837 1917 915 monastriis,

273 957 358 1006 abbas
382 962 409 1007 et
430 957 553 1007 monachi
575 957 748 1021 hominesque
769 955 847 1006 liberi
869 959 896 1005 ct
918 956 987 1004 servi
1010 955 1059 1005 sub
1083 960 1174 1004 nostre
1195 954 1362 1019 defensione;
1393 961 1420 1006 et
1442 957 1464 1005 si
1486 957 1630 1006 necessitas
1653 956 1746 1019 fuerit,
1778 956 1811 1007 do
1837 957 1916 1007 rebus

237 1061 427 1113 omonesterii
456 1076 503 1126 per
528 1059 731 1125 inquisicionem
759 1059 964 1124 circumquaque
993 1059 1153 1108 manentium
1175 1058 1305 1107 bonorum
1328 1059 1463 1108 hominum
1485 1060 1554 1108 sicut
1576 1058 1609 1109 de
1631 1061 1728 1109 nostris
1750 1060 1830 1110 rebus
1851 1053 1915 1107 αι’

269 1154 460 1228 opprobleltur.
504 1156 570 1213 Εοι
591 1164 667 1211 iuxta
689 1142 871 1211 diffinitionef
891 1157 923 1211 et
945 1161 1062 1213 eiusdem
1085 1161 1249 1226 Liudprendi
1272 1163 1341 1228 regis
1368 1147 1542 1213 fundatore
1570 1148 1716 1212 eiusdem
1744 1147 1810 1213 loci
1833 1164 1911 1214 liceat

271 1264 304 1315 de
325 1266 435 1331 proprie
458 1265 661 1331 congregatione
684 1265 807 1315 abbatem
830 1264 940 1330 eligere,
970 1265 1009 1314 ite
1030 1271 1060 1315 ut
1083 1265 1158 1315 nulle
1179 1280 1259 1329 super
1281 1249 1338 1331 eloe
1359 1247 1544 1333 ln]du(tatur
1565 1257 1623 1314 aut
1650 1264 1834 1316 introducatur
1856 1281 1913 1330 per-

270 1383 345 1418 sone
380 1367 526 1418 statuimus
545 1369 623 1419 etiam
641 1373 671 1416 ut
685 1367 776 1417 nullus
793 1366 939 1433 reipublice
962 1354 1141 1435 magisterl
1163 1369 1190 1416 in
1213 1366 1339 1431 predictis
1361 1366 1479 1416 cortibus
1500 1366 1543 1415 vel
1566 1367 1632 1415 vicis
1654 1366 1752 1418 liberos
1774 1383 1805 1417 ec
1823 1383 1914 1418 servos
1980 1350 1982 1354 Ι

270 1473 421 1536 inquietare
443 1476 490 1521 eut
511 1470 545 1521 ad
568 1471 696 1536 placitum
717 1476 804 1521 tresre
825 1476 872 1521 eut
893 1471 921 1519 in
944 1469 1041 1520 finibus
1064 1470 1121 1520 eius
1143 1470 1271 1535 placitum
1293 1475 1383 1520 tenere
1405 1472 1451 1518 eut
1473 1468 1587 1534 aliquem
1609 1470 1749 1536 pignorare
1770 1476 1912 1535 presumat,

222 1579 253 1626 10
271 1580 299 1624 et
321 1574 449 1640 quioquid
466 1574 500 1624 ad
518 1574 655 1639 publicum
677 1575 817 1638 portinent,
840 1573 925 1624 eidem
947 1575 1106 1624 monestede
1129 1575 1205 1623 iuxta
1226 1579 1376 1623 nostrorum
1399 1578 1594 1623 autecessorum
1611 1567 1646 1622 e*
1669 1574 1799 1624 stabiliter
1821 1574 1913 1625 confir-

270 1690 382 1727 mamus.
405 1693 422 1725 α
444 1675 595 1727 Secundum
610 1677 658 1726 hec
674 1677 753 1726 etiam
769 1675 869 1742 regalia
890 1677 990 1740 scripte
1011 1678 1155 1727 seuctimus
1177 1682 1204 1726 et
1224 1677 1406 1726 interdicimus
1424 1677 1546 1726 omnibus
1573 1677 1732 1739 hominibus,
1755 1681 1786 1727 ut
1811 1678 1912 1727 nullum

269 1784 429 1844 potestatem
453 1778 577 1845 deinceps
599 1785 739 1830 exerceant
760 1781 789 1828 iu
811 1779 936 1844 predictis
959 1779 1038 1830 rebus
1061 1780 1094 1829 ed
1116 1784 1233 1829 nostrum
1255 1779 1402 1831 mercedem
1424 1780 1560 1830 monachis
1583 1780 1710 1846 delegetis
1725 1780 1768 1830 vel
1790 1782 1913 1831 abbatem

270 1883 300 1931 in
322 1883 412 1949 aliquo
435 1883 602 1945 conturbent,
625 1882 671 1933 sed
693 1882 773 1933 liceat
795 1883 886 1933 ebbeti
910 1884 1017 1948 suisque
1039 1882 1175 1933 monachis
1197 1883 1246 1933 sub
1270 1882 1362 1948 regula
1384 1884 1469 1933 sancti
1489 1882 1627 1933 Benedicti
1650 1883 1744 1949 degere
1762 1888 1789 1934 et
1806 1884 1914 1935 cottidie

272 1984 322 2036 deo
344 1986 438 2037 leudes
459 1984 508 2052 pr'o
530 1987 618 2036 enims
640 1991 728 2037 nostre
750 1987 886 2051 nostrique
908 1987 982 2052 regni
1005 1985 1090 2036 salute
1112 1986 1177 2035 inibi
1201 1985 1293 2036 olierre
1308 2002 1331 2035 s.
1366 1984 1393 2034 Si
1416 1987 1475 2051 quis
1497 1979 1605 2035 autem
1628 1987 1708 2036 liuius
1726 1991 1815 2037 nostre
1837 1993 1914 2036 auc·

223 2092 253 2139 16
272 2075 415 2138 toritetis
437 2089 551 2140 violator
573 2089 692 2151 estiterit,
716 2090 782 2138 sciat
805 2104 833 2139 se
855 2091 1063 2153 compositurum
1085 2090 1143 2138 euri
1158 2089 1250 2153 optimi
1265 2088 1347 2138 libres
1363 2082 1502 2156 centum,
1526 2088 1693 2139 medietatem
1708 2104 1810 2141 camere
1825 2096 1914 2140 nostre

272 2201 300 2244 et
321 2193 488 2244 medietatem
510 2194 613 2259 prefato
636 2195 794 2243 monasterio
811 2176 879 2242 Geli
896 2179 996 2241 aurel.
1034 2191 1112 2254 Quod
1135 2198 1165 2241 ut
1187 2192 1276 2241 verius
1298 2191 1421 2241 credatur
1443 2196 1469 2241 et
1491 2191 1644 2257 diligentius
1666 2192 1700 2242 ab
1723 2193 1846 2243 omuibus
1869 2194 1914 2243 ob·

272 2302 400 2359 servetur,
423 2281 486 2345 hoc
510 2290 697 2367 preceptum
720 2279 795 2345 inde
817 2280 997 2364 perfectum
1020 2295 1142 2345 menibus
1161 2295 1276 2359 propriis
1298 2278 1528 2344 confirmantes
1551 2296 1634 2345 nostri
1652 2296 1732 2361 sigilli
1750 2297 1915 2362 inpressione

272 2399 383 2449 inferius
408 2400 533 2449 iussimus
555 2398 684 2463 insigniri.

381 2521 470 2586 Date
513 2523 651 2607 septimo
693 2517 854 2585 kalendas
898 2517 954 2583 iul.
1000 2517 1177 2583 indictione
1221 2519 1339 2601 tercie,
1388 2520 1466 2584 enni
1510 2519 1632 2585 domini
1678 2520 1913 2585 incemationis

222 2638 256 2685 90
275 2639 581 2689 cccccccccxvnn.

374 2758 547 2844 {sigumf
567 2760 676 2825 domni
701 2759 832 2824 Ottonis
857 2760 927 2839 (SI.)
951 2759 1015 2839 (M.)
1040 2760 1230 2823 serenisimo
1253 2755 1389 2842 regis}

375 2861 388 2943 ἒ
410 2863 597 2929 Bernerdus
619 2858 881 2938 cecellarius.‘}

1052 3085 1138 3158 loa.

1005 3239 1185 3318 (Unccbt.)

223 3408 257 3455 se
284 3375 364 3452 Ouo
398 3378 558 3474 beetdtiyt
592 3377 649 3449 die
682 3374 895 3474 Sebenkooq
927 3376 987 3449 dos
1021 3375 1165 3473 Grafeo
1200 3377 1327 3450 Furius
1362 3403 1413 3448 on
1446 3377 1512 3449 dee
1544 3378 1688 3450 Kloster
1720 3375 1759 3451 S.
1788 3378 1915 3450 Mario

274 3498 457 3594 srzopyiore
483 3497 524 3568 iu
551 3496 733 3569 Mailcnd.
1455 3518 1531 3576 Rom
1555 3520 1617 3577 904
1639 3517 1797 3576 Βαααὺα
1817 3520 1869 3577 24.

380 3704 520 3764 Uritumis
541 3705 575 3761 in
596 3701 800 3776 Dipbmform
821 3705 864 3761 im
885 3704 913 3762 0.
931 3703 1132 3764 Stootsarcbin
1152 3723 1192 3762 su
1215 3704 1355 3762 dioilami
1377 3703 1437 3783 (A).

377 3856 456 3929 Risu
482 3857 618 3916 Gloriosa
645 3857 784 3915 nobilitas
813 3856 854 3914 iil.
884 3855 1022 3927 [crosilios
1048 3858 1252 3916 Viccoomitum
1276 3857 1427 3936 (Mationd
1450 3858 1547 3937 1071)
1572 3864 1614 3920 42
1634 3866 1669 3918 αθ
1692 3863 1711 3920 0
1740 3878 1797 3920 eus
1819 3861 1846 3917 A
1874 3879 1914 3919 su

377 3967 448 4023 969.
472 3996 514 4004 -
537 3959 666 4034 Stentpf
683 3959 760 4019 Atta
783 3960 858 4019 ised.
884 3963 945 4021 609
967 3967 1001 4018 n⁰
1024 3965 1086 4019 494
1108 3962 1208 4021 ααεΑ
1230 3981 1270 4020 eu
1285 3965 1358 4023 963.
1383 3995 1424 4003 -
1448 3961 1575 4036 Stuotpf
1586 3963 1660 4036 ch.
1676 3966 1755 4023 334⁰
1776 3982 1817 4021 su
1839 3967 1912 4024 963.

378 4117 432 4175 Ais
454 4117 558 4190 Belcpe
580 4115 635 4187 [ον
657 4119 742 4174 einen
765 4116 970 4176 Stommboem
993 4117 1044 4174 cler
1064 4118 1192 4176 Visconti
1219 4118 1321 4176 werde
1348 4135 1418 4176 sum
1446 4121 1542 4176 erstem
1564 4118 1646 4176 Male
1671 4136 1727 4177 von
1749 4117 1828 4191 Bisa
1850 4120 1914 4177 oisc

376 4221 470 4280 Reibc
484 4237 539 4278 son
555 4219 718 4279 Urkueden
735 4217 789 4290 fiir
805 4220 834 4279 S.
852 4219 956 4277 Morio
970 4221 1118 4293 omppiore
1139 4219 1354 4291 veroffontlicbt,
1378 4236 1433 4278 son
1455 4220 1549 4278 denen
1570 4221 1635 4278 bier
1655 4222 1747 4279 nobee
1768 4220 1834 4279 Do.
1852 4223 1917 4281 409

376 4341 437 4382 nor
463 4323 536 4381 eceb
563 4325 635 4380 αισα·
657 4322 727 4380 DD.
753 4322 941 4396 Bareaporl.
969 4338 1025 4379 ron
1047 4324 1111 4381 898
1133 4322 1197 4379 uod
1219 4325 1281 4381 920
1304 4320 1465 4399 (onpcblicb
1487 4323 1521 4380 in
1545 4323 1759 4381 ibonssemtso
1788 4322 1912 4382 00312.

377 4426 441 4484 end
463 4425 513 4483 dee
536 4429 586 4483 13.
604 4423 657 4484 Jb.
680 4423 834 4502 eriolten),
858 4425 940 4482 ticos
962 4425 1011 4481 ein
1032 4423 1072 4482 D.
1096 4424 1251 4496 Berosqar
1269 4433 1308 4483 ll.
1339 4425 1403 4483 ond
1424 4424 1581 4484 Adciberts
1602 4442 1658 4484 oon
1681 4428 1753 4496 950,
1777 4427 1840 4483 cinc
1859 4426 1914 4484 Ur·

377 4527 476 4585 kumle
497 4527 546 4585 des
566 4524 683 4596 Grofen
699 4524 878 4596 Bonifocius
900 4543 956 4584 con
978 4527 1040 4586 959
1063 4528 1117 4584 orit
1139 4528 1307 4585 intormem
1329 4526 1368 4585 D.
1392 4527 1446 4585 der
1467 4528 1702 4600 reuomentes
1722 4529 1839 4601 Kdnipe
1860 4545 1915 4585 non

377 4632 441 4690 958
462 4630 526 4689 uod
547 4629 602 4687 dae
623 4629 662 4687 D.
682 4628 747 4688 Otto
764 4637 821 4688 ΙΙΙ.
844 4647 900 4688 von
914 4634 979 4689 997
993 4627 1122 4701 &umes
1132 4631 1203 4703 Rep.
1220 4633 1320 4690 1119α
1342 4629 1503 4703 anpefttbrt
1525 4630 1640 4688 werden
1662 4637 1780 4703 mdqem
1800 4632 1844 4690 sic
1858 4630 1916 4688 ulie
1995 4684 1999 4689 .

375 4734 465 4792 solies
480 4733 619 4791 beweiscn
634 4732 703 4791 ciue
718 4732 766 4790 dic
782 4733 910 4791 Visconti
926 4733 1088 4792 deotsdben
1105 4732 1286 4792 Gescbiccbtc
1307 4735 1471 4807 mecheren
1491 4735 1546 4791 soie
1567 4733 1621 4791 der
1635 4732 1763 4804 Biscbof
1773 4731 1844 4791 Atto
1859 4751 1915 4791 too

380 4838 498 4896 Verceilt
523 4836 587 4895 und
609 4836 678 4895 dass
701 4836 798 4896 dieser
819 4838 978 4895 wiederem
1000 4854 1064 4896 vom
1079 4837 1117 4894 K.
1134 4836 1312 4895 Desiderius
1334 4838 1503 4895 abstomme.
1539 4836 1600 4894 Mic
1622 4836 1700 4894 olleo
1722 4836 1820 4895 diesen
1842 4836 1914 4894 For-

375 4942 523 5014 3αο00900
543 4940 654 4998 seiont
676 4941 746 4997 aber
767 4941 843 4998 aucis
865 4940 920 4998 dos
945 4941 1111 5000 Testament
1131 4940 1180 4998 des
1201 4939 1239 4998 B.
1262 4938 1333 4997 Atto
1357 4941 1409 4996 mil
1429 4941 1531 4997 seinse
1550 4943 1630 4997 sonet
1656 4940 1736 4998 eicit
1758 4940 1915 5012 beseepten

375 5043 612 5116 pcecolooiscbcn
627 5042 766 5115 Ancoben
781 5044 1117 5115 sueammcneebdspen,
1141 5042 1244 5101 deesse
1258 5042 1392 5101 Ecleltcit
1413 5059 1469 5100 ooo
1484 5042 1569 5115 Jebcr
1590 5043 1658 5101 sebr
1679 5044 1830 5101 nestrorum
1851 5043 1915 5101 end

377 5163 433 5203 oon
453 5146 550 5218 Troyo
574 5143 708 5222 (littoreo
724 5145 755 5202 al
769 5145 921 5204 Eesrordo
939 5146 975 5204 cd
991 5146 1021 5204 oi
1036 5145 1153 5215 Attene,
1176 5145 1288 5218 Neopei
1302 5143 1399 5222 1845)
1423 5147 1478 5203 mit
1498 5145 1615 5203 nicitten
1637 5147 1776 5204 erwiesen
1797 5146 1915 5204 worden

377 5251 426 5308 ist.
464 5247 552 5307 Solito
573 5264 638 5305 nun
663 5248 725 5306 dies
754 5248 928 5318 Testament,
952 5251 1006 5306 soie
1028 5249 1115 5307 sebon
1138 5249 1259 5307 Beseda
1280 5251 1313 5306 in
1334 5248 1488 5306 Meratori
1511 5246 1563 5308 SS.
1581 5249 1646 5316 10⁶,
1664 5249 1704 5307 85
1727 5249 1912 5319 namnetim,

376 5356 435 5410 eret
456 5350 533 5409 nocis
554 5350 619 5408 dem
639 5351 815 5409 Mitteioltsr
840 5350 1018 5424 ospefesiipt
1044 5351 1162 5410 worden
1186 5355 1264 5422 sein,
1297 5367 1330 5409 so
1358 5351 1459 5409 wei-rtis
1485 5350 1540 5410 due
1568 5350 1642 5409 wobl
1662 5351 1735 5409 nocis
1756 5351 1839 5409 mehr
1859 5368 1915 5410 voe

377 5452 528 5515 190409
547 5454 801 5526 euqeitmbobee
816 5454 879 5512 und
898 5455 954 5512 wir
974 5454 1097 5513 werden
1119 5454 1249 5513 dasecibc
1270 5469 1326 5513 aes
1349 5453 1445 5512 dieser
1467 5453 1642 5527 Ssmmbosp
1663 5453 1915 5514 aessescdliesscn

362 5638 420 5692 sol.
448 5641 477 5702 u)
495 5637 525 5702 A,
549 5640 725 5705 pertingentia
742 5637 797 5688 VU.
899 5639 928 5699 v)
945 5654 976 5687 aa
993 5641 1117 5703 erqiiceee
1139 5639 1176 5689 rei
1195 5639 1291 5689 veritas
1394 5639 1422 5699 x)
1440 5634 1463 5688 A
1484 5643 1545 5689 stau
1568 5643 1595 5687 st
1695 5637 1724 5703 y)
1739 5636 1771 5702 A,
1796 5638 1915 5689 minister

445 5707 498 5758 Vll.
603 5710 626 5771 z)
642 5724 673 5757 ee
690 5710 814 5772 equesen
832 5710 1038 5758 concessionem.
