4500 6420
959 475 1407 535 KAISERURKUNDEN.

1143 655 1229 731 290.

372 806 453 884 Otto
481 810 642 908 bernayo
667 810 737 883 deo
764 810 992 884 Besitzstood
1017 812 1077 884 des
1103 812 1264 884 Klosters
1291 808 1330 886 S.
1356 785 1455 884 liora
1482 812 1538 884 bei
1568 811 1667 885 Tout.

1644 953 1725 1010 Kotor
1747 955 1810 1012 965
1834 952 1914 1011 Just
1933 956 1965 1012 2.

463 1140 609 1199 Mobitloo
631 1140 707 1199 aaa
730 1140 783 1201 SS.
807 1141 850 1199 ed.
872 1150 896 1213 1,
919 1159 993 1201 saer.
1019 1145 1047 1212 5,
1072 1145 1136 1202 892
1157 1143 1320 1215 Fragment
1336 1140 1396 1220 (B).
1421 1176 1462 1184 —
1480 1142 1591 1200 Colmet
1607 1141 1686 1199 nist.
1704 1142 1740 1198 rte
1755 1141 1904 1200 Lorroiae
1919 1141 1962 1199 cd.
1983 1149 2006 1211 1,

463 1247 505 1312 1⁶,
529 1247 592 1302 374
617 1241 670 1323 (A)
697 1268 735 1295 =
759 1245 803 1304 ed.
823 1253 864 1314 11,
889 1248 930 1314 20,
953 1248 1027 1315 218,
1053 1269 1092 1297 --
1115 1245 1252 1318 quaet
1275 1250 1304 1315 9,
1329 1250 1392 1305 390
1414 1251 1449 1303 a⁰
1471 1248 1522 1304 12.
1553 1278 1594 1287 -
1623 1244 1753 1303 Botmer
1774 1245 1843 1317 Rep.
1867 1248 1941 1304 295.
1965 1256 2042 1303 —5
2072 1243 2076 1249 ’

465 1344 593 1418 Stampf
611 1347 681 1419 Rea.
707 1350 779 1406 368.

462 1482 525 1540 Der
539 1482 677 1542 Dictator
698 1482 731 1560 (e.
749 1483 845 1542 Duo.
861 1487 935 1554 288,
952 1481 1028 1562 289)
1051 1485 1186 1541 beautrte
1207 1485 1373 1557 corrogitat
1395 1484 1463 1545 Do,
1480 1488 1531 1554 92,
1556 1484 1688 1543 danaber
1710 1483 1767 1555 sttr
1789 1486 1875 1542 eroco
1894 1485 2008 1543 Passus

465 1583 513 1663 (Z.
530 1587 682 1664 35—44)
707 1586 761 1645 clos
784 1586 823 1645 D.
848 1588 925 1645 Kort
944 1597 1000 1647 111.
1024 1587 1153 1645 Bolrmer
1177 1588 1248 1659 Rea.
1271 1589 1346 1646 Kar.
1372 1591 1444 1657 980,
1479 1588 1593 1646 aulico
1622 1588 1696 1646 iuuat
1723 1588 1800 1646 arrclr
1830 1589 2009 1657 tarbellicus

465 1689 628 1747 Urtanrtea
649 1693 704 1748 wie
725 1690 772 1748 die
801 1691 851 1749 des
879 1692 916 1749 Β,
940 1691 1109 1749 Gaualinas
1132 1688 1256 1767 (eutero
1278 1691 1298 1750 t.
1322 1709 1344 1749 c.
1369 1689 1452 1769 342).
1497 1691 1548 1750 Da
1577 1692 1656 1749 diosc
1684 1691 1900 1750 Vororlruodea
1928 1692 2008 1749 nictit

464 1794 637 1851 ausrcicheo
659 1793 716 1851 dea
737 1794 923 1852 stetteaweise
944 1794 1114 1852 oerttcrbtca
1139 1794 1211 1851 Teat
1233 1795 1457 1864 essentessent,
1481 1795 1574 1853 moen
1592 1796 1649 1852 wir
1661 1794 1735 1852 acob
1749 1794 1797 1851 die
1812 1794 2008 1866 Bestr'ttioanp
2028 1804 2060 1852 ιο

464 1913 520 1952 reos
541 1895 607 1954 DO.
630 1901 695 1956 290
725 1897 817 1955 duret
840 1898 965 1955 Kourod
984 1891 1024 1956 ii.
1054 1915 1119 1956 rom
1142 1897 1174 1955 J.
1199 1901 1283 1957 1033
1305 1916 1346 1956 aa
1368 1897 1464 1968 Hutfe
1482 1915 1662 1970 poaommea,
1692 1898 1720 1956 d.
1745 1898 1771 1955 a.
1803 1898 1860 1955 dea
1884 1899 2008 1956 Extract

464 1999 518 2055 dor
539 2000 734 2070 botrcffemtoo
759 2001 901 2059 Urlraodc
924 1999 1053 2073 Stampf
1070 2002 1143 2072 Rea.
1167 2003 1253 2060 2048
1275 2001 1338 2058 aad
1366 2002 1413 2059 dte
1438 2002 1686 2072 uetuuroeuuuq
1713 2000 1861 2058 dersclbca
1884 1999 2012 2072 Stomps

463 2102 534 2174 Rea.
556 2105 652 2171 2047,
676 2103 740 2160 tier
761 2105 794 2160 in
816 2103 873 2159 (tea
895 2104 992 2161 Noton
1014 2106 1068 2160 ortt
1092 2101 1200 2161 Gonu
1222 2105 1253 2161 D
1275 2105 1443 2162 beaeiclmet.

566 2287 604 2351 In
634 2289 764 2352 nomine
793 2298 926 2353 sanctae
957 2297 989 2352 et
1017 2288 1202 2352 individuae
1230 2289 1395 2353 trinitatis.
1440 2287 1517 2354 Otto
1542 2289 1653 2353 divina
1675 2288 1881 2374 providentia
1908 2290 2007 2373 impe·

360 2397 450 2453 rator
467 2387 518 2474 <et
534 2387 682 2475 semper>
704 2400 871 2473 augustus.
959 2404 986 2454 Si
1009 2413 1048 2454 88
1071 2421 1139 2470 quae
1161 2405 1196 2454 ad
1218 2421 1354 2456 servornm
1377 2406 1419 2455 dei
1442 2409 1556 2472 quietem
1578 2409 1719 2471 pertinent,
1742 2407 1913 2456 devotissima
1936 2406 2006 2455 solli·
2028 2404 2058 2450 lo

362 2510 479 2559 citudine
502 2514 529 2559 et
550 2510 679 2574 imperiali
703 2495 926 2559 munificentia
944 2492 1111 2559 studemus
1134 2523 1284 2572 procurare,
1307 2509 1341 2558 ad
1364 2508 1571 2559 emolumentum
1593 2510 1696 2558 animae
1719 2514 1825 2558 nostrae
1848 2502 1946 2578 atque
1965 2492 2009 2556 ad

362 2597 557 2682 capiendam
585 2600 878 2662 remunerationem
908 2607 1059 2661 aeternae
1086 2598 1172 2660 vitae
1203 2612 1253 2661 hou
1275 2612 1367 2676 procul
1391 2612 1472 2662 dubio
1494 2628 1548 2662 uon
1571 2612 1723 2662 dubitamus
1752 2614 1896 2675 pertinere,
1931 2597 2008 2681 quia

362 2699 456 2765 nobis
479 2700 522 2765 ad
546 2699 659 2765 salutis
683 2712 892 2785 augmentum
915 2701 1078 2786 proficite,
1114 2722 1188 2764 cum
1218 2710 1322 2764 status
1352 2710 1484 2764 sanctae
1513 2698 1564 2763 dei
1589 2699 1748 2764 eeclesiae
1770 2709 1882 2764 nostra
1905 2701 2008 2763 inten-

362 2805 450 2868 tione
465 2806 592 2868 ereseit.
626 2819 728 2868 Idcirco
750 2825 842 2870 notum
866 2819 922 2870 fieri
946 2819 1067 2869 volumus
1090 2805 1249 2868 universis
1272 2803 1417 2869 eiusdem
1441 2823 1548 2868 sanctae
1570 2835 1586 2866 a
1609 2819 1736 2868 ecclesiae
1759 2802 1834 2866 filiis
1857 2824 1917 2866 neo
1941 2824 2007 2865 non

361 2917 394 2969 et
424 2908 549 2971 eunetis
578 2920 701 2971 fidelibus
730 2923 826 2972 nostris
855 2917 922 2972 tum
953 2923 1136 2986 praesentibus
1165 2923 1266 2972 scilieet
1294 2929 1392 2993 quam
1420 2922 1531 2984 futuris,
1565 2923 1628 2986 qnia
1651 2904 1817 2970 Gerendus
1847 2920 2059 2969 venerabilitate

362 3026 528 3075 Leuohorum
552 3026 625 3074 urbis
648 3027 788 3090 episcopus
816 3019 961 3075 nostram
984 3009 1187 3096 imperialem
1211 3011 1484 3094 magnificentiam
1506 3010 1621 3075 adiens
1643 3009 1807 3073 humiliter
1830 3027 1962 3090 suggessit
1983 3042 2007 3086 a,

362 3129 494 3193 quoddam
517 3130 705 3178 rnonasterinm
727 3131 754 3177 in
777 3130 905 3179 sulmrbio
928 3130 1045 3179 ciusdem
1069 3145 1133 3179 suae
1156 3130 1272 3178 civitatis
1294 3113 1486 3199 abantiquo
1504 3135 1575 3177 esse
1590 3112 1771 3190 fundatum,
1795 3128 1841 3177 ubi
1857 3111 2009 3177 videlieet

362 3238 469 3281 sauctus
492 3239 531 3280 ac
550 3217 759 3281 beatissimus
783 3233 917 3282 consessor
940 3217 1061 3282 domini
1084 3234 1155 3296 Aper
1177 3233 1331 3297 agnoscitur
1353 3231 1507 3294 tumulatus,
1531 3213 1645 3301 quodb
1667 3215 1709 3279 ab
1725 3225 1932 3279 antecessore
1948 3237 2007 3279 suo

361 3321 469 3385 bonae
496 3321 671 3384 memoriae
701 3317 863 3384 Gauzlino
893 3322 1047 3406 pontifice
1076 3323 1107 3384 in
1138 3337 1266 3401 regutaris
1294 3337 1365 3385 viare
1395 3342 1544 3384 normam
1572 3319 1726 3402 religiosa
1753 3318 1925 3383 devotione
1949 3341 2007 3382 nec

361 3447 428 3488 non
456 3447 564 3488 rerum
594 3425 858 3506 augmentatione
885 3424 992 3487 suerat
1014 3434 1211 3509 reparatum.
1249 3423 1345 3487 Unde
1368 3432 1400 3487 et
1421 3422 1508 3487 idem
1531 3421 1697 3487 Gerardus
1720 3421 1851 3506 praesul
1874 3422 2007 3506 praede·
2025 3440 2059 3487 aa

362 3530 502 3594 cessoris
526 3530 574 3591 sni
599 3527 765 3609 religionis
788 3527 973 3612 exemplum
997 3530 1087 3612 sequi
1111 3527 1301 3592 desiderans
1324 3537 1356 3591 et
1377 3528 1486 3592 locum
1509 3525 1640 3591 divinae
1663 3527 1826 3590 servitutis
1851 3526 2006 3611 obsequio

362 3633 585 3716 mancipatum
613 3645 728 3711 regulari
758 3653 886 3717 quoque
915 3661 946 3696 aa
968 3648 1113 3696 aromatico
1137 3647 1222 3696 ordini
1253 3647 1370 3696 dulium
1401 3632 1594 3695 confirmare
1623 3640 1656 3694 et
1687 3629 1843 3714 ampliare
1872 3633 2007 3715 cupiens

364 3734 541 3819 imperialis
564 3735 743 3798 maiestatis
766 3743 898 3798 nostrae
922 3733 1153 3800 sublimitatem
1177 3738 1278 3821 petiit,
1304 3736 1408 3801 eidem
1433 3758 1511 3799 suae
1533 3734 1779 3820 gubernationis
1799 3734 1872 3799 loco
1895 3736 2008 3798 immu-

362 3840 497 3901 nitatem
521 3839 589 3901 iure
612 3838 820 3922 imperatorio
840 3859 860 3900 a
881 3837 975 3901 nobis
992 3860 1064 3902 esse
1082 3837 1324 3904 concedendam
1338 3849 1358 3920 ⁰,
1383 3848 1543 3924 quatenus
1559 3837 1711 3902 monachi
1728 3837 1788 3901 sub
1806 3838 2006 3922 professione

362 3941 522 4025 regularis
539 3943 624 4004 vitae
648 3943 681 4004 in
703 3964 742 4006 eo
766 3941 838 4005 loco
862 3941 923 4005 deo
948 3940 1166 4006 deservientes
1190 3944 1297 4028 quiete
1319 3943 1466 4006 viverent
1487 3951 1519 4005 et
1541 3963 1599 4026 pro
1622 3940 1718 4004 nobis
1737 3951 1768 4004 et
1786 3940 1876 4025 prole
1894 3950 2007 4004 nostra
2025 3959 2059 4007 30

364 4045 485 4109 domini
518 4043 773 4108 misericordiam
803 4043 1016 4109 invocarent‘l
1045 4055 1077 4109 et
1104 4069 1156 4109 res
1186 4068 1268 4132 quac
1292 4045 1334 4109 ab
1358 4044 1620 4110 antecessoribus
1650 4045 1752 4128 ipsius
1776 4046 1844 4107 sive
1867 4043 1909 4107 ab
1934 4043 2007 4107 aliis

363 4145 622 4211 Christianorum
644 4146 787 4211 fidelium
811 4151 958 4233 personis
983 4150 1119 4214 diversis
1141 4149 1342 4235 temporibus
1366 4149 1470 4214 eidem
1489 4148 1562 4212 loco
1579 4146 1718 4211 collatae
1735 4148 1863 4210 lucrant
1878 4157 1909 4210 et
1925 4170 2006 4233 quas

363 4252 433 4335 ipse
455 4250 621 4333 religionis
643 4272 754 4314 amore
776 4249 828 4313 vel
852 4260 968 4335 sponte
990 4254 1152 4317 concessit
1174 4252 1225 4316 vel
1249 4263 1324 4318 ante
1348 4252 1550 4318 substractas
1579 4249 1685 4314 denuo
1713 4252 1868 4331 restituit,
1902 4249 2006 4315 libera

362 4353 520 4417 facultate
549 4353 665 4417 fratres
694 4352 815 4417 ibidem
844 4358 1060 4420 consistentes
1091 4367 1247 4441 perpetua
1277 4359 1449 4422 securitate
1478 4353 1691 4441 possiderent.
1730 4354 1828 4435 Quod
1855 4353 2007 4418 videlicet

364 4478 424 4519 nos
448 4477 506 4539 pro
531 4454 582 4517 dei
606 4477 715 4518 amore
745 4466 776 4517 et
805 4464 890 4520 statu
920 4459 1009 4541 regni
1039 4461 1140 4522 nostri
1171 4469 1336 4544 gratanter
1364 4468 1541 4523 annuentes
1573 4460 1760 4540 statuimus,
1794 4482 1834 4522 ne
1863 4471 2057 4543 unquamne

363 4574 510 4639 quarnlibet
532 4575 743 4623 contrarietatem
767 4579 813 4622 aut
835 4576 1044 4639 inquietudinem
1068 4593 1085 4625 a
1106 4578 1273 4641 praesulibus
1296 4594 1343 4644 per
1364 4584 1484 4641 tempora
1505 4577 1624 4626 labentia
1645 4578 1671 4623 in
1692 4576 1781 4625 eadem
1800 4577 1861 4625 sede
1879 4577 1930 4625 sibi
1949 4591 2006 4623 sire-

365 4677 520 4726 cedentibus
548 4677 669 4726 rnonaclri
698 4663 751 4747 qui
781 4678 807 4727 in
836 4686 978 4728 meinorato
1007 4683 1165 4729 ruonnsterio
1196 4667 1238 4731 ad
1261 4666 1467 4750 servientium
1491 4665 1551 4730 (leo
1576 4666 1698 4728 Viventi
1723 4666 1911 4747 congregati
1934 4687 2006 4728 esse

364 4766 524 4848 videntur,
548 4781 667 4846 qurulinat
688 4787 805 4844 teurpore
828 4784 882 4845 pau
907 4767 1154 4852 compellantur,
1177 4778 1308 4833 nostrae
1326 4769 1554 4853 imperatoriae
1572 4767 1754 4831 maiestatis
1777 4764 2007 4830 iuviolabiliter

365 4886 403 4935 eis
425 4884 605 4934 ecclesiastica
626 4885 768 4933 autoritate
790 4885 958 4950 privilegium
980 4872 1184 4935 conferentes
1207 4894 1264 4955 per
1287 4870 1375 4957 quod
1397 4873 1562 4936 sancimus
1569 4920 1577 4952 ‚
1608 4892 1638 4936 ut
1660 4884 1751 4933 nullus
1772 4902 1788 4932 s
1811 4884 2006 4935 succedentium

365 4988 519 5052 pontificum
541 4972 593 5036 vel
616 4971 754 5036 aliarum
778 4972 942 5057 quaelibet
965 4976 1129 5038 temeritas
1152 4996 1365 5059 personarum
1388 4991 1523 5056 quidpiam
1546 4990 1578 5040 de
1601 4992 1680 5041 rebus
1703 5005 1770 5054 qum
1792 4976 1853 5058 ipsi
1884 4986 2058 5038 monacl1i40

364 5098 425 5141 ante
448 5075 675 5161 possidebant,
710 5085 813 5139 ίιιιιιιοθ
836 5092 892 5155 ipso
915 5087 1124 5141 concesserat
1146 5099 1193 5142 aut
1215 5095 1236 5142 si
1259 5109 1313 5159 qna
1335 5093 1459 5157 deinceps
1481 5077 1533 5142 Vel
1557 5095 1590 5143 ab
1614 5111 1644 5144 eo
1668 5078 1720 5143 vel
1740 5076 1781 5141 ab
1806 5076 1879 5140 aliis
1902 5076 2007 5140 eidem

365 5178 437 5243 loco
461 5179 581 5245 collata
604 5180 732 5261 fuerint,
757 5195 912 5245 imminuere
935 5191 1122 5265 praesumat
1144 5202 1191 5246 aut
1213 5199 1314 5247 maiora
1334 5181 1401 5245 illic
1425 5198 1533 5246 servitia
1554 5212 1633 5261 quum
1657 5183 1722 5245 iam
1745 5178 1851 5243 dictus
1874 5178 2007 5262 praede·

364 5301 475 5345 cessar
498 5304 575 5346 suus
597 5281 697 5365 regali
723 5280 852 5347 decreto
876 5299 1064 5360 conseruerat,
1087 5282 1128 5347 ab
1152 5285 1191 5347 iis
1215 5283 1280 5348 ullo
1304 5283 1401 5349 modo
1425 5287 1609 5369 exigantur.
1647 5301 1744 5350 nerum
1765 5305 1854 5348 aurum
1876 5297 2008 5345 rambula

363 5414 430 5462 quas
445 5401 495 5463 ipsi
511 5407 572 5450 ante
588 5405 729 5451 tenuerant
744 5408 771 5451 et
785 5418 851 5468 quas
873 5385 960 5451 idem
982 5386 1130 5472 pontifex
1154 5385 1339 5452 devotionis
1363 5410 1440 5452 suae
1463 5403 1585 5468 largitate
1608 5387 1799 5469 contulerat,
1824 5401 1886 5451 lmic
1902 5405 2007 5449 nostrae

364 5502 514 5551 autoritatis
535 5509 677 5568 praecepto
700 5505 814 5555 inserere
837 5505 945 5571 dignum
964 5504 1101 5566 duximus,
1123 5503 1150 5552 id
1174 5512 1214 5555 est
1235 5508 1324 5556 oricum
1346 5508 1431 5556 sancti
1446 5507 1510 5571 Apri
1528 5524 1588 5557 cum
1604 5508 1688 5556 vineis
1711 5497 1805 5566 [terris]
1828 5507 1910 5569 pratis
1933 5504 2008 5554 silvis
2025 5506 2058 5554 45

449 5671 509 5727 200.
536 5673 645 5746 [Uhlirz]
749 5680 775 5741 s)
795 5679 831 5741 D,
858 5679 960 5745 perficit
983 5679 1006 5729 A
1111 5680 1138 5744 b)
1155 5682 1200 5745 qui
1218 5679 1268 5730 AB
1371 5683 1397 5743 c)
1416 5679 1500 5730 eidem
1520 5707 1552 5716 -
1572 5679 1768 5730 concedendam
1787 5677 1821 5739 Β,
1843 5677 1914 5740 fehlt
1937 5676 2007 5728 iod

536 5746 563 5810 d)
582 5747 753 5812 implorarent
770 5746 804 5810 B,
822 5754 849 5798 et
866 5764 906 5798 res
918 5777 952 5785 -
965 5750 1120 5816 recognovit
1137 5747 1208 5811 sebit
1225 5751 1255 5799 in
1272 5748 1298 5799 B
1401 5748 1426 5813 e)
1444 5748 1474 5798 D
1489 5748 1545 5799 aaa
1561 5749 1625 5810 ru,
1643 5751 1670 5798 in
1684 5764 1715 5799 co
1728 5747 1799 5814 quod
1812 5746 1842 5797 A.
