4298 6414
926 445 1121 502 KONRAD
1144 447 1167 501 Ι.
1192 441 1265 500 915.

1068 627 1130 703 26.

295 781 430 859 Korrad
453 781 596 857 schenkl
620 782 700 856 dara
725 782 869 857 Kloster
894 782 1075 881 Weilburp
1099 782 1221 855 selaeu
1248 780 1334 880 Hos
1353 783 1512 855 Nasson.

1442 905 1594 983 Weilburp
1617 909 1679 967 915
1702 908 1823 983 napea
1846 911 1875 969 9.

375 1092 515 1156 Clamat.
535 1094 676 1155 Wormat.
699 1112 759 1154 aas
782 1094 837 1153 der
859 1094 947 1155 Mitto
969 1095 1021 1154 des
1045 1097 1096 1154 12.
1119 1094 1174 1155 Jb.
1201 1094 1223 1166 f.
1246 1097 1290 1154 ,18
1311 1095 1346 1153 ia
1368 1094 1423 1153 der
1445 1097 1474 1154 k.
1498 1095 1576 1154 Bibl.
1600 1113 1641 1154 aa
1663 1097 1829 1155 Haaaover
1852 1095 1918 1175 (C).

268 1247 280 1293 5
376 1234 459 1310 Oria.
478 1232 580 1306 Garis.
605 1235 635 1306 4,
659 1234 723 1294 275
744 1250 805 1294 aas
829 1232 855 1293 0
876 1256 916 1286 =
939 1234 1069 1291 Kremer
1085 1233 1169 1308 Oriq.
1185 1232 1278 1292 Nasa.
1303 1236 1333 1304 2,
1358 1233 1400 1293 56
1422 1241 1457 1292 a⁰
1479 1236 1530 1305 35,
1556 1256 1595 1287 =
1619 1233 1749 1293 Bobarer
1772 1233 1808 1295 A.
1826 1232 1917 1296 Ooar.

374 1340 416 1399 28
435 1343 472 1396 a⁰
494 1340 547 1399 26.
569 1370 612 1381 -
634 1337 766 1397 Boamer
787 1338 863 1414 Rea.
886 1337 963 1411 Imp.
987 1339 1028 1397 25
1066 1338 1141 1411 Rea.
1165 1336 1242 1395 Kar.
1267 1340 1361 1398 1257.

373 1477 486 1537 maia
508 1492 568 1535 voa
590 1474 648 1536 SA.

474 1662 513 1726 In
535 1662 666 1727 nomine
690 1672 801 1746 sancte
824 1671 857 1727 et
879 1661 1045 1746 individuo
1068 1662 1232 1726 trinitatis.
1263 1659 1458 1727 Chunradus
1474 1663 1585 1727 divina
1601 1664 1732 1728 favente
1747 1663 1919 1728 clementia

286 1791 339 1833 rex.
422 1767 561 1832 Noverit
583 1767 726 1830 omnium
748 1765 892 1830 fidelium
915 1775 1099 1830 nostrorum
1122 1767 1319 1849 presentium
1344 1766 1468 1829 scilicet
1490 1775 1522 1829 et
1544 1767 1725 1845 futurorum
1748 1766 1918 1848 industria,

253 1871 408 1958 loqualiter
429 1893 490 1935 nos
515 1869 557 1934 ob
580 1891 725 1934 amorem
748 1868 871 1933 domini
893 1871 996 1934 nostri
1025 1870 1099 1933 Iesu
1128 1867 1248 1933 Christi
1277 1893 1316 1934 ac
1345 1892 1403 1954 pro
1434 1870 1577 1935 remedio
1604 1872 1711 1954 animq
1739 1881 1848 1955 nostre
1876 1870 1919 1933 ad

283 1973 534 2039 monasteriolum
557 1972 645 2059 quod
667 1974 752 2037 infra
773 1995 884 2039 muros
913 1975 1056 2061 civitatis
1080 1972 1288 2058 Wilinaburg
1315 1983 1537 2039 constructum
1566 1984 1663 2059 atque
1692 1984 1918 2038 consecratum

282 2078 378 2141 estin
404 2076 562 2141 honorem
592 2087 704 2160 sancte
733 2076 784 2141 dci
814 2077 980 2160 genitricis
1008 2085 1040 2140 et
1068 2086 1180 2160 sancte
1207 2076 1401 2162 Waltburgq
1431 2080 1581 2162 virginis,
1617 2089 1739 2143 curtem
1771 2087 1917 2144 nostram

281 2180 427 2243 Nassowa
449 2181 651 2244 nominatam
674 2203 748 2245 cum
772 2179 922 2244 omnibus
944 2179 1042 2244 rebus
1065 2180 1193 2265 magnis
1216 2188 1248 2243 et
1270 2183 1382 2264 parvis
1405 2182 1436 2245 in
1464 2191 1602 2266 utroque
1631 2182 1748 2247 litorea
1776 2182 1918 2247 fluminis

280 2284 400 2367 Logene
429 2285 462 2347 in
492 2283 621 2348 duobus
650 2283 715 2347 illis
743 2283 952 2347 eomitatibus
983 2283 1194 2368 sconenberg
1216 2291 1248 2347 et
1270 2283 1414 2348 Maruels
1443 2285 1525 2348 iuste
1549 2284 1754 2370 legitimoque
1778 2286 1821 2350 ad
1844 2310 1918 2350 ean-

248 2406 267 2452 u
280 2386 342 2450 dem
364 2397 489 2450 cuntem
512 2385 758 2471 pertinentibus,
782 2408 856 2450 curm
879 2384 1048 2449 curtilibus
1071 2384 1208 2469 edificiis
1223 2388 1396 2472 mancipiis
1412 2388 1580 2473 utriusque
1597 2411 1695 2453 sexus
1711 2391 1805 2454 tenis
1822 2390 1918 2454 cultis

278 2498 304 2553 et
323 2489 453 2554 incultis
476 2491 565 2574 agris
588 2490 690 2574 pratis
714 2490 839 2573 eampis
864 2488 954 2552 silvis
977 2489 1110 2573 pascuis
1133 2490 1227 2574 aquis
1249 2512 1472 2576 aquarumque
1489 2491 1680 2555 decursibus
1695 2493 1758 2555 viis
1774 2502 1806 2556 et
1822 2494 1918 2557 inviis

277 2591 409 2656 exitibus
433 2603 465 2656 et
488 2591 646 2657 reditibus
669 2593 804 2677 quqsitis
827 2601 859 2655 ct
881 2592 1082 2676 inquirendis
1104 2590 1299 2657 molendinis
1322 2595 1502 2679 ceterisque
1527 2593 1676 2658 omnibus
1699 2617 1761 2679 quq
1785 2595 1849 2659 dici
1865 2595 1918 2659 vel

277 2695 363 2760 scribi
387 2707 536 2781 possunt,
560 2696 592 2760 in
615 2697 848 2780 proprietatem
871 2694 1075 2760 donavinms.
1113 2694 1253 2760 Proinde
1276 2719 1352 2780 ergo
1376 2699 1529 2760 iussimus
1551 2696 1613 2760 hoe
1637 2697 1705 2761 lieri
1729 2708 1917 2783 preceptum

276 2821 325 2882 per
346 2800 435 2884 quod
458 2799 609 2865 voluunus
631 2800 828 2883 firmiterque
851 2797 1009 2881 iubemus,
1034 2808 1193 2883 quatenus
1218 2799 1262 2862 illi
1287 2799 1395 2865 cleriei
1419 2811 1452 2866 et
1474 2801 1655 2864 confratres
1679 2803 1784 2886 quiin
1803 2802 1917 2867 eodem

240 2904 464 2968 tumenasterio
490 2903 551 2968 deo
576 2905 763 2988 sanctisque
786 2904 855 2966 eius
879 2902 932 2966 die
950 2912 1113 2986 noctuque
1130 2905 1283 2986 serviunt,
1307 2903 1349 2968 ab
1373 2904 1530 2969 hodierna
1553 2905 1605 2969 die
1629 2915 1661 2968 ot
1683 2904 1836 2989 deinceps
1857 2905 1917 2969 sibi

274 3006 310 3070 ad
330 3008 485 3071 vestitum
508 3017 541 3071 et
562 3009 684 3072 vietum
707 3007 795 3071 nullo
819 3007 1063 3072 contradicente
1086 3016 1209 3071 curtem
1234 3007 1322 3072 illam
1345 3009 1542 3092 potestative
1565 3016 1707 3071 teneant.
1732 3008 1776 3071 Et
1797 3018 1833 3072 ut
1855 3007 1918 3071 hoe

274 3121 454 3196 preceptum
486 3111 614 3176 finnum
644 3111 824 3196 stabileque
856 3120 1060 3194 permaneat,
1096 3132 1193 3175 mann
1228 3120 1340 3175 nostra
1371 3109 1485 3175 subtus
1518 3111 1718 3174 firmavimus
1753 3121 1784 3174 et
1819 3110 1916 3174 anulo

273 3224 378 3278 nostro
403 3213 548 3298 sigillare
570 3215 785 3300 precepimus.

369 3352 526 3416 Salomon
549 3351 764 3416 cancellarius
786 3353 936 3417 advicem
959 3352 1117 3436 Piligrimi
1139 3351 1417 3436 archicappellani
1440 3355 1626 3437 recognovi.

233 3502 257 3550 tu
366 3489 457 3553 Data
481 3507 512 3553 v.
536 3490 609 3554 idus
632 3495 762 3577 arrgusti
786 3514 871 3557 anno
895 3491 1129 3556 incarnationis
1153 3489 1274 3553 domini
1297 3505 1466 3570 nccccxv,
1489 3487 1728 3554 indictionumb
1751 3507 1800 3571 111,
1828 3512 1914 3553 anno

270 3614 341 3656 uero
357 3591 584 3676 gloriosissimi
601 3596 688 3678 regis
705 3592 871 3659 Chilnradi
888 3612 958 3676 11113
974 3603 1083 3658 actum
1099 3594 1132 3656 in
1149 3590 1372 3676 Wilinaburg3
1395 3594 1428 3657 in
1444 3592 1496 3657 dei
1512 3594 1641 3658 nomine
1657 3592 1794 3657 feliciter
1810 3615 1915 3656 amen.

1065 3853 1127 3929 27.

269 4011 424 4082 Koarad
444 4009 585 4083 selrealet
605 4009 685 4082 darn
707 4009 867 4099 Albania,
901 4008 1067 4082 Vasalloa
1087 4009 1146 4080 das
1170 4009 1332 4105 Bisequfis
1359 4007 1483 4079 aaron
1506 4034 1578 4080 oria
1608 4009 1817 4106 Wtrzbuqq
1846 4009 1917 4081 dea

271 4128 335 4203 orl
355 4128 528 4228 bbulzfeld·
1383 4165 1552 4239 Wilrrbarq
1574 4168 1635 4226 915
1659 4166 1821 4225 November
1843 4171 1871 4225 6.

224 4379 251 4425 :tu
367 4359 458 4417 Liber
485 4357 570 4415 rdbus
598 4357 764 4430 Wirrburq.
795 4373 846 4413 euru
874 4359 960 4416 1278
988 4355 1173 4429 precariam
1206 4354 1230 4426 s.
1261 4358 1302 4414 14
1338 4355 1380 4412 ira
1407 4355 1434 4412 t.
1465 4355 1654 4414 Kreisarelrir
1682 4375 1723 4413 aa
1748 4357 1916 4429 Wltraburp

367 4461 430 4538 (B).
458 4495 494 4503 -
520 4460 611 4519 Liber
632 4462 783 4533 copiarum
810 4457 855 4536 (a0
870 4457 902 4538 5)
926 4459 976 4518 des
999 4463 1049 4519 14.
1067 4459 1119 4518 Jb.
1140 4477 1172 4530 p.
1195 4462 1261 4519 228
1282 4457 1405 4528 eoeaaa,
1429 4475 1485 4516 aas
1508 4458 1537 4517 Β
1554 4455 1615 4535 (0).
1641 4491 1678 4501 -
1703 4459 1794 4518 Liber
1811 4459 1914 4532 presel.

366 4565 528 4623 erureatii
549 4582 604 4622 oon
626 4566 710 4623 1513
734 4565 757 4634 s.
780 4561 854 4624 212
878 4561 989 4622 ebrado
1013 4560 1077 4640 (D).

366 4704 497 4763 ararent
519 4703 652 4762 Francia
674 4702 776 4760 orient.
799 4706 831 4770 2,
858 4705 918 4760 991
943 4706 977 4758 a⁰
991 4704 1033 4759 29
1056 4717 1112 4758 crus
1128 4700 1165 4759 Β.
1193 4733 1229 4741 -
1255 4700 1338 4758 Moru.
1356 4701 1449 4759 Boico
1470 4705 1536 4770 31⁰,
1560 4704 1622 4760 184
1641 4708 1675 4758 a⁰
1690 4706 1732 4760 93
1755 4699 1853 4760 arasO
1875 4723 1914 4752 =

367 4808 497 4885 Biilrnrer
519 4805 556 4864 A.
582 4804 667 4866 Coar.
691 4810 733 4866 29
756 4812 790 4862 a⁰
811 4809 862 4865 27.
889 4835 927 4846 -
952 4804 1081 4863 Bauaar
1102 4803 1172 4877 aa.
1198 4805 1274 4877 Imp.
1297 4807 1349 4872 26,
1374 4803 1446 4876 Rea.
1470 4804 1545 4862 Kar.
1570 4806 1664 4864 1258.

239 4965 247 4977 ·
367 4944 534 5003 Darada
551 4943 622 5014 SA„
647 4943 785 5003 witbread
800 4943 854 5002 ders
869 4944 912 5001 im
927 4940 1106 5015 captatorem
1121 4943 1151 5000 Β
1170 4943 1423 5016 aacqueaeirlmete
1446 4941 1506 5001 SR.
1531 4941 1592 5012 (raas
1611 4904 1671 5001 8Β.
1695 4942 1739 5000 als
1766 4941 1918 5001 Schreiber

367 5048 523 5106 sclaliessea
545 5049 625 5106 lr'r‘sst.

471 5234 510 5297 ln
532 5234 663 5297 nomine
686 5242 799 5297 sancte
822 5242 854 5296 et
875 5230 1043 5296 individue
1065 5232 1229 5296 trinitatis.
1260 5229 1432 5297 Cvnradvs
1456 5232 1567 5296 divina
1590 5231 1720 5295 favente
1743 5231 1915 5296 elementia

266 5361 334 5402 rex.
415 5338 551 5402 Noverit
568 5338 710 5402 omnium
725 5335 869 5401 fidelium
885 5344 1070 5401 nostrorum
1093 5336 1292 5419 presentium
1315 5333 1440 5400 scilicet
1462 5343 1518 5399 et³
1539 5334 1721 5399 futurorum
1744 5334 1914 5411 industria,

267 5443 342 5525 quia
365 5464 425 5505 nos
448 5452 581 5526 propter
602 5442 791 5526 petitionem
813 5438 935 5525 atqueb
953 5440 1170 5504 interventum
1189 5437 1423 5503 venerabilium
1446 5439 1674 5523 episcoporum
1696 5446 1880 5503 nostrorum
1893 5447 1914 5516 ⁰,

222 5612 252 5659 a
371 5609 412 5664 a.
440 5612 533 5681 [nore]
653 5614 680 5680 a)
699 5616 728 5665 a
747 5613 770 5666 o
789 5615 843 5666 raa
860 5614 981 5679 caepae
998 5614 1027 5662 a
1049 5613 1096 5664 ms
1221 5612 1249 5677 u)
1267 5597 1351 5662 inuia
1374 5610 1402 5661 o.

372 5713 415 5769 27.
441 5715 534 5784 [nola]
636 5721 663 5779 a)
682 5719 718 5781 D,
736 5733 769 5769 ao
787 5718 813 5768 Β
917 5717 945 5779 b)
963 5716 1000 5779 D,
1018 5733 1050 5767 ac
1067 5716 1095 5767 B
1209 5715 1236 5783 c)
1254 5721 1334 5768 nostr.
1353 5716 1434 5782 episc.
1451 5715 1487 5766 D.

321 5825 507 5868 &inmundos
520 5827 537 5869 Ι.
