4298 6414
914 459 1110 515 KONRAI)
1134 460 1156 514 1.
1182 455 1252 514 912.
1865 451 1906 516 13

269 652 440 717 centissime
463 655 695 737 praeconando
718 656 864 742 pontifici
887 657 919 721 in
935 678 1022 741 pago
1038 657 1265 722 Tulrrkoueusi
1287 657 1443 721 comitatu
1462 636 1608 722 lldalrici
1632 678 1726 723 omne
1749 656 1904 743 quicquid

269 758 293 821 in
311 754 382 819 leco
405 754 721 823 Helfoltesuuilareh
747 760 850 825 nostri
873 761 951 824 iuris
980 783 1053 825 esse
1074 760 1203 825 videtur
1225 768 1258 824 et
1278 762 1482 845 agnoscitur,
1504 783 1578 825 cum
1601 760 1770 826 curtilibus
1792 759 1903 825 aedifi·

270 859 316 924 ciis
336 860 432 924 terris
455 860 552 925 cultis
575 872 609 927 et
630 862 761 928 incultis
783 864 886 949 pratis
909 864 1034 950 campis
1058 863 1148 928 silvis
1177 866 1309 951 pascuis
1338 865 1432 950 aquis
1461 886 1684 950 aquarumque
1712 863 1903 928 decursibus

269 963 318 1026 viis
339 972 371 1026 et
393 963 492 1028 inviis
515 967 672 1050 quaesitis
694 976 727 1032 et
749 967 949 1054 inquirendis
977 976 1010 1032 et
1040 967 1190 1032 omnibus
1213 968 1395 1054 quibusque
1417 969 1545 1053 magnis
1572 985 1612 1032 ac
1635 968 1745 1054 parvis
1768 966 1812 1031 ad
1834 989 1903 1032 eas·

247 1067 331 1132 odem
350 1089 405 1131 res
428 1068 498 1132 iure
527 1068 761 1154 aspicientibus
787 1071 1001 1158 appendiciis,
1024 1069 1199 1136 tenendum
1221 1081 1254 1135 et
1276 1081 1433 1156 perpetuo
1456 1072 1524 1136 iure
1547 1070 1780 1157 possidendum
1804 1068 1904 1135 dona·

270 1171 362 1234 rimus
390 1169 424 1234 in
455 1172 657 1256 proprium.⁰
699 1172 796 1238 Hanc
824 1174 923 1257 igitur
951 1174 1026 1239 inde
1055 1174 1124 1238 lieri
1154 1175 1388 1239 destinavimus
1416 1176 1688 1261 conscriptionem
1721 1198 1779 1260 per
1807 1195 1904 1259 quam

270 1272 407 1338 volumus
436 1273 637 1361 firmiterque
666 1277 829 1360 iubemus,
864 1285 1024 1364 quatenus
1047 1276 1133 1341 idem
1162 1275 1392 1341 dilectissimus
1418 1287 1629 1362 praenotatus
1658 1278 1832 1362 episcopus
1862 1299 1904 1340 ex

271 1374 370 1443 cadem
386 1399 423 1441 re
440 1378 592 1443 omnibus
615 1379 729 1444 diebus
752 1382 964 1466 imposterum
987 1380 1118 1445 licentia
1141 1390 1173 1444 et
1196 1402 1310 1445 secura
1333 1383 1477 1466 potiatur
1499 1389 1661 1467 potestate
1683 1378 1826 1445 habendi
1849 1378 1905 1443 de-

270 1480 355 1547 nandi
379 1481 544 1547 vendendi
566 1483 789 1549 commutandi
812 1506 870 1549 seu
891 1484 1045 1570 quiequid
1067 1483 1128 1548 sibi
1144 1481 1263 1548 exinde
1286 1483 1416 1548 libuerit
1438 1506 1591 1570 umquam
1615 1482 1766 1548 faciendi.
1804 1482 1848 1546 Et
1869 1490 1906 1545 ut

237 1593 259 1642 1⁰
270 1585 337 1650 haec
365 1595 500 1651 nostrae
528 1585 733 1652 liberalitatis
761 1589 940 1652 auctoritas
970 1589 1165 1652 inconcussa
1197 1598 1229 1652 et
1258 1588 1438 1672 inquietata
1473 1587 1622 1652 erunibus
1657 1584 1905 1651 succedentibus

269 1687 458 1774 temporibus
486 1689 663 1775 perdurare
691 1701 804 1776 queat,
839 1714 938 1756 manu
966 1691 1099 1777 propria
1128 1690 1243 1755 subtus
1272 1712 1343 1754 eam
1366 1690 1511 1755 notando
1534 1691 1785 1755 corroborantes
1808 1688 1905 1773 sigilli

269 1792 358 1857 nestri
381 1792 598 1878 impressione
619 1795 773 1858 iussimus
795 1796 992 1879 consignari.

357 1928 531 2016 {Signum
555 1930 665 1997 domni
688 1915 876 1998 Chuonradi
901 1913 991 2015 (Mb.)
1016 1934 1213 1998 serenissimi
1236 1927 1369 2018 regini

358 2031 374 2117 ξ
396 2034 553 2100 Salomon
576 2034 791 2101 cancellarius
814 2036 962 2101 advicem
986 2036 1142 2121 Piligrimi
1165 2038 1341 2121 recognovi
1365 2045 1397 2101 et
1418 2032 1432 2116 Β
1455 2037 1538 2116 (SR.)
1780 2036 1837 2117 (SI.
1861 2035 1904 2115 3.)

237 2175 257 2223 15
359 2172 450 2236 Data
466 2191 498 2237 v.
515 2195 591 2237 non.
615 2182 678 2237 oct.
701 2196 787 2238 anno
810 2175 1043 2239 incarnationis
1055 2171 1067 2210 ¹¹
1088 2173 1209 2238 domini
1232 2189 1408 2256 nccccxn,
1432 2195 1518 2238 anno
1534 2195 1611 2237 vero
1636 2173 1760 2258 imperii
1777 2169 1906 2236 Ohuon·

269 2274 330 2340 radi
352 2277 490 2360 piissimi
514 2278 652 2361 regis13
675 2287 785 2341 actum
808 2276 922 2358 Vlrna3
945 2278 978 2342 in
1001 2275 1122 2341 Christi
1144 2279 1275 2342 nemine
1297 2276 1435 2341 feliciter
1456 2300 1562 2343 amen.
1748 2289 1752 2294 ’

1054 2468 1114 2545 13.

268 2621 419 2695 Koured
441 2619 583 2695 sclierdet
607 2620 687 2694 dem
712 2619 920 2697 Gottesbees
945 2647 991 2696 zu
1016 2622 1197 2721 Weilburg
1222 2622 1344 2695 seiecn
1369 2621 1455 2720 Hof
1475 2619 1715 2695 Recdteeboeb
1736 2617 1817 2693 und
1837 2617 1907 2693 ders

268 2742 391 2816 illlum
417 2741 696 2841 Kllllldffidlffl
721 2741 787 2815 dil
816 2740 1036 2842 Glastcll‘lsl·
1357 2780 1514 2855 Weilburq
1537 2783 1601 2841 912
1622 2780 1790 2841 November
1811 2782 1863 2842 28.

231 2947 255 2994 ro
362 2931 505 2997 euertat.
522 2933 667 2997 Wormet.
683 2935 742 2993 aas
758 2932 813 2992 der
827 2933 914 2993 bsitte
929 2933 982 2995 des
999 2938 1048 2997 12.
1064 2935 1121 2996 Jh.
1136 2936 1158 3009 s.
1176 2933 1226 2996 47'
1248 2937 1283 2995 ie
1298 2935 1353 2994 der
1368 2936 1396 3000 lc.
1411 2935 1583 2996 Biblietlrek
1598 2953 1639 2995 ru
1654 2931 1826 2997 Henneser
1842 2932 1854 3015 (
1884 2933 1909 3014 ).

365 3070 451 3146 Oriq.
472 3071 574 3145 Guels.
598 3074 628 3143 4,
650 3071 715 3132 280
738 3088 797 3131 uus
820 3072 847 3131 C
867 3097 907 3127 =
930 3074 1061 3133 Kremer
1078 3073 1163 3149 Oris.
1180 3073 1275 3135 Nass.
1296 3076 1327 3145 2,
1351 3075 1394 3133 48
1415 3078 1451 3132 a⁰
1474 3076 1525 3144 29,
1549 3096 1590 3127 =
1614 3073 1797 3132 BttmerA.
1815 3072 1907 3133 Coer.

365 3174 466 3236 1711
489 3179 538 3237 12.
562 3210 604 3221 -
625 3176 759 3236 Bolsmer
781 3179 858 3251 Rea.
880 3176 960 3252 Imp.
985 3181 1037 3251 11,
1059 3180 1132 3261 Reg.
1155 3179 1233 3239 Kar.
1259 3179 1352 3239 1243.

362 3316 468 3376 Dictat
490 3314 543 3375 des
566 3313 626 3375 SA.
666 3315 733 3374 Der
753 3314 912 3376 Schreiber
933 3313 986 3374 des
1010 3313 1210 3388 Gopialbucbs
1233 3314 1310 3375 ldsst
1331 3313 1531 3390 reqelmrtssip
1555 3314 1627 3394 (aql.
1650 3315 1754 3377 ΗΒΚ.
1780 3316 1830 3385 19,
1852 3315 1905 3384 26,

361 3417 418 3498 37)
442 3415 494 3478 die
515 3418 686 3494 koniqlielre
707 3417 1002 3490 Ueterschristsaeile
1024 3431 1092 3480 aas.
1425 3426 1436 3433 “

228 3599 253 3649 rt
468 3589 506 3653 In
524 3590 658 3654 nomine
681 3597 794 3674 sancte
816 3598 849 3653 et
870 3587 1036 3674 individue
1058 3589 1222 3654 trinitatis.
1260 3585 1454 3654 Cuonradus
1483 3588 1594 3653 divina
1616 3588 1747 3654 favente
1769 3587 1907 3654 clemen-

266 3695 307 3757 tia
328 3715 399 3758 rex.
480 3690 571 3757 Sciat
593 3694 737 3758 omnium
759 3691 904 3758 fidelium
926 3702 1110 3758 nostrorum
1133 3693 1331 3777 presentium
1349 3691 1474 3756 scilicet
1491 3701 1524 3756 et
1538 3692 1719 3758 futurorum
1737 3691 1907 3775 industria,

267 3796 401 3883 qualiter
422 3819 483 3862 nos
506 3798 617 3863 divina
639 3798 783 3862 instincti
806 3797 1058 3862 commonitione
1080 3818 1139 3882 pro
1162 3797 1269 3880 anime
1290 3805 1401 3880 nostre
1417 3804 1450 3859 et
1463 3804 1707 3862 antecessorum
1722 3806 1908 3861 nostrorum

265 3901 405 3967 remedio
432 3900 476 3965 ad
505 3910 749 3966 sacrosanctam
780 3900 831 3965 dei
862 3900 993 3965 domum
1022 3921 1084 3985 quq
1113 3900 1221 3964 estin
1243 3897 1452 3984 Wilinaburg
1481 3898 1540 3963 sub
1568 3898 1692 3965 honore
1721 3909 1833 3985 sancte
1856 3899 1907 3964 dei

266 4005 428 4088 genitricis
450 4003 554 4089 Marie
577 4012 609 4067 et
636 4003 732 4089 beatq
755 4002 974 4089 Waltburge⁸
1003 4002 1138 4087 virginis
1166 4010 1355 4067 constructa
1383 4011 1482 4088 atque
1510 4011 1718 4085 consecrata,
1748 4001 1908 4088 quasdam

225 4115 251 4163 30
265 4129 313 4171 res
335 4107 458 4192 proprii
481 4107 560 4170 iuris
582 4108 684 4171 nostri
708 4107 740 4171 in
764 4128 850 4193 pago
866 4105 1042 4190 Logeuehe
1064 4106 1096 4170 in
1113 4106 1270 4170 comitatu
1285 4104 1416 4170 Ottonis
1439 4107 1584 4191 germani
1606 4107 1709 4171 nostri
1733 4107 1823 4188 sitas,
1845 4104 1908 4170 hoc

266 4219 312 4274 est
325 4219 450 4274 curtem
464 4208 676 4274 Rehtenbach
696 4219 919 4295 nuncupatam
942 4231 1016 4273 cum
1038 4208 1208 4274 curtilibus
1230 4209 1367 4293 edificiis
1390 4210 1521 4274 familiis
1543 4218 1577 4275 ct
1597 4210 1769 4295 mancipiis
1791 4211 1908 4274 utrius·

266 4335 324 4400 que
347 4335 447 4378 sexus
469 4315 564 4378 terris
586 4311 682 4395 cultis
705 4322 738 4378 et
759 4313 889 4378 incultis
912 4313 1000 4397 agris
1024 4313 1127 4398 pratis
1155 4313 1280 4398 campis
1309 4313 1440 4399 pascuis
1469 4312 1560 4377 silvis
1586 4315 1680 4399 aquis
1708 4335 1908 4399 aquarumve

265 4416 453 4483 decursibus
475 4417 538 4480 viis
560 4425 593 4481 et
614 4417 710 4481 inviis
734 4415 877 4481 exitibus
900 4425 933 4481 et
954 4415 1112 4481 reditibus
1140 4417 1275 4502 quesitis
1298 4425 1330 4481 et
1352 4417 1551 4502 inquirendis
1575 4416 1789 4503 omnibusque
1810 4416 1909 4482 rebus

264 4525 389 4609 magnis
415 4544 455 4586 ac
477 4523 589 4608 parvis
611 4521 688 4586 illuc
710 4521 772 4586 rite
800 4520 1050 4605 pertinentibus,
1081 4542 1141 4585 nec
1167 4542 1234 4585 non
1260 4520 1294 4584 in
1320 4521 1407 4585 omni
1435 4522 1593 4586 comitatu
1619 4522 1754 4586 terciam
1782 4529 1908 4606 partem

222 4636 250 4685 se
265 4626 444 4691 modiorum
467 4627 553 4710 regis
576 4625 620 4690 ad
641 4625 764 4689 victum
794 4624 984 4691 clericorum
1013 4623 1134 4689 ibidem
1162 4623 1223 4689 deo
1247 4622 1474 4689 famulantium
1496 4625 1529 4689 in
1553 4633 1743 4710 perpetuam
1767 4626 1910 4711 proprie-

264 4739 363 4795 tatem
379 4728 584 4795 donavimus.
610 4729 768 4794 Iussimus
785 4750 913 4814 quoque
935 4728 998 4793 hoc
1020 4736 1130 4812 nostre
1153 4727 1335 4812 largitionis
1357 4737 1546 4814 preceptum
1569 4728 1645 4794 inde
1667 4727 1829 4793 conscribi
1851 4750 1910 4814 per

265 4832 351 4918 quod
371 4832 523 4899 volumus
550 4832 748 4919 firmiterque
776 4831 940 4915 iubemus,
968 4841 1128 4919 quatenus
1156 4832 1376 4917 suprascripte
1398 4854 1451 4896 res
1473 4831 1562 4896 nullo
1587 4853 1775 4897 successore
1796 4840 1908 4897 nostro

265 4936 463 5023 inpediente,
487 4936 546 5002 sed
568 4935 629 5002 deo
653 4936 833 5024 opitulante
856 4935 901 5002 ad
922 4936 1083 5022 prefatam
1105 4934 1237 5000 domum
1258 4935 1310 5000 dei
1332 4935 1565 5020 perpetualiter
1586 4935 1782 5020 possidende
1805 4934 1910 4999 consi·

267 5050 361 5106 stant.
394 5040 439 5105 Et
461 5050 498 5105 ut
518 5039 581 5105 hoc
604 5040 822 5124 munificentie
844 5049 954 5124 nostre
977 5047 1166 5126 preceptum
1189 5060 1209 5103 a
1232 5036 1321 5103 nulle
1339 5060 1493 5124 umquam
1511 5061 1699 5104 successore
1714 5047 1825 5103 nostro
1840 5039 1909 5104 vio·

222 5150 252 5198 ⁴⁰
267 5142 348 5209 letur
370 5166 428 5209 seu
449 5142 566 5208 violari
589 5144 777 5229 incipiatur,
813 5143 872 5208 scd
896 5142 1024 5208 firmum
1050 5152 1083 5207 et
1111 5141 1228 5207 stabile
1254 5164 1312 5228 per
1341 5141 1584 5207 succedentium
1606 5151 1788 5229 temporum
1811 5142 1910 5207 curri·

268 5247 339 5312 cula
360 5256 552 5334 permaneat
574 5255 607 5311 et
627 5268 648 5310 a
670 5245 822 5311 fidelibus
844 5248 964 5312 nostris
986 5247 1095 5311 verius
1117 5246 1269 5311 credatur
1291 5266 1330 5310 ac
1359 5244 1546 5330 diligentius
1576 5244 1781 5329 observetur,
1811 5266 1909 5310 manu

268 5360 376 5416 nostre
397 5350 513 5417 subtus
535 5348 616 5415 illud
637 5344 839 5415 firmavimus
861 5349 1013 5434 anulique
1035 5350 1137 5414 nostri
1160 5350 1362 5434 inpressione
1384 5350 1531 5433 insigniri
1554 5351 1768 5437 precepimus.

366 5488 519 5555 Salemon
542 5487 758 5554 cancellarius
780 5485 930 5553 advicem
952 5486 1109 5573 Piligrimi
1133 5487 1410 5577 archicappellani
1432 5491 1634 5574 recognovit.

370 5660 408 5714 u.
434 5662 463 5725 s)
482 5662 521 5712 ou
537 5660 690 5725 assam
792 5659 817 5724 c.)
835 5662 870 5711 ro
890 5658 943 5711 oa
961 5659 1009 5711 ue
1026 5660 1055 5713 a.
1074 5663 1093 5710 σ
1110 5660 1170 5711 aa
1187 5660 1383 5713 euasisse
1398 5661 1528 5727 pauses
1630 5664 1659 5726 a)
1677 5648 1808 5714 incarnis
1823 5661 1854 5716 A.

225 5745 256 5795 lb
370 5744 410 5800 ld.
436 5746 529 5815 [Folta]
633 5748 660 5813 a)
677 5747 820 5815 Waltbur}
839 5746 867 5797 0.
