4298 6414
949 470 1071 529 0'1'T0
1094 474 1118 529 I.
1140 470 1214 529 970.
1836 466 1900 532 543

252 670 367 717 comes
389 647 437 717 ibi
459 653 516 717 fui.
553 648 626 736 Ego
648 650 839 736 Raynaldns
861 673 971 716 comes
995 651 1040 716 ibi
1062 653 1119 716 fui.
1156 654 1228 738 Ego
1252 655 1347 739 Lupo
1370 677 1480 721 6611166
1502 656 1546 721 1111
1571 657 1627 721 fui.
1667 657 1738 741 Ego
1758 657 1900 742 Rayneri

254 751 299 816 ibi
328 752 388 818 fui.
432 752 507 837 Ego
529 753 670 837 Ingezzo
695 752 849 817 scabinus
870 754 916 818 ibi
939 754 996 818 fui.
1040 754 1113 837 Ego
1136 754 1352 839 Ildeprandus
1376 757 1530 822 scabinus
1555 758 1598 823 ibi
1621 760 1677 824 fui.
1723 761 1795 845 Ego
1824 763 1899 827 Ber·

257 854 378 919 nardus
402 855 557 922 scabinus
580 855 625 921 ibi
648 856 704 920 fui.
749 857 821 941 Ego
846 856 974 921 Sanson
998 856 1041 921 ibi
1064 858 1120 921 fui.

1037 1096 1123 1170 399.

232 1267 251 1314 6
271 1247 379 1321 1111961
400 1248 536 1323 Vorsitz
554 1247 652 1325 Ottos
669 1249 749 1322 ursel
765 1248 825 1322 des
838 1248 996 1347 Herzops
1010 1249 1184 1348 Poudedf
1194 1251 1290 1324 eoird
1306 1251 1356 1323 im
1369 1251 1640 1350 Kdaipspericht
1657 1254 1736 1327 dem
1755 1254 1902 1328 Kloster

270 1365 362 1442 Cosa
382 1393 497 1441 aureo
515 1368 568 1442 als
584 1368 728 1466 Kldper
741 1392 853 1465 peperi
875 1367 1089 1465 Optarumus
1108 1369 1183 1467 auf
1202 1367 1687 1470 916691166111116911611
1710 1373 1900 1473 Verlcuufs-

262 1486 426 1560 urlrurtde
442 1488 523 1561 aad
538 1487 660 1561 11111661
678 1487 743 1560 der
760 1487 929 1586 Beldapte
948 1488 1023 1587 osef
1033 1489 1145 1586 jedeia
1163 1489 1354 1586 Aeepreet
1374 1492 1584 1581 eerztetteee,
1614 1494 1691 1565 eine
1709 1492 1902 1593 Besitzunp

258 1606 371 1681 darell
396 1606 532 1682 Urtltes'l
556 1606 755 1682 zeterleeoest
779 1606 988 1680 dedicator
1014 1607 1225 1706 Verleidurtp
1253 1608 1312 1681 des
1339 1609 1488 1682 Buuoes
1511 1611 1690 1707 peaicltert.

1325 1749 1370 1805 In
1392 1749 1520 1807 Marsi
1543 1753 1606 1808 970
1630 1749 1796 1822 September
1816 1783 1858 1793 -—

206 1946 237 1993 ιο
361 1934 526 1996 0916119666
542 1934 739 1996 0666611666
760 1953 817 1995 aas
839 1937 904 1994 dem
927 1936 1013 1995 Eride
1035 1936 1085 1994 dee
1108 1939 1158 1996 12.
1175 1936 1227 1994 911.
1254 1934 1278 2005 s.
1299 1940 1371 2005 139,
1388 1937 1464 2008 11919
1488 1933 1556 1995 (lod.
1581 1936 1631 1995 169.
1657 1941 1738 1997 5411
1764 1938 1817 1997 der
1837 1940 1901 1998 Ne

360 2037 609 2097 tioaulbibliotltele
629 2056 671 2096 111
691 2036 817 2115 Poris(
846 2036 868 2115 ).

360 2192 516 2250 Marotori
538 2191 590 2252 SS.
613 2186 657 2262 2⁶,
682 2194 747 2252 962
768 2209 825 2251 aus
847 2193 883 2250 Α.
906 2226 948 2234 -
972 2192 1102 2250 Bolemer
1122 2192 1194 2264 Rep.
1218 2196 1291 2253 379.
1315 2226 1357 2234 -
1379 2192 1508 2266 Stempf
1526 2195 1598 2267 Rep.
1623 2199 1694 2256 493.

363 2345 424 2419 1791.
447 2344 513 2405 DO.
530 2349 594 2406 398
615 2347 680 2404 uod
702 2345 811 2405 Fictor
832 2347 903 2405 Ital.
928 2347 1137 2420 Forscltaupea
1161 2351 1189 2417 1,
1213 2351 1285 2408 322.

462 2531 503 2594 In
518 2530 576 2594 1161
599 2532 740 2596 nomine.
827 2531 952 2596 Notitia
977 2533 1088 2616 scripti
1110 2530 1243 2597 iudicati
1268 2532 1407 2617 qualiter
1428 2535 1460 2596 in
1484 2536 1645 2598 territorio
1662 2535 1848 2599 Marsicano
1868 2538 1902 2600 in

206 2647 237 2695 6
256 2653 377 2718 campo
395 2630 538 2698 (1669111ι
560 2633 604 2698 ad
625 2635 731 2719 ipsam
753 2635 918 2699 civitatem
934 2634 1163 2717 Marsicanam,
1187 2635 1263 2699 dum
1288 2636 1320 2698 in
1343 2634 1464 2719 placito
1489 2636 1644 2700 resideret
1667 2637 1804 2702 domnus
1822 2636 1900 2701 Otto

255 2758 398 2820 magnus
420 2737 597 2822 imperator
620 2738 845 2802 serenissimus
867 2748 1025 2822 augustus
1049 2746 1081 2801 et
1102 2736 1282 2801 Pandulfus
1306 2736 1373 2801 dux
1396 2748 1429 2801 et
1452 2737 1596 2802 marchio
1620 2761 1677 2824 pro
1702 2739 1902 2822 singulorum

255 2837 426 2904 hominum
447 2839 572 2904 iustitia
592 2840 662 2903 fieri
684 2839 837 2904 facienda
858 2838 912 2903 vel
935 2838 1146 2904 deliberanda
1169 2841 1363 2922 intentione,
1393 2839 1503 2924 ibique
1525 2840 1742 2906 residentibus
1766 2863 1839 2906 cum
1862 2863 1900 2905 eo

256 2938 360 3005 Cesso
390 2941 460 3005 viro
489 2940 667 3005 venerabili
696 2943 851 3025 episcopo
882 2953 914 3007 et
943 2941 1102 3006 Walterio
1131 2943 1201 3006 viro
1230 2941 1409 3006 venerabili
1439 2944 1594 3028 episcopo
1626 2944 1665 3007 de
1694 2944 1843 3008 Furcone
1870 2953 1902 3006 ot

255 3041 412 3108 Alberico
440 3046 509 3109 viro
538 3043 714 3108 venerabili
746 3046 902 3129 episcopo
932 3044 972 3108 de
1002 3045 1103 3108 Marsi
1132 3053 1164 3108 et
1193 3045 1304 3109 Ezaca
1335 3044 1417 3110 duee
1446 3057 1478 3110 et
1506 3046 1694 3112 marchione
1724 3058 1756 3112 et
1784 3049 1902 3112 comite

206 3159 239 3210 tc
255 3145 374 3231 palatii
396 3156 428 3210 69
449 3147 546 3211 Petro
570 3149 688 3211 comite
711 3157 743 3211 69
765 3146 862 3210 Dado
886 3146 1004 3210 comite
1027 3156 1058 3209 et
1081 3145 1222 3210 Beraldo
1246 3156 1278 3209 69
1300 3147 1461 3211 Rainaldo
1490 3156 1523 3211 et
1551 3147 1698 3213 Teodino
1729 3147 1902 3213 comitibus

257 3250 361 3333 11161116
384 3249 574 3333 comitatus,
604 3249 714 3335 ibique
741 3249 958 3315 residentibus
982 3272 1056 3314 curn
1080 3252 1127 3314 eis
1149 3251 1260 3335 Igiezo
1284 3261 1316 3314 et
1337 3250 1483 3316 Iohanne
1507 3259 1539 3315 et
1560 3248 1759 3315 Ildebrando
1782 3260 1814 3314 et
1836 3249 1902 3314 An-

258 3354 366 3418 sarico
396 3353 540 3418 scabinis
569 3351 609 3417 de
639 3352 741 3418 Marsi
772 3362 805 3417 et
830 3352 930 3417 Wido
961 3353 1096 3417 scabino
1126 3354 1165 3417 de
1194 3351 1321 3418 Pinneb
1350 3364 1382 3417 et
1409 3353 1581 3418 Mainardo
1610 3355 1729 3418 comite
1752 3364 1783 3418 69
1805 3353 1901 3438 Lupo

257 3457 378 3520 comite
402 3454 442 3520 de
463 3457 574 3521 Firmo
597 3456 707 3542 ibique
730 3454 947 3521 residentibus
971 3455 1153 3540 Ingelramo
1177 3466 1209 3520 et
1230 3457 1370 3544 Iosepho
1385 3468 1405 3539 ⁰,
1431 3456 1635 3540 Odemundo,
1663 3457 1847 3523 Giselberto
1871 3466 1903 3521 ct

258 3558 411 3623 Rainerio
435 3569 466 3623 69
488 3559 711 3624 Teudaeramo
736 3569 768 3622 69
789 3558 922 3643 reliquis
947 3557 1092 3643 pluribus
1116 3559 1421 3624 circumastantibus
1445 3569 1477 3624 69
1499 3560 1726 3625 residentibus.
1763 3561 1901 3625 1111696-

207 3684 241 3731 11
257 3684 331 3725 rum
355 3663 497 3726 omnium
522 3665 816 3746 suprascriptorum
840 3663 1002 3748 presentia
1018 3662 1106 3724 venit
1122 3660 1228 3725 Adam
1245 3661 1374 3725 humilis
1391 3661 1494 3726 abbas
1511 3685 1553 3725 ex
1569 3665 1765 3727 monasterio
1790 3672 1902 3726 sancte

258 3764 429 3829 Trinitatis
458 3786 532 3829 cum
561 3764 651 3828 Aczo
681 3763 843 3828 advocato
874 3786 932 3828 suo
962 3773 994 3828 69
1022 3762 1218 3848 querellatus
1248 3773 1298 3827 669
1326 3786 1424 3849 super
1447 3762 1624 3848 Opteramo
1647 3765 1714 3829 filio
1738 3766 1902 3851 quondam

258 3868 397 3951 Winisi‚
427 3868 656 3949 delumens,
687 3869 742 3953 qui
772 3866 904 3931 tenebat
932 3890 984 3930 res
1014 3877 1126 3931 sancte
1149 3868 1317 3930 Trinitatis
1340 3887 1421 3951 quas
1450 3865 1594 3930 habebat
1619 3867 1652 3930 in
1675 3867 1841 3950 Furcoue,
1872 3878 1904 3932 et

259 3969 454 4035 ostendebat
479 3992 576 4034 unam
607 3969 765 4033 cartulam
792 3969 988 4034 venditionis
1018 3980 1049 4033 69
1078 3991 1150 4032 eam
1179 3967 1285 4052 legere
1313 3969 1475 4050 fecerunt3
1509 3969 1697 4034 continebat
1725 3971 1758 4033 in
1788 3971 1903 4035 eadem

259 4072 404 4137 cartula:
438 4088 469 4136 In
492 4088 598 4137 nomine
621 4087 720 4136 domini
744 4086 786 4136 dei
809 4092 835 4135 et
857 4087 997 4136 salvatoris
1020 4088 1104 4135 nostri
1126 4087 1188 4135 lesu
1212 4086 1317 4136 Christi.
1356 4086 1467 4136 Constat
1489 4103 1530 4137 me
1553 4088 1644 4153 Saligo
1666 4090 1713 4153 qui
1735 4089 1787 4137 init
1809 4089 1903 4138 castal-

209 4195 241 4244 30
259 4191 320 4240 dius
337 4190 370 4241 de
385 4191 514 4241 Fumone.
527 4172 587 4238 ...⁶
609 4176 648 4238 In
669 4178 805 4240 istorum
830 4176 972 4238 omnium
994 4176 1158 4258 presentia
1181 4173 1264 4238 dixit
1279 4173 1386 4240 Adam
1410 4174 1513 4239 abbas
1537 4197 1610 4240 curn
1626 4174 1717 4239 Aczo
1741 4175 1902 4240 advocato

260 4302 318 4344 suo
343 4278 431 4365 quod
454 4278 592 4344 domnus
615 4278 781 4343 Lodoicus
805 4279 1030 4343 confirmasset
1052 4280 1141 4362 ipsas
1165 4301 1216 4342 res
1240 4281 1448 4364 proprietatis
1472 4300 1554 4363 quas
1583 4280 1655 4363 ipsa
1679 4279 1805 4344 cartula
1827 4301 1902 4343 con-

258 4380 395 4463 tinebat,
418 4383 451 4444 111
473 4383 544 4466 ipso
568 4383 764 4446 monasterio
790 4391 901 4445 sancte
917 4381 1085 4445 Trinitatis
1105 4404 1162 4468 per
1181 4404 1272 4446 suum
1296 4392 1494 4467 preceptum.
1531 4382 1639 4445 Tume
1663 4385 1903 4466 suprascriptus

259 4482 399 4549 domnus
416 4483 493 4549 Otto
518 4505 656 4568 magnus
679 4486 857 4569 imperator
879 4495 911 4548 et
929 4483 1106 4548 Pandolfus
1132 4485 1200 4548 dux
1223 4495 1255 4548 et
1277 4483 1421 4549 marchio
1446 4493 1478 4548 69
1500 4483 1624 4548 iudices
1648 4495 1679 4549 69
1701 4484 1779 4549 boni
1801 4484 1903 4548 homi-

257 4610 328 4669 nes,
352 4588 428 4651 dum
451 4588 559 4652 taliter
580 4585 748 4652 audissent
771 4589 878 4672 ipsam
899 4586 1058 4651 cartalam
1080 4586 1196 4671 legere,
1220 4588 1504 4670 interrogaverunt
1526 4589 1782 4673 suprascriptum
1807 4587 1905 4672 Opte-

208 4708 241 4755 69
259 4713 396 4772 ramum,
420 4691 509 4777 quod
531 4691 571 4754 de
593 4693 656 4754 ista
679 4690 806 4755 cartula
829 4701 860 4754 69
883 4690 922 4753 de
945 4692 1007 4754 ista
1025 4713 1059 4754 16
1076 4690 1184 4754 dicere
1200 4700 1257 4753 aut
1272 4689 1469 4754 contendere
1484 4688 1592 4753 vellet.
1626 4688 1680 4753 Ad
1695 4690 1754 4753 hec
1770 4712 1903 4775 respon·

259 4793 359 4859 debat
375 4796 615 4879 suprascriptus
632 4792 828 4877 Opteramus
845 4803 877 4856 et
893 4792 993 4856 dixit:
1019 4791 1114 4872 ‘Quia
1137 4792 1177 4856 de
1200 4794 1273 4877 ipsa
1294 4815 1328 4856 re
1352 4789 1438 4877 quef
1458 4791 1491 4855 in
1515 4793 1578 4855 ista
1601 4791 1726 4856 cartula
1749 4795 1903 4875 continet,

258 4918 326 4961 non
349 4895 510 4960 contendo
534 4919 595 4960 nec
618 4896 813 4961 contendere
837 4918 991 4981 umquam
1014 4916 1158 4979 possum,
1189 4897 1265 4979 quia
1288 4894 1366 4958 mihi
1389 4916 1566 4978 numquam
1589 4897 1729 4980 pertinet
1751 4917 1810 4959 1166
1834 4918 1903 4980 per·

259 5001 355 5064 tinuit
376 5020 437 5063 nec
459 5001 618 5084 pertinere
642 4998 763 5064 debet⁸
785 5020 844 5063 nec
868 5020 926 5082 per
948 4997 1160 5061 hereditatem
1187 5017 1246 5062 noc
1277 5019 1335 5081 per
1363 4996 1521 5061 cartulam
1551 5018 1612 5060 1166
1640 5019 1699 5081 per
1727 4995 1829 5061 ullam
1858 4999 1904 5060 in-

260 5112 392 5167 ventam
413 5103 593 5166 rationem!
632 5102 738 5165 Tum⁰
761 5102 1001 5186 suprascriptus
1024 5098 1162 5163 domnus
1186 5100 1363 5184 imperator
1386 5099 1463 5164 dum
1485 5098 1593 5164 taliter
1615 5099 1759 5163 audisset
1781 5109 1813 5163 et
1836 5098 1905 5163 dux

208 5222 243 5270 40
260 5214 293 5271 69
307 5204 452 5269 marchio
469 5213 501 5268 69
515 5203 640 5268 iudices
659 5213 690 5267 69
708 5203 786 5268 boni
809 5202 956 5266 homines
980 5204 1235 5287 suprascriptum
1252 5200 1465 5287 Opteramum
1487 5203 1725 5267 renuntiantem
1748 5212 1780 5264 et
1802 5203 1904 5266 mani-

260 5309 443 5390 festantem,
473 5316 597 5372 rectum
621 5329 732 5371 eorum
755 5307 863 5390 paruit
885 5328 957 5370 esse
980 5315 1012 5368 et
1034 5306 1080 5368 ita
1102 5304 1337 5387 iudicaverunt,
1368 5315 1403 5370 ut
1425 5327 1502 5389 pars
1525 5307 1590 5370 iam
1613 5305 1691 5370 dieti
1715 5305 1903 5369 monasterii

346 5493 405 5548 199.
431 5492 528 5562 [Foltz]
632 5496 658 5558 a)
678 5493 709 5556 A,
727 5495 801 5544 Casti
825 5492 885 5543 DO.
904 5496 962 5542 398
1065 5493 1093 5555 b)
1112 5491 1221 5542 PinnA
1288 5508 1290 5513 ·
1327 5493 1351 5559 c)
1370 5493 1543 5559 IosephpoA
1647 5492 1779 5556 rilindem
1797 5494 1843 5541 mit
1862 5509 1903 5541 re·

432 5566 505 5628 quire
522 5579 609 5629 16111116
634 5562 687 5626 aas
708 5565 763 5613 6966
789 5561 993 5626 oeroaapelreude
1016 5559 1148 5624 Atrcdrifl
1174 5563 1310 5612 6611696166
1335 5560 1417 5623 wird,
1444 5561 1517 5611 distet
1539 5559 1587 5610 der
1606 5558 1695 5625 Oopirt
1713 5560 1770 5610 hier
1786 5577 1837 5610 aar
1854 5560 1906 5611 den

211 5698 245 5748 ὦ
431 5631 626 5767 111611111ῃὲ1Ιίἀῖ
651 5634 680 5681 in
707 5631 836 5680 Murutors‘
862 5631 879 5681 9.
902 5648 923 5679 e.
951 5628 989 5690 2⁶,
1017 5632 1073 5680 940
1098 5629 1255 5694 poenatem
1277 5629 1399 5680 Urleuade
1509 5628 1534 5694 e)
1559 5634 1587 5677 911
1611 5627 1635 5677 Α
1746 5628 1767 5695 t)
1792 5631 1855 5694 qnia
1879 5628 1902 5678 A
