4298 6414
823 447 1277 506 KAISERUBKUNDEN.

333 631 438 687 tt'ont·
460 630 545 689 Hem.
562 630 773 703 Inndesqmn.
796 626 840 690 2⁶.
863 636 906 689 26
930 637 963 688 ιιθ
978 637 1019 689 19
1041 650 1099 690 nus
1117 633 1155 692 B.
1176 666 1219 675 -
1242 634 1331 706 Kepp
1348 634 1499 706 Pulueoyr.
1521 636 1588 693 erit
1612 639 1643 704 1,
1660 638 1725 695 415
1748 638 1797 696 cu.
1817 655 1866 696 aas

329 734 443 791 ‹ltinuds
466 735 536 791 nau-11
561 735 769 791 rorliumleneiu
796 736 933 806 Oripiuel
955 735 1018 812 (A).
1041 771 1084 779 —
1106 737 1235 794 Bnnnm
1254 738 1327 810 Ray.
1351 742 1402 797 63.
1424 771 1467 779 -
1489 737 1619 810 Sturupf
1636 739 1713 811 Rey.
1736 743 1789 797 38.

328 873 411 930 Nuelu
433 873 488 929 deu
512 892 565 930 ron
581 873 670 946 Kemp
694 874 898 945 ›riitqetliedteu
921 874 1016 932 Il'eteu
1040 876 1090 932 lint
1113 874 1177 933 PB.
1200 875 1263 932 (lies
1284 874 1323 937 D.
1347 877 1517 947 inculpatam
1537 874 1744 948 unlerseitiqt.

431 1059 468 1123 ln
498 1061 628 1123 nomine
657 1072 769 1144 sanetq
798 1071 831 1125 et
858 1061 1024 1126 individue
1052 1064 1216 1126 trinitatis.
1254 1061 1428 1125 Heinricus
1450 1061 1502 1126 dei
1526 1061 1672 1126 donante
1699 1060 1866 1127 clementia

226 1187 296 1227 rex.
383 1163 541 1228 Noverint
565 1188 677 1228 omncs
700 1164 814 1228 fideles
838 1168 939 1229 nostri
963 1178 1131 1250 presentes
1153 1182 1186 1230 et
1208 1167 1322 1246 futuri,
1354 1165 1494 1250 qualiter
1515 1188 1577 1230 nos
1598 1187 1675 1229 cum
1697 1164 1893 1250 Meingozot

227 1268 460 1332 llerueldensis
481 1267 609 1352 cignobii
632 1267 753 1331 abbate
775 1267 940 1353 quoddam
964 1269 1101 1332 fecimus
1123 1268 1361 1332 concambium.
1395 1268 1545 1333 Tradidit
1560 1271 1662 1354 igitur
1675 1268 1773 1333 nobis
1787 1268 1867 1333 idem

226 1370 331 1434 abbas
359 1394 433 1435 cum
462 1394 622 1435 consensu
650 1372 786 1471 fratrum
815 1369 893 1433 inibi
923 1370 1055 1435 domino
1084 1372 1310 1437 famulantium
1333 1384 1365 1436 et
1388 1395 1486 1436 manu
1508 1373 1664 1436 advocati
1695 1372 1745 1435 sui
1769 1371 1871 1436 Erlolf

225 1476 403 1558 nuncupati
426 1474 580 1559 quicquid
603 1475 635 1537 in
659 1473 732 1538 loeo
755 1474 786 1539 Ο
809 1474 897 1537 dicto
926 1473 969 1536 ad
998 1477 1104 1558 ipsum
1134 1477 1366 1539 monasterium
1395 1475 1562 1561 bucusque
1589 1475 1756 1560 pertinere
1785 1475 1869 1539 vide

225 1576 331 1655 batur,
363 1600 436 1641 cum
466 1576 634 1642 curtilibus
663 1578 800 1661 qditiciis
828 1577 949 1660 eclesia
972 1580 1144 1662 mancipiis
1166 1579 1380 1664 omnibusque
1402 1579 1601 1664 appenditiis
1624 1590 1657 1643 et
1679 1579 1870 1644 adiacentiis

226 1683 303 1743 suis.
338 1680 482 1745 licentra
505 1704 582 1744 vcro
606 1680 755 1744 dedimus
777 1681 821 1744 ad
843 1682 1005 1766 prqfatum
1028 1684 1261 1746 monasterium
1285 1685 1317 1746 in
1340 1705 1426 1768 pago
1443 1683 1635 1766 Languizza
1657 1684 1693 1746 in
1715 1685 1872 1746 comitatu
1888 1702 1914 1748 10

226 1783 437 1868 lleginwardi
461 1785 622 1869 quendam
649 1785 756 1849 locum
781 1785 897 1848 Husun
926 1796 1079 1850 vocatum
1108 1808 1182 1849 eum
1211 1784 1381 1850 curtilibus
1410 1786 1547 1870 qditiciis
1574 1787 1751 1871 mancipiis
1779 1787 1873 1849 terris

225 1886 321 1949 cultis
344 1902 376 1950 et
398 1886 529 1950 incultis
551 1890 639 1972 agris
663 1889 765 1971 pratis
788 1890 914 1973 campis
938 1891 1070 1973 pascuis
1092 1888 1184 1953 silvis
1211 1891 1306 1974 aquis
1334 1910 1556 1974 aquarumque
1585 1887 1781 1954 decursibus
1807 1911 1873 1952 mo·

224 1989 363 2055 lendinis
385 1994 448 2054 viis
470 2006 503 2055 et
525 1993 621 2054 inviis
644 1992 787 2055 exitibus
810 2003 841 2055 ct
864 1992 1023 2057 reditibus
1051 1995 1186 2078 quesitis
1214 2003 1247 2055 et
1275 1991 1475 2076 inquirendis
1504 1991 1721 2076 omnibusque
1752 2014 1873 2077 appen-

224 2093 313 2158 ditiis
336 2106 368 2158 et
390 2095 584 2158 adiacentiis
608 2097 685 2158 siris.
724 2096 882 2159 Iussinms
905 2119 1034 2182 quoque
1056 2096 1118 2160 hoc
1142 2107 1330 2181 preceptum
1353 2095 1428 2159 iude
1451 2095 1613 2159 conscribi
1644 2095 1783 2160 firmiter
1804 2117 1874 2180 prq-

224 2199 396 2282 cipicntes,
431 2210 591 2283 quatenus
619 2199 766 2283 prqfatus
794 2198 899 2262 abbas
928 2199 1103 2284 llegingoz
1132 2201 1246 2284 suique
1275 2221 1482 2264 successores
1504 2198 1603 2262 talem
1631 2198 1708 2263 inde
1729 2198 1875 2263 habeant
1892 2216 1920 2263 15

225 2301 360 2365 ulterius
382 2312 576 2385 potestatem
601 2303 684 2365 sieut
707 2302 802 2365 etde
824 2302 898 2366 aliis
921 2302 1018 2366 rebus
1041 2325 1103 2387 quq
1126 2303 1168 2366 ab
1192 2304 1335 2387 antiquis
1357 2303 1558 2386 temporibus
1586 2301 1630 2366 ad
1655 2313 1874 2366 memoratum

223 2403 394 2488 cenobium
426 2408 584 2488 pertinere
614 2405 820 2469 videbantur.
859 2406 910 2469 Ee
931 2416 967 2468 ut
997 2405 1059 2469 boc
1091 2416 1202 2489 110an
1230 2407 1494 2469 commutationis
1523 2415 1713 2490 preceptum
1743 2405 1875 2470 firmum

223 2506 403 2592 stabileque
437 2519 640 2592 permaneat,
674 2532 773 2573 manu
803 2520 915 2572 nostra
944 2510 1145 2573 timuerimus
1175 2510 1328 2594 auidique
1357 2511 1458 2572 nostri
1490 2509 1694 2592 inprqssione
1724 2510 1874 2594 insigniri

223 2633 386 2675 russunus.

326 2749 464 2833 Puppe·
485 2752 631 2814 notarius
660 2749 809 2814 adviccm
834 2747 1027 2834 lliltipertil
1050 2749 1326 2835 archicappellani
1349 2751 1527 2834 recognovi
1550 2760 1583 2813 et
1627 2752 1699 2830 (SR
1723 2752 1827 2829 NN.)⁰
1892 2767 1923 2813 20

324 2885 414 2948 Data
437 2886 503 2950 kal.
527 2889 593 2950 iun.
619 2885 729 2971 [aluno
753 2888 986 2951 incarnationis
1010 2883 1157 2951 dominid
1181 2902 1409 2967 nccwxxxti,
1433 2887 1611 2950 indictione
1634 2903 1691 2967 xv,
1714 2896 1874 2970 regnante

222 2987 368 3072 piissimo
395 2988 481 3073 [rege
497 2990 690 3073 Heinlricw
713 3013 798 3055 anno
815 3008 912 3071 x11113
935 3002 1044 3055 aetum
1060 2987 1300 3074 Erpt'erstirrt‘3
1323 2991 1355 3054 in
1378 2989 1429 3053 dci
1452 2991 1583 3055 nomine
1605 2988 1745 3053 feliciter
1766 3011 1873 3053 amen.

1016 3197 1079 3274 34.

220 3350 395 3426 Heinrich
418 3351 495 3449 piet
519 3351 598 3425 dem
626 3352 767 3426 Klostei·
793 3353 914 3425 Fidele
941 3353 1063 3424 seluce
1091 3353 1208 3426 Besitz
1236 3354 1272 3425 iu
1300 3352 1494 3426 Abeubeim
1521 3379 1567 3426 zu
1599 3353 1749 3426 Tauscd.

1472 3491 1584 3562 Ersmt
1607 3497 1673 3552 932
1693 3493 1777 3551 Jom·
1799 3497 1829 3552 3.
1888 3502 1919 3549 26

324 3684 420 3743 Codes
442 3684 613 3743 Ebcrlturdi
635 3702 691 3741 cum
713 3685 766 3741 dci·
788 3684 877 3740 Mitte
904 3682 954 3740 des
983 3685 1033 3741 12.
1058 3681 1111 3740 Jli.
1141 3681 1199 3739 Bd.
1222 3686 1246 3741 ὲ.)
1272 3681 1296 3751 f.
1322 3686 1362 3739 m
1386 3684 1425 3739 im
1449 3682 1477 3741 lt.
1500 3682 1701 3740 Stuutsnuleie·
1722 3702 1762 3741 eu
1786 3685 1871 3742 Mar-

324 3787 398 3858 burp
421 3787 485 3865 (B).

320 3927 470 3985 schannat
495 3927 584 3986 Trcul.
600 3927 690 3986 Fuld.
712 3931 777 3987 234
799 3930 912 3985 ⁷1⁰570
934 3944 990 3984 (ius
1006 3925 1043 3984 B.
1067 3959 1109 3967 —
1131 3925 1252 3983 Droule
1275 3923 1338 3986 01».
1361 3924 1453 3984 Fuld.
1476 3928 1540 3983 314
1564 3932 1597 3980 11⁰
1612 3928 1675 3980 678
1696 3942 1755 3982 uim
1771 3926 1809 3985 B.
1830 3959 1870 3968 -

324 4030 452 4087 Btiluuer
473 4031 545 4103 Itey.
563 4034 613 4089 et.
637 4065 678 4073 —
700 4030 829 4103 Stmupt'
846 4032 918 4103 Rea
943 4035 993 4089 40.

323 4169 382 4227 Die
404 4169 627 4241 deesse-beidam
649 4168 702 4227 der
723 4168 968 4228 Eberleurdseleeu
993 4169 1121 4226 Zuse'ttse
1145 4167 1218 4226 ecird
1240 4168 1400 4226 erleielilert
1426 4169 1519 4226 durch
1547 4169 1601 4226 dus
1628 4169 1811 4229 l'erluiltniss
1831 4189 1869 4228 eu
1887 4188 1918 4234 30

322 4271 377 4329 den
399 4270 653 4344 uoruusqeliemlcu
668 4272 737 4334 DD.
768 4272 848 4330 Duas
864 4272 950 4343 jener
964 4271 1118 4342 Absclue'ft
1139 4289 1194 4328 een
1216 4272 1299 4327 einer
1313 4269 1406 4327 Hand
1429 4270 1479 4328 des
1501 4272 1551 4333 14.
1567 4270 1619 4333 Jn.
1642 4272 1793 4346 beiqet'dqt
1815 4275 1872 4331 ist:

325 4375 459 4448 sigillata
481 4380 540 4444 est,
574 4376 710 4447 eerbitrqt
738 4375 810 4432 siocli
840 4375 918 4432 nield
948 4375 1017 4433 cluss
1046 4378 1094 4433 eiu
1119 4374 1256 4447 Oriyiunl
1280 4373 1409 4446 yleieleeu
1433 4372 1612 4433 ll'eitleutes
1633 4375 1803 4434 surhaudeu
1822 4394 1871 4449 ye-

324 4497 417 4538 wesen
441 4481 487 4538 ist.
510 4512 552 4522 -
567 4478 627 4537 Die
640 4498 680 4536 su
696 4479 765 4540 DII.
781 4482 822 4537 34
838 4480 974 4551 peledriye
992 4479 1245 4538 Traditimisnetie
1259 4495 1281 4539 s,
1298 4479 1329 4535 iu
1345 4476 1465 4535 Droulre
1481 4475 1545 4538 01).
1560 4477 1652 4538 Fald.
1668 4480 1731 4538 315
1747 4485 1784 4536 πθ
1798 4482 1870 4540 679.

426 4665 600 4729 Heinrieus
631 4664 741 4728 divina
771 4664 971 4729 concedente
999 4664 1171 4730 elementia
1200 4687 1259 4728 rex
1291 4663 1342 4749 <et
1364 4662 1547 4728 advocatus
1569 4662 1792 4729 Romanorum
1815 4686 1871 4728 au·

220 4765 365 4854 gustus>
454 4768 613 4832 Noverint
643 4789 754 4832 omues
782 4766 896 4832 fideles
924 4770 1027 4833 nostri
1050 4777 1219 4854 presentes
1243 4767 1366 4831 scilieet
1389 4777 1421 4830 et
1443 4765 1559 4847 futuri,
1594 4766 1735 4850 qualiter
1756 4767 1870 4832 Hada-
1888 4788 1920 4837 ss

218 4896 328 4939 marus
359 4870 556 4936 venerabilis
586 4870 692 4934 abbas
720 4871 895 4936 Fuldensis
925 4874 1113 4937 monasterii
1143 4871 1277 4935 tradidit
1308 4869 1403 4934 nobis
1432 4892 1506 4934 eum
1540 4891 1703 4933 consensu
1733 4869 1871 4934 fratrum

219 4976 297 5041 inibi
327 4976 389 5041 deo
419 4973 646 5039 famulantium
676 4975 831 5059 quiequid
859 4977 892 5039 in
922 4975 1051 5039 Tribuni
1082 4976 1115 5039 in
1144 4997 1231 5060 pago
1254 4973 1386 5058 Engilin
1414 4974 1448 5036 iu
1474 4974 1632 5037 comitatu
1655 4971 1871 5056 Meginwardi

220 5081 358 5167 presidis
387 5090 419 5144 et
448 5081 480 5143 in
509 5078 592 5141 lstat
621 5080 654 5141 in
683 5100 769 5162 pago
796 5077 997 5162 Nabelgowe
1024 5081 1058 5143 iu
1087 5079 1244 5143 comitatu
1267 5079 1343 5142 item
1367 5075 1513 5140 eiusdem
1536 5074 1759 5160 blegenwardi
1782 5077 1870 5139 etin

219 5183 406 5248 Mersebure
430 5184 462 5245 in
486 5204 572 5267 pago
596 5181 762 5266 Hdsgowe
791 5182 824 5244 in
852 5183 1009 5245 comitatu
1039 5180 1184 5265 sigifridi
1214 5181 1424 5265 proprietatis
1453 5178 1573 5242 habere
1601 5181 1664 5242 visi
1693 5189 1769 5243 sunt
1794 5179 1872 5243 Ful·

219 5287 335 5351 denses
358 5288 476 5350 fratres
500 5295 607 5370 preter
630 5284 685 5347 illa
709 5285 873 5369 riraneipia
896 5307 958 5369 que.
981 5287 1171 5348 nominatim
1195 5294 1324 5348 constat
1347 5307 1419 5348 csse
1440 5282 1624 5347 interdieta.
1648 5281 1795 5346 Econtra
1810 5306 1872 5348 nos
1889 5302 1922 5348 40

219 5390 282 5454 illis
306 5390 454 5454 dedimus
479 5387 636 5473 quidquid
660 5389 693 5451 in
716 5387 899 5451 Abunheim
924 5390 955 5451 in
980 5410 1066 5472 page
1090 5387 1342 5472 Warmazgowe
1365 5389 1397 5450 in
1420 5387 1576 5449 comitatu
1600 5382 1768 5448 Ohuuradi
1795 5407 1870 5450 eum

219 5493 368 5558 orumbus
391 5492 435 5556 ad
457 5491 517 5556 hec
547 5492 616 5555 iure.
647 5489 899 5575 pertinentibus,
934 5513 1008 5554 eum
1039 5489 1187 5574 ecelesiis
1215 5492 1388 5575 mancipiis
1416 5488 1586 5554 curtilibus
1615 5487 1753 5572 edificiis
1781 5491 1872 5575 agris

320 5664 362 5717 ³³.
389 5662 484 5731 [Foltz]
572 5672 599 5725 a)
618 5663 649 5727 A,
668 5665 762 5714 llobbo
781 5664 807 5713 B
894 5664 923 5729 b)
941 5661 973 5727 Δ,
991 5663 1153 5714 Hildiberhti
1171 5664 1198 5713 B
1285 5663 1310 5728 c)
1331 5669 1357 5712 et
1375 5663 1432 5727 (SR.
1454 5662 1524 5721 NN)
1536 5659 1606 5724 sebit
1624 5661 1651 5709 ia
1669 5659 1697 5710 B
1790 5661 1821 5727 d)
1838 5659 1871 5717 A.

390 5734 522 5800 domiuiuq
540 5736 592 5789 inc.
611 5732 637 5782 B
725 5733 750 5798 c)
769 5735 801 5783 lt
821 5735 905 5798 primo
924 5734 950 5782 B
1033 5732 1055 5794 t')
1073 5732 1105 5794 A,
1122 5733 1224 5783 Ersinrt
1243 5732 1275 5781 B.
