4500 6420
999 474 1124 533 OT'PO
1146 476 1171 532 Ι.
1195 473 1266 534 969.
1890 473 1954 539 513

311 653 453 719 violator
476 654 628 735 extiterit,
653 656 736 718 sciat
751 677 785 717 se
801 658 1056 740 compositurum
1081 660 1149 721 auri
1174 660 1288 743 optimi
1310 658 1411 723 libras
1434 671 1573 742 centum,
1596 662 1804 729 medietatem
1827 686 1956 731 camere

310 767 421 822 nostre
443 768 475 821 et
497 756 704 822 medietatem
727 760 951 841 prenominato
975 759 1087 823 abbati
1117 763 1249 847 eiusque
1279 763 1533 828 successoribus.
1579 764 1677 845 Quod
1700 777 1736 831 ut
1757 771 1866 833 verius
1889 792 1956 834 cre·

311 859 406 924 datur
429 859 679 944 diligentiusque
701 860 743 924 ab
768 863 918 925 omnibus
943 862 1142 946 observetur,
1165 887 1264 929 manu
1287 868 1419 951 propria
1442 867 1635 933 roborantes
1657 871 1790 935 anulum
1809 882 1956 937 nostrum

311 964 446 1029 inferius
468 965 599 1048 inprimi
622 965 785 1028 iussimus.

277 1119 293 1164 o
414 1102 550 1185 Signum
573 1100 683 1164 domni
707 1099 837 1165 Ottonis
862 1104 926 1182 (M.)
953 1105 1147 1168 serenissimi
1171 1107 1311 1188 augusti.

412 1204 606 1269 Ambrosius
629 1204 844 1269 cancellarius
869 1206 1017 1269 advicem
1036 1206 1175 1272 Huberti
1199 1209 1344 1293 episcopi
1368 1216 1400 1271 et
1422 1208 1702 1276 archicancellarii
1723 1214 1899 1296 recognovi
1923 1223 1955 1277 et

313 1307 499 1392 subscripsi.

413 1444 537 1510 Datum
560 1445 627 1510 kal.
650 1446 736 1510 mad.
760 1468 845 1510 anno
870 1447 1033 1513 dominice
1056 1449 1290 1513 incarnationis
1313 1450 1565 1531 Dccc'cnxvnu,
1595 1453 1721 1534 imperii
1742 1474 1820 1517 vero
1844 1452 1954 1517 domni

312 1547 442 1612 Ottonis
465 1550 596 1633 augusti
613 1567 692 1631 vlu3
716 1558 825 1613 actum
848 1551 880 1613 in
903 1548 1026 1635 Apulia
1047 1553 1081 1615 in
1100 1550 1256 1616 suburbio
1271 1552 1409 1634 Biuin03
1433 1554 1465 1615 in
1482 1553 1534 1617 dei
1550 1557 1681 1617 nomine
1695 1553 1834 1619 feliciter
1848 1577 1954 1621 amen.

262 1837 294 1883 io
1090 1808 1176 1881 374.

320 1963 400 2040 Otto
429 1965 590 2061 besttttipt
615 1964 694 2036 dem
717 1963 881 2036 Bistbum
906 1964 987 2036 Asti
1013 1963 1083 2035 den
1106 1962 1333 2036 Besitzstoud
1357 1964 1437 2036 racd
1461 1965 1519 2037 die
1546 1963 1844 2040 Gericlttsborlccit
1867 1968 1956 2039 tiber

311 2087 369 2158 die
391 2084 498 2161 Stude
523 2086 602 2157 raud
627 2085 736 2158 deren
763 2085 965 2175 Weicbbild,
994 2085 1130 2157 ertbcilt
1154 2084 1228 2155 idua
1253 2084 1466 2157 missotiscbe
1488 2085 1615 2159 Recltte
1637 2086 1716 2157 ettad
1737 2086 1795 2158 die
1817 2085 1954 2184 Beffop-
1987 2134 1991 2141 -

310 2207 383 2278 aisa
410 2205 700 2303 Befestiquapea,
728 2205 856 2302 Hu'fea
882 2205 962 2277 aad
986 2204 1129 2277 Metrlcte
1157 2204 1360 2301 oozuleqera

1267 2326 1387 2386 Conco
1408 2331 1447 2386 ia
1468 2331 1659 2387 Romania
1681 2334 1744 2392 009
1766 2331 1837 2388 Mai
1857 2335 1910 2392 20.

261 2530 293 2577 16
413 2515 505 2573 Libro
526 2514 611 2572 verde
633 2513 660 2571 d'
674 2515 741 2572 sisti
762 2532 827 2573 oona
850 2515 882 2572 J.
899 2516 984 2574 1353
1007 2514 1031 2584 f.
1056 2519 1097 2574 90
1120 2517 1161 2571 im
1184 2515 1211 2574 e.
1237 2515 1437 2574 Stcotsorchia
1458 2534 1499 2572 eu
1523 2517 1619 2574 Turia
1643 2514 1705 2593 (R).

415 2651 527 2724 Uqlrelli
542 2651 636 2709 Italia
650 2669 736 2709 socru
752 2650 794 2710 cd.
816 2659 839 2720 J,
865 2655 894 2722 4,
912 2653 974 2710 496
990 2666 1047 2708 aas
1062 2651 1092 2707 B
1108 2673 1146 2701 =
1165 2650 1208 2709 cd.
1229 2659 1269 2719 ΙΙ,
1294 2654 1323 2720 4,
1341 2654 1413 2710 348.
1430 2684 1472 2694 -
1487 2651 1570 2710 Mon.
1582 2655 1713 2724 patriae,
1737 2654 1828 2711 chod.
1844 2659 1874 2722 1,
1890 2657 1952 2714 221

412 2759 446 2812 a⁰
468 2759 533 2814 132
554 2773 610 2813 aas
632 2755 669 2813 Β.
695 2788 736 2797 -
759 2755 887 2813 Bolmrer
909 2755 981 2826 aa.
1006 2756 1078 2813 359.
1103 2786 1145 2796 -
1168 2752 1298 2826 Stampf
1315 2755 1387 2826 my.
1413 2757 1484 2814 407.

415 2891 548 2961 Versasst
570 2892 642 2962 aad,
666 2894 720 2950 rote
743 2892 789 2950 die
804 2892 1089 2964 Nochacielmwapea
1112 2891 1161 2949 des
1179 2889 1337 2949 Clarismoa
1358 2891 1423 2948 aad
1445 2892 1494 2950 des
1509 2893 1849 2965 Rccoynitionsaeicheas
1872 2896 1905 2951 ia
1927 2894 1956 2951 B

413 2995 558 3051 erkeaueu
581 2995 693 3064 cassen,
727 2996 803 3052 uach
822 2995 1007 3067 aeschriebca
1029 3011 1084 3051 eron
1106 2995 1147 3052 It.
1171 2992 1210 3050 D.
1252 2993 1316 3052 Wie
1337 2995 1554 3053 Veterensem
1575 2996 1655 3053 nicht
1678 2997 1809 3053 cescebat
1831 2996 1954 3066 werden,

412 3114 444 3154 so
474 3099 614 3155 crimtera
644 3099 720 3156 auct
748 3116 809 3155 aar
836 3098 1007 3156 veretaeelte
1034 3098 1212 3157 Assaracus
1239 3117 1280 3157 oa
1302 3099 1349 3156 die
1371 3117 1428 3157 aas
1451 3101 1618 3158 altalteaea
1640 3100 1782 3170 frattaerea
1804 3102 1954 3173 Praecpta.

410 3199 469 3257 Dic
487 3218 578 3273 papea
601 3202 655 3259 aas
677 3202 716 3260 D.
741 3203 901 3260 erlrobeaca
923 3200 1080 3258 Bedeulea
1101 3202 1152 3258 bat
1174 3201 1262 3259 schoa
1283 3203 1393 3274 Rieoer
1414 3203 1782 3276 Immuaitcttspricileyiea
1812 3204 1868 3274 fttr
1889 3204 1955 3262 ital.

412 3303 585 3361 Bistlu'tmer
600 3309 641 3362 13
657 3303 813 3376 widerleyt.
851 3302 968 3362 Otwott
989 3305 1038 3361 eia
1062 3304 1146 3362 Tbeil
1169 3304 1221 3361 der
1235 3304 1376 3376 Fossaap
1397 3307 1431 3361 ia
1453 3305 1509 3361 dea
1532 3305 1602 3363 DD.
1620 3306 1746 3363 Koarod
1766 3312 1806 3364 11.
1832 3304 1961 3378 Statu-pf

412 3407 484 3477 aeq.
508 3412 593 3466 2120
624 3407 679 3477 fttr
705 3407 836 3465 Medeae
864 3408 929 3467 aad
957 3409 1100 3466 Heinrich
1122 3418 1177 3467 ΙΙΙ.
1209 3408 1336 3480 Stamps
1362 3409 1434 3481 Περ.
1457 3412 1542 3467 2204
1572 3409 1628 3479 fite
1657 3409 1725 3467 Asa·
1756 3410 1955 3478 urieuertetrt,

414 3511 542 3567 tenatos
564 3513 619 3568 wir
641 3529 697 3569 ores
720 3512 819 3569 (liesca
840 3530 902 3570 aar
922 3514 1031 3584 wentae
1046 3512 1280 3570 Eriteadatioaea
1299 3514 1461 3585 peartaneu,
1485 3511 1524 3568 dc
1539 3511 1594 3569 dus
1613 3511 1749 3583 Oriyiaol
1764 3511 1814 3570 des
1829 3515 1957 3570 ersterca

414 3631 454 3670 aa
475 3614 600 3672 Fchlcra
622 3615 701 3672 reicit
723 3617 762 3672 ist
784 3615 847 3672 rand
869 3615 908 3671 ‹la
931 3614 985 3672 dos
1006 3616 1107 3671 accede
1130 3615 1225 3672 histor
1245 3632 1307 3671 aar
1328 3616 1361 3672 ia
1383 3613 1550 3671 schleclttem
1572 3613 1713 3672 Abstrack
1735 3613 1864 3686 eorlieqt.

415 3817 473 3896 (C.)
494 3816 533 3879 In
555 3817 685 3880 nornine
708 3824 819 3879 sancte
844 3813 897 3897 [et]
922 3814 1088 3879 individue
1112 3816 1274 3879 trinitatis.
1321 3812 1399 3878 Otto
1423 3813 1533 3879 divina
1555 3815 1685 3878 favente
1713 3816 1825 3898 gracia
1855 3816 1954 3900 impe·

310 3927 400 3982 rator
423 3930 589 4004 augustus.
678 3918 712 3981 Si
737 3917 883 4002 preclaro
908 3918 1129 3982 retributionis
1151 3918 1256 3982 floret
1281 3918 1403 3983 ditatur
1425 3919 1479 4003 qui
1504 3919 1624 3981 sanctis
1646 3917 1728 3982 locis
1753 3918 1814 3982 deo
1839 3918 1955 3982 dicatis

312 4044 370 4085 sua
399 4025 610 4102 concesserit,
645 4019 758 4086 haudb
790 4022 940 4085 inmerito
975 4021 1220 4106 prosperabitur
1251 4023 1304 4105 qui
1335 4020 1469 4102 collata,
1505 4029 1541 4085 ut
1571 4022 1694 4085 sincere
1724 4042 1744 4083 a
1775 4021 1956 4085 cultoribus

311 4126 521 4190 ecclesiarum
545 4125 596 4189 dei
620 4125 840 4206 detineantur,
872 4146 931 4187 sua
953 4127 1147 4189 auctoritate
1170 4124 1441 4189 corroboraverit.
1489 4125 1652 4205 Quocirca
1676 4127 1819 4189 omnium
1844 4135 1955 4189 sancte

260 4246 293 4291 eo
312 4227 363 4292 dei
393 4229 553 4293 ccclesie⁰
581 4228 724 4294 fidelium
751 4239 1002 4314 nostrorumque
1031 4229 1236 4312 presencium
1260 4250 1299 4291 ac
1321 4228 1502 4292 futurorum
1525 4231 1652 4293 noverit
1675 4228 1851 4311 industria,
1880 4251 1955 4314 qua-

311 4330 384 4395 liter
402 4329 595 4396 Hubertusd
619 4342 730 4396 sancte
746 4333 931 4396 Parmensis
955 4331 1091 4395 ecclesie
1114 4330 1311 4395 venerabilis
1334 4333 1518 4416 episcopus,
1540 4333 1678 4415 insignis
1701 4353 1830 4417 quoque
1853 4332 1956 4396 archi·

312 4435 526 4499 cancellarius
550 4444 696 4499 nostram
720 4434 800 4498 adiit
823 4434 1064 4517 celsitudinem,
1094 4444 1153 4498 ut⁰
1182 4456 1241 4519 pro
1270 4433 1322 4498 dei
1351 4457 1463 4499 amore
1486 4436 1656 4519 animeque
1679 4444 1789 4498 nostre
1812 4435 1956 4500 remedio

313 4540 420 4601 omnia
445 4548 556 4602 sancte
573 4536 730 4601 Astensif
751 4537 887 4601 ecclesie
909 4540 943 4601 in
967 4537 1089 4603 honore
1113 4548 1224 4602 sancte
1248 4538 1299 4601 dci
1315 4539 1480 4621 genitricis
1497 4559 1687 4622 semperque
1704 4538 1837 4620 virginis
1853 4536 1956 4599 llario

312 4640 417 4704 dicate
447 4641 503 4705 ubi
532 4644 787 4705 sacratissimum
819 4664 936 4725 corpus
967 4643 1072 4705 sancti
1102 4640 1242 4705 Secundi
1272 4640 1441 4704 humatum
1471 4640 1624 4724 quiescit,
1659 4640 1710 4702 cui
1738 4648 1871 4704 auctore
1895 4639 1956 4703 deo

261 4764 294 4810 35
312 4746 477 4830 nostrique
501 4746 661 4808 examinis
685 4747 791 4828 gratia
805 4746 897 4809 Rozo
921 4747 1095 4830 episeopus
1119 4743 1269 4824 deservit,
1295 4764 1315 4805 a
1337 4740 1623 4827 predecessoribus
1646 4744 1766 4806 nostris
1789 4752 1857 4805 tam
1878 4743 1958 4824 regi-

310 4847 372 4911 bus
396 4872 495 4933 quam
517 4848 768 4932 imperatoribus
792 4859 890 4933 atque
913 4872 933 4911 a
954 4847 1115 4930 religiosis
1138 4848 1215 4911 viris
1238 4845 1370 4910 conlata
1392 4854 1505 4908 nostra
1534 4843 1694 4928 imperiali
1723 4865 1861 4907 censura
1884 4864 1958 4908 con-

311 4952 439 5014 firmare
455 4961 487 5015 et
505 4951 717 5016 corroborare
741 4952 957 5035 dignaremur.
990 4949 1091 5015 Cuius
1114 4950 1210 5034 digne
1234 4951 1387 5035 peticioni
1412 4969 1581 5011 assensum
1605 4947 1776 5031 prebentes
1799 4946 1956 5010 eiusdem·

312 5077 372 5139 que
403 5055 454 5119 dei
484 5056 648 5137 genitricis
678 5078 867 5139 semperque
891 5056 1026 5137 virginis
1049 5053 1153 5116 Maris
1177 5055 1346 5137 sanctique
1369 5049 1511 5116 Secundi
1535 5052 1687 5133 martyris
1716 5048 1957 5134 implorandam

311 5157 441 5221 assidue
466 5179 562 5241 opem
585 5156 828 5221 considerantes
851 5156 913 5221 hoc
937 5166 1124 5242 preceptum
1147 5155 1215 5218 fieri
1239 5156 1401 5236 iussimus,
1426 5175 1484 5238 per
1506 5152 1595 5237 quod
1613 5162 1680 5216 tam
1699 5154 1731 5216 in
1747 5151 1843 5215 cultis
1859 5173 1957 5236 quarn

261 5276 295 5323 to
314 5263 346 5324 in
368 5262 500 5324 incultis
522 5261 603 5324 locis
628 5283 739 5323 onmes
763 5260 875 5345 plebes
899 5272 1019 5343 cortes,
1044 5257 1222 5323 Castellum
1244 5258 1338 5322 vetus
1361 5259 1501 5338 integre,
1531 5266 1638 5319 cetera
1668 5277 1796 5341 quoque
1823 5254 1958 5319 castella

311 5363 405 5427 villas
429 5387 561 5427 mansos
585 5386 644 5426 nec
668 5386 734 5427 non
757 5365 925 5447 utriusque
949 5386 1047 5428 sexus
1071 5361 1229 5441 familias,
1265 5360 1379 5424 domos
1409 5381 1537 5444 quoque
1565 5361 1790 5444 possessiones
1819 5369 1851 5424 et
1877 5361 1957 5423 inte·

312 5469 448 5551 gerrirne
472 5467 654 5531 districtum
678 5476 710 5530 et
732 5466 918 5531 theloneum
941 5469 1044 5552 ipsius
1067 5466 1207 5529 civitatis
1229 5465 1262 5527 in
1284 5465 1422 5528 circuitu
1445 5471 1477 5526 et
1501 5465 1753 5547 circumquaque
1781 5485 1884 5548 usque
1913 5461 1957 5526 ad

398 5656 454 5708 374.
484 5654 592 5722 [Siclrel]
690 5658 715 5719 a)
733 5657 789 5707 sore
807 5655 841 5715 B,
859 5655 908 5720 oql.
929 5656 964 5707 D.
976 5653 1089 5705 Konrad
1102 5663 1130 5704 11.
1150 5652 1261 5718 Stamps
1272 5654 1335 5719 Rep.
1355 5655 1425 5703 2120
1520 5653 1549 5713 b)
1567 5657 1613 5702 aut
1631 5652 1657 5702 B
1760 5653 1784 5713 c)
1798 5650 1868 5714 fehlt
1885 5653 1915 5700 ia
1932 5650 1958 5700 B

483 5726 510 5788 d)
527 5726 685 5775 Lambertus
703 5725 730 5775 B
834 5728 859 5787 e)
878 5728 916 5775 ita
934 5726 959 5774 B
1063 5724 1219 5788 Odstensis
1238 5723 1273 5774 Β.

362 5832 555 5876 mmmmm
569 5833 588 5875 1.
1696 5829 1736 5890 65
