4298 6414
933 448 1127 506 KONRAD
1150 450 1174 507 l.
1199 445 1271 506 912.
1910 443 1929 507 7

376 635 441 697 288
455 639 491 691 a⁰
506 630 584 710 622)
607 633 674 691 aad
696 632 829 706 Ledeeiq
844 639 900 692 111.
918 650 983 691 eone
999 635 1052 694 23.
1068 632 1138 692 Juli
1152 635 1216 693 880
1234 630 1468 710 (Fersedenqca
1485 637 1514 704 9,
1531 637 1594 694 411
1610 640 1645 692 πθ
1659 632 1691 712 8)
1708 635 1757 694 als
1773 636 1929 694 carnittel-

292 780 295 785 -
377 737 449 799 aare
469 736 625 815 Vorlapea
646 735 729 817 (ΠΙ.
749 742 770 793 Ι
786 737 853 799 uod
870 735 915 814 11)
940 737 1073 796 dientes.
1104 737 1166 797 VU.
1186 744 1204 794 1
1223 737 1294 811 yctt
1317 737 1350 794 ie
1373 736 1426 795 der
1443 737 1591 812 Fassuap
1606 737 1717 797 wieder
1738 741 1855 798 sardeis
1871 740 1933 812 aas

377 841 417 903 D.
436 840 572 916 Ladeaip
588 847 645 900 ΙΙΙ.
666 858 732 901 eom
748 844 800 903 10.
816 841 909 915 April
923 843 987 901 878
1012 839 1150 919 (Dronlee
1165 841 1204 900 ib.
1220 842 1286 901 280
1301 846 1336 898 n⁰
1351 838 1426 918 619)
1451 840 1518 900 aad
1540 841 1604 901 dies
1619 842 1681 915 aas
1692 843 1731 902 D.
1747 842 1881 917 Ludwip
1897 843 1927 905 d.

377 945 417 1004 D.
436 963 505 1005 vem
520 947 550 1007 5.
567 945 709 1005 Februar
723 946 786 1004 834
812 942 897 1024 (ibid.
920 946 984 1003 214
1007 950 1042 1002 a⁰
1064 942 1151 1022 486).
1174 977 1216 987 —
1237 931 1331 1003 Uete’r
1353 944 1402 1003 die
1423 945 1929 1022 888188νί888Ενιυείιενιιιιῃνοη

274 1066 285 1113 s
378 1049 451 1109 DK.
476 1052 497 1109 6
520 1051 562 1108 im
587 1043 665 1109 eoa.
682 1049 796 1110 Eteri.
819 1049 914 1109 Fata.
938 1051 968 1122 2,
992 1050 1034 1108 95
1057 1065 1081 1108 s.
1105 1048 1195 1107 Folte
1217 1050 1252 1108 in
1274 1049 1499 1122 Forscaeeqee
1522 1052 1574 1123 18,
1595 1052 1667 1110 499.

380 1183 439 1264 (0.)
462 1180 477 1264 ξ
498 1184 538 1249 Iu
560 1185 691 1249 nomine
714 1193 874 1249 sanctae⁸
894 1195 926 1249 ct
948 1185 1137 1251 individuae
1160 1186 1323 1249 trinitatis,
1361 1184 1555 1251 Ouonradus
1578 1186 1689 1251 divina
1712 1187 1843 1251 favente
1866 1188 1929 1253 cle·

293 1287 396 1353 mentia
417 1309 488 1353 tex.
576 1303 689 1354 Constat
710 1320 759 1353 nos
781 1303 873 1353 diviua
896 1303 1066 1369 dispensante
1086 1305 1173 1368 gratia
1196 1306 1290 1355 ceteris
1313 1305 1469 1355 mortalibus
1492 1307 1703 1370 supereminere,
1731 1306 1802 1356 unde
1825 1313 1930 1372 oportet

293 1412 315 1457 ut
330 1405 402 1455 cuius
423 1406 612 1471 praecellimus
633 1423 751 1471 munere,
773 1409 831 1459 eius
854 1408 1007 1458 studeamus
1028 1390 1043 1473 ᾗ
1063 1407 1149 1458 modis
1171 1409 1294 1459 omnibus
1314 1424 1408 1474 parere
1428 1409 1569 1459 voluntati.
1598 1411 1766 1475 Quapropter
1785 1413 1930 1476 comperiat

291 1509 404 1561 industria
418 1516 500 1577 atque
515 1512 618 1563 utilitas
634 1514 751 1563 omnium
766 1512 885 1563 fidelium
900 1517 1050 1562 nostrorum
1065 1514 1244 1577 praesentium
1264 1513 1366 1563 scilicet
1387 1517 1413 1562 et
1433 1513 1598 1576 futurorum,
1621 1515 1685 1579 quia
1706 1515 1747 1564 vir
1769 1516 1929 1565 venerabilis

258 1614 280 1663 1⁰
290 1614 383 1681 llueggi
404 1616 477 1667 abba
498 1633 531 1668 ex
554 1618 714 1669 monasterio
736 1618 808 1683 quod
830 1617 927 1668 dicitur
948 1617 1044 1681 Fulda,
1067 1616 1139 1683 qnod
1161 1622 1202 1668 est
1223 1618 1302 1667 situm
1325 1618 1353 1666 in
1369 1632 1437 1683 pago
1453 1617 1575 1682 Grapiclt
1589 1622 1770 1668 constructum
1787 1619 1813 1667 in
1828 1618 1929 1670 honore

289 1721 359 1771 ancti
373 1720 508 1772 Bonitacii
523 1723 647 1786 martyris
662 1721 775 1785 Christi,
798 1722 844 1772 nbi
860 1704 964 1772 iidemb
984 1722 1117 1787 gloriosus
1132 1727 1231 1786 martyr
1246 1738 1356 1787 corpore
1374 1723 1498 1788 quiescit,
1522 1722 1613 1772 adiens
1636 1722 1820 1773 excellentiam
1838 1723 1928 1773 culmi·

287 1825 320 1875 uis
332 1825 414 1875 nosci
429 1824 530 1876 obtulit
544 1827 622 1876 nobis
642 1825 776 1892 quandam
796 1826 981 1876 auctoritatem
1000 1819 1034 1875 *⁰
1053 1825 1219 1875 Hludounici
1241 1827 1353 1891 piissimi
1376 1827 1445 1892 regis
1467 1827 1496 1874 in
1518 1841 1572 1892 qua
1594 1827 1792 1889 continebatur,
1816 1827 1929 1892 spiraliter

286 1928 344 1979 idem
365 1928 529 1981 clarissimus
550 1931 673 1996 princeps
694 1930 843 1995 praefatum
864 1930 1052 1980 monasterium
1073 1946 1133 1980 eum
1148 1930 1285 1980 monachis
1300 1930 1398 1980 ibidem
1415 1930 1521 1980 domino
1536 1930 1712 1980 militantibus
1730 1936 1757 1980 et
1774 1947 1833 1981 cnm
1849 1932 1929 1981 rebus

285 2032 321 2083 rel
339 2032 492 2085 bominibus
512 2033 550 2087 ad
569 2050 600 2085 se
620 2035 691 2085 iuste
711 2033 907 2100 pertinentibus
929 2034 972 2084 vel
994 2035 1185 2100 aspicientibus
1207 2035 1257 2084 sub
1280 2049 1330 2083 sua
1350 2035 1532 2085 constituisset
1553 2033 1705 2084 defensione
1721 2039 1748 2084 et
1762 2035 1929 2084 inmunitatis

251 2148 272 2196 15
284 2138 394 2188 tuitione.
427 2138 587 2189 Obsecravit
608 2154 722 2204 namque
744 2140 923 2204 praescriptus
944 2140 1015 2190 abba
1030 2145 1060 2188 ut
1075 2138 1196 2189 similiter
1210 2139 1298 2202 ipsum
1313 2138 1502 2188 monasterium
1517 2154 1576 2188 cum
1592 2138 1728 2188 monachis
1742 2138 1841 2188 ibidem
1865 2124 1925 2189 deo

283 2241 465 2293 famulantibus
480 2247 508 2293 et
523 2259 583 2293 curn
599 2244 678 2293 rebus
693 2247 720 2294 et
734 2243 887 2293 homiuibus
902 2244 952 2293 sibi
969 2243 1089 2309 legaliter
1104 2243 1298 2308 pertinentibus
1313 2243 1363 2292 sub
1379 2248 1469 2292 nestra
1491 2244 1711 2293 constitueremus
1731 2243 1883 2293 defensione
1903 2249 1930 2293 et

282 2331 412 2415 praefati
427 2332 516 2416 regis
532 2348 684 2397 auctoritati
702 2353 819 2397 nestram
840 2349 1009 2413 iungeremus
1031 2348 1228 2409 anctoritatem,
1252 2347 1329 2396 cuius
1351 2347 1519 2412 petitionem,
1542 2349 1606 2413 quia
1626 2348 1724 2396 iustam
1746 2348 1825 2397 immo
1848 2349 1928 2397 ratio-

281 2450 388 2501 nabilem
410 2468 469 2502 essa
491 2434 732 2503 iudicavimusnad
751 2458 778 2504 et
792 2453 920 2503 beneficio
936 2453 1007 2518 quod
1025 2453 1173 2518 postulavit
1190 2469 1326 2503 assensum
1347 2452 1525 2516 praebuimus.
1553 2452 1590 2502 Et
1611 2451 1671 2502 ideo
1694 2451 1762 2502 hane
1785 2452 1927 2502 auctorita·

281 2564 325 2604 tem
346 2560 455 2620 propter
478 2556 598 2606 divinum
620 2572 736 2607 amorem
759 2563 786 2607 et
806 2558 1004 2608 venerationem
1025 2559 1110 2622 ipsius
1133 2558 1218 2607 sancti
1241 2557 1293 2606 loci
1320 2556 1589 2622 tranquillitatemque
1612 2556 1723 2606 fratrum
1745 2556 1842 2606 ibidem
1866 2573 1927 2607 con·

245 2666 268 2712 a]
281 2659 423 2708 sistentium
446 2660 518 2709 circa
540 2661 627 2724 ipsum
648 2662 837 2711 monasterium
859 2660 916 2711 fieri
939 2662 1104 2712 decrevimus
1125 2678 1173 2727 per
1195 2677 1274 2726 (param
1296 2661 1323 2709 in
1348 2660 1466 2710 futurum
1488 2661 1622 2710 sancimus
1642 2664 1722 2726 aque
1745 2661 1875 2723 iubemus,
1899 2667 1929 2710 ut

247 2766 257 2775 ⁸
280 2763 362 2812 rudius
384 2763 466 2814 iudex
489 2765 614 2828 publicus
634 2770 682 2815 aut
696 2766 809 2831 quilibet
824 2783 856 2816 ex
871 2766 1012 2816 iudiciaria
1027 2770 1157 2831 potestate
1174 2767 1200 2814 in
1216 2765 1342 2815 eeclesias
1357 2764 1435 2814 villas
1451 2765 1511 2815 loca
1526 2766 1568 2815 vel
1584 2780 1662 2831 agros
1674 2759 1728 2813 ιιιὃ
1748 2767 1928 2830 possessiones

1837 2838 1849 2855 ,

279 2882 338 2932 qrras
360 2869 488 2919 moderno
511 2875 628 2934 tempore
650 2871 719 2920 iusto
743 2875 770 2919 st
791 2870 984 2921 rationabiliter
1001 2871 1069 2920 infra
1085 2886 1193 2935 regnum
1216 2869 1343 2918 divinitus
1366 2869 1442 2918 nobis
1463 2885 1618 2920 cencessum
1639 2869 1787 2935 praelatum
1810 2870 1928 2934 possidet

279 2973 462 3022 monasterium
477 2973 519 3022 rel
536 2989 604 3038 qnae
620 2973 745 3039 deinceps
760 2975 787 3023 in
803 2974 845 3023 ius
863 2975 948 3039 ipsius
969 2974 1021 3023 loci
1041 2974 1157 3024 voluerit
1177 2973 1269 3023 divina
1290 2974 1375 3037 pictas
1398 2975 1497 3037 angeri,
1520 2974 1554 3023 ud
1577 2989 1672 3024 causas
1693 2973 1833 3024 iudiciario
1856 2990 1928 3024 more

279 3058 475 3145 aliquandos
496 3077 643 3127 arrdieudas
664 3078 707 3128 vel
730 3078 806 3128 freda
827 3077 1011 3145 undecumque
1033 3078 1162 3143 exigenda
1179 3083 1226 3127 arrt
1247 3078 1397 3127 mansiones
1412 3077 1455 3127 vel
1475 3083 1582 3143 paratas
1604 3078 1739 3128 iaciendas
1757 3083 1805 3128 arat
1822 3078 1926 3128 fideius-

241 3184 265 3232 tt
279 3194 346 3228 sores
361 3179 495 3230 trllendos
516 3186 564 3230 aut
580 3177 701 3232 homiue‘s
722 3183 807 3247 ipsius
829 3183 981 3233 saronasterii
1002 3188 1055 3233 tam
1075 3184 1206 3248 ingenuos
1226 3197 1305 3247 quam
1326 3187 1359 3232 et
1373 3198 1464 3232 serves
1487 3198 1566 3246 super
1588 3187 1684 3232 terram
1706 3183 1791 3245 ipsius
1813 3198 1925 3231 comma·

278 3289 365 3333 nentes
387 3283 583 3349 distringendos
605 3301 654 3336 noc
676 3285 745 3336 ullas
768 3285 939 3336 redibitiones
962 3293 1009 3337 aut
1030 3287 1146 3336 inlicitas
1169 3286 1322 3336 occasiones
1345 3285 1516 3350 requirendas
1545 3278 1664 3334 nostrisg
1691 3285 1840 3350 futurisque
1863 3290 1926 3336 tem·

276 3388 381 3451 poribus
402 3389 506 3455 ingredi
521 3389 620 3440 audeat
634 3390 678 3441 vel
696 3406 810 3457 eaquae
826 3407 906 3456 supra
927 3397 1072 3443 memorata
1091 3396 1154 3441 surrt
1175 3390 1279 3456 exigere
1300 3394 1460 3455 praesumat,
1484 3388 1530 3439 sed
1545 3388 1625 3440 liceat
1638 3384 1818 3439 memerato
1835 3390 1927 3440 abbati

277 3494 380 3558 suisque
403 3494 601 3545 successoribus
620 3476 658 3546 ah
685 3494 802 3546 eiusdem
824 3496 976 3546 monasterii
1005 3512 1065 3546 cum
1084 3478 1114 3547 *l
1137 3496 1187 3545 sibi
1216 3494 1343 3544 subiectis
1373 3493 1422 3542 sub
1452 3493 1617 3543 inmunitatis
1644 3499 1749 3543 nostrae
1774 3493 1927 3545 defensione

276 3597 408 3663 possidere
423 3603 450 3648 et
465 3605 554 3650 nostro
570 3598 683 3649 fideliter
698 3615 790 3665 parere
806 3601 930 3664 imperio,
953 3607 980 3651 et
1002 3600 1128 3666 quicquid
1151 3600 1183 3650 de
1206 3598 1348 3663 praedictis
1371 3598 1450 3647 rebus
1471 3598 1514 3646 ius
1535 3597 1591 3646 fisci
1610 3599 1715 3661 exigere
1736 3601 1854 3662 peterat,
1877 3615 1925 3663 pro

235 3703 262 3752 30
277 3708 381 3752 aeterna
402 3705 613 3754 remuneratione
633 3704 753 3770 praelato
769 3706 929 3755 monasterio
946 3710 972 3755 et
990 3705 1126 3756 monachis
1149 3704 1335 3754 concessimus.
1368 3685 1592 3770 praecipimus
1615 3686 1714 3749 etiam
1737 3707 1768 3751 nt
1782 3701 1815 3753 de
1831 3686 1928 3753 villisk

276 3809 418 3859 aecclesiae
446 3811 531 3859 sancti
559 3810 706 3873 Bonifacii,
735 3810 818 3859 servis
849 3811 928 3860 etiam
956 3815 983 3860 et
1010 3809 1111 3859 colonis
1134 3810 1160 3858 iu
1183 3807 1238 3857 illis
1259 3804 1428 3859 manentibus
1451 3820 1517 3871 squas
1539 3805 1665 3856 moderno
1689 3811 1806 3870 tempore
1829 3807 1926 3858 habere

275 3911 377 3963 videtur
399 3912 442 3964 vel
463 3928 532 3978 quae
553 3913 678 3979 deinceps
698 3915 726 3963 in
747 3915 804 3964 iure
827 3915 911 3979 ipsius
935 3914 1019 3964 sancti
1039 3913 1091 3964 loci
1115 3912 1207 3962 divina
1227 3912 1311 3976 pietas
1326 3908 1442 3960 voluerit
1464 3909 1633 3974 amplificare,
1656 3910 1754 3960 babeat
1775 3912 1926 3976 praedictus

275 4017 356 4067 abbas
384 4033 602 4084 successoresque
631 4018 688 4068 eins
716 4023 873 4083 potestatem
900 4018 1016 4068 decimas
1041 4015 1210 4082 accipiendas
1232 4019 1340 4080 propter
1362 4013 1484 4064 aedificia
1505 4014 1667 4079 perficienda
1688 4016 1730 4066 vel
1754 4017 1927 4067 restauranda

275 4121 466 4188 luminariaque
482 4122 653 4172 ecclesiarum
671 4123 824 4172 renovanda
839 4128 866 4173 et
881 4128 911 4172 ut
925 4124 976 4173 sibi
998 4122 1174 4187 fidelibusque
1195 4121 1259 4182 suis,
1281 4120 1445 4184 pauperibus
1466 4134 1571 4184 speroque
1593 4125 1620 4169 et
1641 4121 1787 4186 peregrinis
1809 4126 1927 4186 tempere

230 4225 259 4272 38
276 4228 451 4292 susceptionis
467 4242 532 4276 usus
547 4218 709 4276 rrecessaries
725 4228 828 4291 possint
842 4228 977 4292 praebere,
1000 4227 1145 4277 seeundum
1167 4225 1195 4275 id
1217 4224 1289 4290 qnod
1311 4228 1419 4273 sanctae
1440 4223 1548 4289 regulae
1568 4225 1733 4288 propositum
1756 4230 1834 4290 atique
1856 4241 1926 4274 ruan-

275 4330 364 4382 datum
380 4332 455 4382 iubet
468 4331 614 4382 monachos
628 4332 657 4381 in
671 4332 840 4396 susceptione
854 4332 988 4396 hospitum
1003 4346 1202 4396 pauperumque
1218 4344 1320 4393 semper
1336 4343 1393 4378 esse
1408 4333 1524 4392 paratos.
1557 4328 1593 4377 Et
1614 4329 1636 4376 si
1659 4328 1765 4393 quando
1787 4330 1927 4380 vocatione

275 4435 365 4486 divina
379 4437 433 4485 iam
447 4435 519 4487 fatus
534 4435 606 4485 abba
625 4451 845 4501 successoresque
866 4437 924 4486 eius
944 4436 977 4487 de
999 4436 1049 4485 lrac
1070 4435 1130 4486 lnce
1149 4433 1335 4500 migraverint,
1358 4431 1485 4496 ‹prramdiu
1506 4433 1558 4496 ipsi
1577 4433 1700 4482 monachi
1721 4434 1790 4483 inter
1809 4449 1837 4484 se
1860 4434 1927 4484 tales

273 4541 387 4591 inveniri
408 4541 512 4606 possint
533 4542 580 4606 qui
601 4542 686 4605 ipsam
707 4542 939 4607 congregationem
962 4539 1107 4592 secundum
1129 4538 1249 4605 regulam
1271 4537 1308 4601 pii
1323 4536 1406 4601 patris
1425 4517 1460 4586 *Ι
1482 4534 1621 4585 Benedicti
1636 4551 1726 4601 regere
1742 4535 1856 4600 valeant,
1879 4553 1927 4602 per

273 4644 341 4694 banc
362 4650 480 4695 nostram
502 4645 688 4696 auctoritatem
709 4661 867 4696 consensum
888 4650 915 4695 et
934 4644 1069 4695 licentiam
1091 4636 1235 4694 babeantm
1256 4640 1371 4707 eligendi
1394 4641 1512 4691 abbates.
1546 4641 1621 4692 Haec
1643 4657 1706 4692 vero
1729 4643 1874 4693 auctoritas
1896 4648 1927 4693 ut

224 4753 257 4801 40
273 4730 418 4814 pleniore⁰m
439 4751 467 4800 in
490 4749 532 4802 dei
547 4751 653 4801 nomine
668 4751 788 4815 optineat
804 4749 954 4801 firmitatem
960 4787 967 4813 ,
990 4764 1070 4800 manu
1090 4749 1198 4814 proprie
1218 4764 1276 4800 eam
1298 4739 1412 4797 subter¹¹
1432 4744 1595 4796 firmavimus
1610 4750 1637 4796 et
1651 4746 1732 4797 anulo
1749 4752 1838 4798 nestro
1854 4746 1926 4812 sigil-

273 4854 324 4905 lari
345 4855 480 4905 iussimus.

383 4961 398 5044 ξ
420 4959 556 5046 Signum
580 4961 690 5026 domni
714 4959 902 5026 Chuonradi
928 4962 1018 5042 (ΜΡ.)
1044 4963 1241 5027 serenissimi
1263 4963 1398 5049 regis}

382 5061 397 5145 l
419 5044 610 5130 lidelfridus
633 5065 779 5129 notarius
802 5065 846 5129 ad
867 5067 972 5130 vicem
990 5064 1148 5150 Piligrimi
1172 5065 1448 5154 archicappellani
1467 5070 1644 5153 recognovi
1662 5077 1695 5133 et
1716 5065 1730 5149 ξ
1753 5070 1823 5149 (SR.
1846 5072 1924 5152 NN.)

1798 5173 1855 5251 (ει.
1881 5175 1924 5256 a.)

223 5291 255 5341 4⁵
394 5286 419 5340 8.
446 5286 540 5354 [Folta]
626 5290 654 5350 a)
672 5304 734 5339 scae
751 5287 817 5339 olera
835 5286 1101 5354 Abla‘a'mmpseeiaben
1188 5292 1216 5352 b)
1235 5299 1317 5342 suerat
1334 5294 1447 5357 ibidem,
1465 5307 1515 5342 eoa
1531 5292 1590 5342 dea
1606 5309 1658 5342 aar
1676 5294 1691 5342 b
1709 5298 1771 5342 etatt
1789 5294 1816 5343 bi
1836 5294 1926 5359 petilpt

444 5355 533 5407 mede
618 5359 643 5420 c)
662 5364 732 5408 auct.
755 5359 947 5409 immunitatem
971 5360 1058 5410 fratris
1076 5363 1159 5411 nostri
1176 5361 1221 5411 Hl.
1239 5363 1268 5410 ia
1285 5361 1338 5413 Vll.
1359 5369 1372 5409 1
1458 5362 1486 5423 d)
1505 5362 1616 5412 libenter
1638 5363 1870 5413 accomodavimus
1894 5381 1925 5413 aa

446 5430 569 5491 erydnsen
588 5425 656 5476 mels
673 5427 709 5479 D.
728 5425 841 5494 badwiq
858 5436 901 5477 111.
990 5428 1015 5494 e)
1034 5445 1081 5480 scu
1100 5431 1215 5496 reliquas
1237 5447 1268 5479 aa
1285 5435 1408 5496 erpdmea
1425 5430 1493 5481 acels
1510 5430 1546 5480 D.
1563 5429 1674 5496 Mwiq
1693 5438 1724 5479 11.
1811 5432 1833 5493 tl
1853 5450 1924 5484 more
1947 5445 1953 5456 ·

448 5495 589 5561 aliqnando
607 5495 761 5560 aszosrer,
779 5512 808 5545 so
824 5495 886 5547 dass
903 5497 952 5549 doe
968 5499 1055 5549 arceiis
1072 5498 1142 5549 Wert
1158 5516 1209 5549 aar
1223 5501 1252 5549 ia
1263 5500 1344 5565 Falce
1361 5503 1432 5552 aner
1452 5499 1586 5551 comete
1604 5500 1783 5565 &masclatis
1800 5501 1925 5553 erecteiat

447 5567 475 5629 g)
493 5582 506 5615 s
522 5581 554 5613 aa
571 5567 612 5615 nii
628 5565 691 5615 iiber
707 5565 755 5616 der
772 5565 842 5616 mle
862 5566 1049 5632 aalydem
1135 5567 1163 5634 h)
1182 5586 1223 5619 res
1246 5586 1277 5618 aa
1297 5575 1421 5636 erydnzaa
1438 5586 1486 5618 aua
1503 5568 1558 5619 VU.
1576 5577 1590 5616 1
1682 5572 1703 5631 i)
1722 5587 1781 5620 cnm
1802 5572 1924 5623 omnibus

447 5634 497 5684 sibi
515 5634 544 5683 ia
561 5633 616 5685 VU.
636 5641 649 5681 1
733 5635 762 5701 lr)
780 5641 811 5685 ut
828 5635 861 5686 de
879 5637 996 5687 villis-
1008 5642 1114 5703 paratos
1132 5654 1180 5689 aaa
1197 5637 1251 5689 Vll.
1270 5646 1295 5686 ιι
1383 5639 1403 5700 l)
1421 5655 1446 5705 p.
1460 5640 1542 5689 nostri
1554 5641 1584 5688 ia
1600 5638 1655 5690 VU.
1673 5645 1687 5685 1
1773 5643 1810 5701 m)
1828 5657 1846 5691 ιι
1863 5641 1925 5691 iiber

445 5700 493 5752 da·
508 5701 579 5754 Zeila
594 5704 781 5769 mchqctraqen
867 5707 896 5768 u)
913 5704 981 5755 acels
998 5707 1089 5757 subter
1106 5708 1140 5758 ist
1158 5724 1216 5759 cam
1234 5708 1374 5770 aderadirt,
1393 5708 1442 5759 dos
1459 5707 1507 5758 der
1519 5706 1655 5761 Sciratae
1671 5707 1804 5759 matusala
1817 5726 1864 5761 aue
1875 5709 1924 5761 der

446 5770 500 5825 VU.
518 5773 740 5841 laasqmmaa
757 5772 834 5826 saue.
