4500 6420
375 443 439 512 418
971 450 1420 512 nn1snauuuununu.

375 634 444 701 Etb
473 646 509 701 ut
535 636 598 700 hoc
628 635 756 701 firmum
784 634 964 721 stabileque
993 656 1051 719 per
1074 657 1186 699 omnes
1209 635 1313 699 nostri
1335 636 1476 698 nominis
1498 642 1531 697 et
1554 632 1676 698 ordinis
1700 633 1875 717 dignitates
1897 654 2022 718 perma-

375 749 467 823 neat,
490 737 576 803 hanc
599 748 722 804 cartam
744 738 842 803 scribi
865 748 963 824 atque
985 739 1140 804 iussimus
1164 737 1309 822 sigillari.

479 894 615 980 Signum
638 894 748 959 domni
772 891 903 958 Ottonis
929 892 1019 973 (M.)c
1040 895 1150 977 magni
1174 900 1206 956 et
1228 891 1433 956 invictissimi
1455 889 1662 973 imperatoris
1685 890 1826 973 augusti.

476 1014 650 1080 Liudolfus
673 1013 888 1079 cancellarius
910 1012 1059 1077 advicem
1081 1014 1245 1078 Brunonis
1268 1009 1543 1097 archicappellani
1567 1013 1753 1093 recognovi.
1910 1006 2020 1091 (SR.)‘¹

476 1170 566 1234 Data
589 1169 631 1233 id.
656 1169 723 1234 iulii
747 1191 832 1233 anno
857 1167 1039 1232 dominicae
1062 1168 1297 1231 incarnationis
1320 1182 1512 1246 Dccccnxv,
1535 1165 1714 1230 indictione
1735 1182 1793 1250 yn,
1817 1186 1903 1229 anno
1926 1165 2055 1249 regnis

375 1270 485 1336 domni
510 1270 642 1337 Ottonis
664 1290 748 1354 xxx,
772 1273 899 1357 imperii
922 1280 1030 1336 autem
1053 1289 1125 1353 1111,
1149 1281 1258 1336 actum
1275 1267 1571 1353 Quodilingeburg3
1598 1270 1632 1332 in
1654 1267 1706 1332 dei
1729 1269 1860 1335 nomine
1882 1267 2020 1332 feliciter

373 1396 480 1439 amen.

1152 1560 1240 1637 303.

385 1713 465 1788 Otto
492 1713 632 1788 schenlrt
657 1713 728 1787 deri
754 1714 927 1788 Bru'dern
953 1716 1019 1789 der
1044 1717 1281 1791 Morizlcircbo
1306 1743 1351 1790 zu
1380 1716 1606 1816 Mopdeburp
1633 1717 1704 1790 dea
1736 1716 1937 1814 Horiipains
1969 1717 2020 1788 im

383 1832 468 1910 Gau
494 1834 645 1909 Nelctici
677 1835 757 1908 rioid
782 1834 852 1908 den
877 1836 1149 1935 Henipzobatcn
1183 1840 1223 1910 in
1256 1839 1439 1911 rnehrercn
1473 1837 1616 1910 asidera
1645 1850 1854 1936 peccantem
1888 1835 2019 1912 Gaacn
2040 1860 2072 1908 10

380 1954 460 2027 aad
485 1951 727 2054 Ortscbaften,
762 1957 828 2029 mit
853 1957 1041 2031 Vorbehalt
1065 1956 1126 2031 das
1153 1957 1218 2030 der
1245 1957 1489 2055 biscb'oflioben
1514 1957 1647 2031 Kirclte
1678 1983 1724 2030 zu
1750 1955 2020 2054 Dinomachum

379 2073 602 2149 verliebeaea
626 2076 816 2150 Anaeitis.
1532 2098 1725 2159 Woutcasen
1746 2100 1808 2158 965
1832 2097 1902 2157 Jau
1922 2101 1975 2157 28.

474 2303 692 2397 Mapdeburoer
714 2301 893 2377 ornatiora
914 2303 964 2363 des
987 2304 1038 2364 15.
1055 2303 1109 2364 Jb.
1133 2301 1157 2374 f.
1183 2301 1211 2364 7⁴
1234 2304 1277 2362 im
1298 2304 1325 2362 lt.
1344 2304 1547 2365 Stactsarobio
1566 2322 1608 2362 aa
1629 2303 1814 2377 Mapdeburp
1836 2301 1897 2382 (D).

477 2457 593 2517 Leaber
614 2458 750 2531 Disquis.
773 2457 911 2531 stapulas
934 2456 1043 2517 Scaea.
1066 2461 1101 2514 a⁰
1122 2459 1206 2516 1604
1233 2473 1290 2516 aas
1312 2456 1344 2515 D
1365 2457 1429 2516 mad
1451 2458 1517 2516 dem
1541 2456 1677 2530 Oripiaal
1699 2454 1750 2536 (L)
1773 2481 1812 2510 =
1837 2456 2019 2530 Sagittarius

475 2560 545 2620 Aa.
563 2562 756 2635 Mupdebarp.
774 2560 817 2622 ed.
838 2570 862 2632 Ι,
879 2560 1156 2633 accommanda
1179 2585 1219 2614 =
1243 2560 1287 2620 ed.
1307 2568 1347 2631 ll,
1363 2562 1405 2620 36
1429 2584 1468 2612 =
1491 2559 1595 2633 Lucia
1609 2558 1675 2618 ΕΑ.
1693 2554 1758 2629 10⁶,
1774 2563 1839 2619 347
1852 2565 1886 2617 a⁰
1900 2563 1952 2629 20,
1977 2580 2070 2627 =15

473 2664 638 2736 Leuchfeld
660 2664 738 2723 Hist.
763 2664 882 2724 Beschr.
907 2665 960 2722 der
978 2663 1126 2737 puldeaea
1148 2662 1216 2722 Aue
1237 2667 1300 2722 340
1323 2663 1552 2736 avolaturum,
1578 2688 1616 2714 =
1641 2662 1824 2736 Sap-iumine
1846 2665 1880 2720 in
1901 2664 2019 2736 Boyson

476 2766 847 2841 Allp.dfoyaain1‚103
869 2765 1097 2839 aaoollstundip,
1122 2789 1162 2818 =
1185 2766 1290 2825 Riedoi
1306 2763 1368 2825 01).
1385 2766 1557 2824 Brundeab.
1577 2773 1601 2835 1,
1625 2769 1655 2835 8,
1679 2769 1722 2826 92
1742 2772 1777 2823 a⁰
1791 2770 1822 2835 3,
1846 2789 1887 2818 =
1910 2766 2018 2824 Hetae-

475 2888 568 2929 0000
583 2869 645 2930 01).
662 2869 784 2930 Anhalt.
801 2876 831 2941 1,
847 2872 891 2929 32
906 2874 941 2927 n⁰
956 2872 1008 2928 42.
1031 2899 1074 2912 -
1095 2867 1175 2942 Orip.
1196 2867 1297 2940 Guelf.
1315 2872 1344 2939 4,
1361 2870 1425 2928 557
1441 2873 1511 2928 72⁰3
1533 2886 1589 2928 aas
1606 2866 1771 2927 circitatur
1794 2892 1833 2921 =
1858 2868 2020 2942 Sclmukepl

475 2972 576 3045 spicil.
601 2972 734 3046 Billaorq.
757 2975 821 3032 316
842 2977 877 3030 a⁰
899 2975 927 3032 5.
951 3005 993 3015 -
1016 2972 1145 3031 Bruma
1166 2974 1239 3045 Rea.
1263 2974 1337 3033 305.
1361 3005 1403 3015 -
1426 2971 1554 3045 Stampf
1572 2973 1643 3046 Rep.
1668 2975 1740 3032 384.

476 3127 537 3185 Mit
560 3128 740 3202 Beaataaaq
761 3146 818 3187 voa
838 3129 907 3188 DO.
924 3131 989 3189 278
1010 3128 1138 3200 versusst
1160 3128 1224 3187 mad
1243 3129 1428 3202 pesciiriebca
1448 3146 1504 3186 coa
1526 3128 1581 3187 LI.
2038 3145 2072 3193 20

577 3330 617 3397 In
640 3333 770 3397 nomine
792 3341 904 3397 sancte
927 3340 960 3396 et
981 3331 1148 3397 individue
1170 3333 1334 3396 trinitatis.
1373 3330 1452 3397 Otto
1476 3330 1588 3395 divina
1609 3331 1740 3395 favente
1762 3331 1940 3395 clemencia
1962 3331 2019 3394 im·

372 3443 504 3520 perator
526 3445 694 3519 augustum
793 3449 820 3500 Si
843 3452 942 3500 sanctis
965 3466 997 3500 ac
1019 3451 1216 3502 venerabilibus
1238 3452 1305 3502 locis
1327 3451 1457 3501 beneficia
1478 3457 1568 3501 nostre
1590 3451 1733 3502 clemencie
1755 3451 1895 3516 largimur,
1926 3449 2018 3514 procul

372 3553 454 3605 dubio
481 3557 611 3619 presentis
639 3555 693 3605 vite
722 3559 749 3604 et
776 3559 865 3605 eterno
894 3539 1131 3625 suplementum
1160 3556 1272 3620 adipisci
1300 3572 1354 3606 non
1383 3539 1580 3604 dubitamus.
1624 3554 1727 3603 Idcirco
1751 3555 1867 3603 omnium
1890 3557 1980 3602 sancte
2002 3569 2018 3600 a

373 3656 484 3706 ecclesie
506 3656 624 3706 fidelium
645 3662 847 3722 nostrorumque
869 3658 1035 3721 presencium
1058 3657 1160 3707 scilicet
1182 3661 1209 3708 et
1231 3657 1380 3707 futurorum
1402 3654 1530 3707 000004ιι
1557 3642 1733 3724 industria,
1764 3658 1878 3722 qualiter
1899 3673 1947 3706 nos
1969 3672 2017 3721 pro

373 3758 461 3809 amor'e
484 3759 526 3809 dei
548 3777 565 3807 a
586 3760 725 3825 animeque
747 3766 836 3810 nostre
864 3759 979 3810 remedio
1007 3766 1208 3826 nostrorumque
1237 3765 1377 3825 parentum
1405 3744 1448 3809 ad
1477 3745 1648 3810 ecclesiam
1679 3747 1783 3810 sancti
1806 3747 1955 3810 Maurieil
1984 3748 2017 3810 ln
2036 3764 2069 3810 ‘25

372 3844 626 3932 Magadaburgb
650 3858 682 3911 et
704 3847 843 3912 cenobio
866 3847 1003 3912 fratrum
1025 3849 1058 3911 in
1081 3844 1195 3912 eodem
1217 3848 1291 3912 loco
1316 3848 1378 3912 deo
1402 3858 1582 3934 sanctoque
1600 3848 1759 3912 Mauricio
1778 3848 1894 3912 devote
1915 3848 2018 3912 samu·

371 3950 532 4015 lantium⁰
554 3948 747 4014 donavimus
771 3972 900 4016 omnem
923 3972 1056 4014 censum
1078 3949 1182 4015 mellis
1205 3960 1314 4015 nostre
1337 3950 1497 4036 imperiali
1516 3949 1728 4015 auctoritatid
1752 3953 1966 4036 pertinentem
1984 3952 2016 4014 in

373 4077 459 4140 pago
483 4054 621 4121 Neletici
644 4056 677 4118 in
700 4058 859 4121 comitatu
879 4055 1000 4141 Bilingi
1024 4057 1169 4137 comitis,
1201 4058 1288 4119 etin
1310 4057 1405 4140 pagis
1429 4056 1482 4138 qui
1507 4053 1657 4118 dicuntur
1680 4053 1790 4119 Siusili
1814 4064 1868 4118 et⁰
1890 4053 2017 4118 Plonim

373 4166 476 4221 totam
500 4157 658 4222 decimam
681 4156 802 4241 mellis,
826 4180 883 4222 seu
906 4157 949 4221 ad
971 4168 1117 4222 nostram
1140 4180 1272 4222 manum
1293 4156 1384 4222 illam
1407 4156 1632 4222 habuissemus
1656 4158 1724 4221 sive
1748 4156 1844 4221 alicui
1868 4159 1902 4221 in
1923 4157 2019 4221 benc·

372 4259 483 4325 ficium
505 4281 698 4325 concessum
719 4260 850 4343 fuisset,
873 4259 1020 4324 similiter
1037 4263 1070 4324 in
1089 4263 1184 4347 pagis
1203 4263 1249 4324 ita
1267 4263 1479 4346 nuncupatis:
1499 4258 1647 4325 Niccicif
1668 4271 1700 4324 et
1719 4260 1853 4345 Sprewa
1871 4283 1913 4324 ex
1931 4272 2017 4325 utra·
2037 4278 2069 4325 eo

372 4385 435 4448 que
462 4363 603 4428 fluminis
631 4372 724 4448 parte
753 4363 866 4449 quodss
894 4363 1013 4428 dicitur
1040 4364 1174 4449 Sprewa
1204 4388 1265 4430 nec
1295 4388 1361 4430 non
1391 4367 1425 4428 in
1455 4365 1570 4429 Luzici
1602 4374 1700 4450 utque
1723 4362 1889 4429 Mrocinih
1917 4374 1950 4428 ct
1976 4388 2018 4429 ex

372 4477 510 4554 utraque
533 4477 626 4554 parte
647 4468 790 4532 fluminis
814 4467 902 4554 quod
924 4467 1042 4532 dicitur
1057 4467 1160 4533 Milda
1184 4490 1313 4533 omnem
1336 4469 1496 4533 decimam
1515 4469 1619 4533 mellis
1638 4478 1749 4533 nostre
1767 4468 1927 4553 imperiali
1943 4490 2017 4532 auc·

372 4567 522 4635 toritati‘¹
548 4571 783 4655 pertinentem,
818 4591 875 4633 seu
897 4568 941 4634 ad
962 4580 1109 4635 nostram
1131 4594 1262 4637 manum
1291 4571 1381 4636 illam
1403 4570 1629 4637 habuissemus
1653 4574 1722 4637 sivo
1745 4571 1842 4635 alicui
1866 4573 1899 4634 in
1921 4571 2018 4635 bene·

372 4673 482 4738 ficium
505 4695 696 4738 concessum
719 4672 844 4756 fuisset,
867 4682 1006 4759 excepto
1031 4696 1129 4760 quam
1151 4697 1211 4739 nos
1234 4697 1293 4761 pro
1317 4674 1460 4739 remedio
1484 4677 1591 4741 anime
1605 4685 1716 4740 nostre
1732 4677 1854 4738 sanctis
1871 4677 1925 4760 qui
1943 4684 2018 4738 sunt

371 4778 405 4841 in
433 4777 675 4863 Brandenburg
704 4778 942 4861 concessimus3
977 4780 1110 4864 insuper
1131 4780 1230 4843 etiam
1252 4788 1285 4842 et
1307 4778 1347 4842 de
1375 4778 1512 4843 urbibus
1541 4779 1587 4842 ita
1617 4781 1829 4862 nuncupatis:
1863 4776 2015 4860 Bidrieu,
2035 4791 2068 4838 35

372 4880 556 4964 Mocomic,
579 4879 737 4963 Cirtowa,
755 4882 867 4966 -Burg,
890 4878 1105 4967 Granouuak,
1129 4883 1308 4965 Tucheem,
1331 4882 1544 4947 Buchownici
1566 4891 1670 4946 totam
1693 4881 1869 4962 decimam,
1895 4903 1952 4944 seu
1974 4879 2018 4944 ad

372 4993 518 5049 nostram
540 5006 673 5050 manum
694 4984 785 5049 illam
807 4982 1035 5050 habuissemus
1059 4987 1128 5049 sive
1151 4984 1248 5050 alicui
1270 4986 1304 5048 in
1326 4983 1520 5049 beneficium
1543 5005 1735 5048 concessum
1758 4984 1889 5063 fuisset,
1912 4980 2017 5046 mellis

372 5117 404 5152 ex
427 5109 517 5153 nostro
538 5104 596 5154 iure
619 5107 646 5153 et
668 5103 784 5153 dominio
806 5102 834 5152 in
856 5102 899 5152 ius
921 5120 937 5151 s
959 5108 1050 5152 sancte
1073 5104 1184 5153 ecclesie
1207 5103 1271 5152 almi
1292 5105 1406 5153 martiris
1423 5086 1543 5152 Christi
1566 5102 1690 5151 Maurioii
1712 5094 1810 5171 atque
1833 5085 1876 5149 ad
1898 5085 2017 5149 utilita-

372 5200 437 5255 tem
451 5192 587 5256 fratrum
602 5190 723 5256 ibidem
740 5191 801 5256 deo
818 5200 997 5276 sanctoque
1012 5190 1171 5255 Mauricio
1187 5190 1421 5256 famolancium
1439 5190 1643 5271 donavimus,
1667 5198 1703 5254 ut
1724 5188 1867 5253 habeant
1886 5197 2018 5252 teneant

371 5294 569 5381 firmiterque
597 5293 789 5381 possideant
811 5303 844 5358 et
865 5295 932 5359 suis
955 5303 990 5359 ut
1011 5293 1162 5359 libuerit¹
1188 5293 1301 5360 usibus
1324 5294 1524 5378 adiungant.
1559 5309 1595 5358 Et
1617 5314 1647 5358 ut
1668 5309 1717 5358 hec
1739 5314 1829 5359 nostro
1851 5308 2070 5358 annositatem

458 5481 517 5536 eoa
543 5483 719 5548 10001Βο
821 5485 847 5547 0)
865 5482 907 5545 0,
929 5482 999 5546 seui
1016 5485 1046 5533 a
1063 5483 1090 5533 0
1193 5484 1220 5544 u
1240 5481 1282 5546 0,
1307 5490 1333 5534 a
1352 5484 1422 5547 (ss.)
1442 5484 1476 5534 0.

458 5585 517 5640 303.
544 5585 697 5708 [Pmmh
766 5589 792 5654 a)
808 5587 840 5652 13,
857 5590 999 5639 nonuerint
1016 5588 1044 5639 D
1131 5588 1159 5654 b)
1178 5587 1210 5650 13,
1228 5589 1379 5656 Magdhurg
1395 5588 1425 5639 D
1517 5590 1542 5651 0)
1561 5588 1751 5639 famulantibus
1770 5586 1822 5637 DL
1909 5587 1936 5646 d)
1955 5600 2017 5636 auc·

545 5660 650 5708 toritate
696 5656 720 5708 1.
815 5660 840 5719 e)
858 5656 890 5720 L,
914 5659 943 5706 iu
960 5656 989 5708 D
1003 5656 1091 5723 quiue
1185 5659 1318 5720 omousi
1336 5657 1372 5721 D,
1395 5658 1493 5708 Nicciti
1510 5656 1534 5708 1.
1628 5659 1657 5723 g)
1676 5660 1721 5722 qui
1740 5654 1791 5705 DL
1886 5656 1913 5717 h)
1933 5654 1965 5717 L,
1990 5658 2017 5705 in

543 5726 631 5778 Betim
649 5726 679 5776 D
753 5728 774 5790 i)
792 5726 906 5778 Bridrici
922 5726 959 5789 D,
977 5727 1094 5778 Bridrrci
1110 5726 1136 5779 L
1212 5727 1240 5791 k)
1259 5726 1291 5792 1..
1309 5727 1445 5779 Grabolba
1462 5726 1492 5776 D
1568 5727 1587 5791 Ι)
1605 5725 1638 5789 L,
1656 5726 1758 5776 libnent
1776 5724 1812 5776 D.
