4298 6414
901 477 1026 535 ΟΤΤΟ
1048 480 1073 536 1.
1097 474 1169 535 967.
1794 470 1860 535 453

213 663 314 721 tatem
337 664 447 722 autem
462 655 608 723 Tiberim
629 656 747 722 cellam
769 656 931 723 vocabulo
956 666 1068 742 sancte
1083 658 1229 723 Barbare
1253 682 1327 724 cum
1351 659 1500 725 omnibus
1523 684 1544 726 a
1567 683 1601 725 se
1623 661 1859 746 pcrtinentibus

213 762 299 824 intus
323 769 357 824 et
378 760 459 825 foris
482 770 515 825 et
536 759 737 847 aquimolum
759 782 802 825 cx
824 763 950 846 integro
976 771 1071 826 extra
1092 772 1188 848 porta
1210 762 1321 828 datum
1344 763 1479 828 firmiter
1506 786 1565 850 per
1591 764 1775 850 predictum
1798 764 1859 831 Oa·

214 862 297 929 lolco
322 873 355 928 et
378 862 460 929 alias
484 864 548 929 duo
572 864 737 950 aquimola
759 866 793 928 in
815 864 888 930 loco
911 867 966 951 qui
982 874 1119 930 vocatur
1133 866 1255 950 Trullo,
1280 870 1364 932 sicut
1387 868 1573 933 omnimodo
1595 891 1672 955 sepe
1689 871 1858 934 nominato

213 966 394 1032 venerabili
416 969 613 1033 monasterio
636 990 696 1054 per
718 990 794 1033 suas
817 971 1012 1033 moniminas
1035 979 1234 1055 competunt.
1271 972 1350 1035 Post
1372 971 1432 1037 hec
1456 972 1578 1037 casalia
1597 996 1659 1059 quq
1674 975 1746 1038 istis
1761 995 1858 1039 voca·

214 1069 299 1135 bulis
323 1072 394 1136 sive
416 1071 489 1137 aliis
511 1071 696 1137 nominibus
720 1073 894 1158 incognitis
917 1080 1163 1157 nuncupantur,
1191 1073 1225 1137 id
1248 1084 1297 1138 est
1319 1072 1548 1158 Corcorulum,
1581 1075 1824 1140 Matronianum
1836 1085 1856 1158 ⁰,

215 1174 341 1258 Panqis,
365 1174 528 1257 Dirutula,
551 1174 722 1257 Ananiole,
746 1172 938 1259 Cisternule,
963 1185 995 1240 et
1017 1176 1133 1242 cellam
1150 1198 1211 1262 quq
1226 1187 1364 1244 vocatur
1378 1176 1475 1264 Aqua
1490 1178 1567 1262 alta,
1590 1179 1636 1243 ibi
1654 1188 1703 1245 est
1718 1179 1857 1263 ecclesia

216 1278 320 1341 sancti
342 1277 521 1359 Laurentii,
546 1299 618 1342 cum
642 1277 813 1363 aquimolis
838 1302 895 1343 seu
920 1280 1067 1345 omnibus
1091 1281 1283 1345 adiacentiis
1309 1283 1411 1366 ipsius
1435 1283 1467 1345 in
1490 1284 1650 1367 integrum
1673 1283 1858 1368 pertinenti-

214 1379 290 1463 bns3
323 1383 404 1445 item
432 1380 575 1446 casalem
605 1381 659 1467 qui
689 1379 807 1446 dicitur
836 1381 1022 1448 Arbitetum
1049 1393 1081 1448 ct
1108 1394 1209 1449 totum
1233 1383 1377 1449 casalem
1398 1384 1573 1450 Donauelli
1597 1395 1628 1449 et
1650 1386 1857 1451 medietatem

216 1482 339 1548 castelli
364 1493 397 1548 et
419 1506 531 1549 omncs
553 1506 604 1548 res
627 1485 882 1570 comparationis
904 1485 1025 1549 Leonis
1048 1486 1229 1571 presbiteri.
1263 1486 1307 1550 Et
1330 1489 1440 1551 omnia
1462 1510 1523 1573 que
1542 1489 1628 1552 infra
1642 1499 1747 1554 totum
1763 1487 1858 1553 Cam·

216 1588 312 1672 panie
334 1588 531 1652 territorium
554 1586 598 1651 ad
619 1589 726 1673 ipsum
748 1587 934 1652 venerabile
957 1591 1190 1654 monasterium
1214 1589 1488 1676 qualitercumque
1511 1591 1619 1674 habet,
1641 1591 1677 1655 id
1698 1601 1747 1656 est
1767 1614 1858 1656 easa-

216 1688 277 1752 lem
292 1688 520 1754 Porclanicum
539 1692 572 1755 in
590 1692 752 1774 integrum
770 1712 845 1755 cum
868 1694 969 1756 servis
993 1703 1024 1757 et
1047 1691 1173 1756 ancillis
1196 1692 1317 1758 ibidem
1341 1695 1532 1777 degentibus
1556 1705 1588 1760 ct
1610 1696 1857 1781 pertinentibus,

216 1792 324 1857 casale
347 1792 470 1858 dictum
488 1792 629 1859 Oianum
650 1794 756 1857 maius
779 1801 812 1857 ct
833 1793 943 1858 casale
959 1793 1100 1859 Oianum
1120 1795 1233 1876 minor,
1257 1806 1411 1883 utrosque
1427 1798 1461 1861 in
1476 1799 1637 1882 integrum
1661 1821 1734 1863 curn
1759 1801 1858 1863 omui-

216 1896 357 1984 busque
379 1899 443 1982 ipsi
466 1920 560 1963 sacro
584 1899 780 1963 monasterio
804 1900 967 1983 pertinent
989 1898 1133 1985 quolibet
1156 1909 1325 1965 contracto
1349 1903 1435 1965 etin
1459 1902 1604 1986 quolibet
1626 1902 1709 1983 loco,
1734 1904 1801 1966 sivo
1824 1904 1858 1966 in

215 2001 431 2068 Ferentinello
456 2004 594 2084 minore,
617 2001 718 2083 Afile,
741 2002 858 2065 Pontia
880 2002 932 2066 vel
956 2002 1043 2088 quod
1066 2013 1114 2067 cst
1137 2003 1251 2068 melius
1274 2007 1308 2068 in
1331 2005 1454 2088 Poteis,
1479 2008 1512 2070 in
1534 2007 1649 2071 Roiato
1672 2009 1759 2070 etin
1783 2006 1857 2072 Ole-

218 2128 301 2169 uano
324 2126 383 2190 per
405 2105 567 2190 ascriptos
589 2105 708 2170 limites
731 2105 874 2187 etpfiues,
897 2114 994 2191 atquc
1018 2105 1126 2170 casale
1149 2105 1200 2170 vel
1223 2106 1358 2171 fundum
1382 2109 1470 2195 quod
1493 2108 1611 2174 dicitur
1633 2109 1792 2194 Leporari
1815 2134 1857 2175 ox

216 2210 339 2294 integro
370 2219 402 2274 et
432 2209 542 2274 casale
573 2212 627 2296 qui
655 2220 793 2275 vocatur
815 2208 976 2294 Campum
999 2209 1038 2273 de
1060 2210 1159 2274 fossis
1181 2210 1215 2273 in
1237 2211 1413 2295 integrum,
1448 2211 1558 2276 casale
1582 2210 1794 2298 Oarnpilionis
1823 2216 1858 2278 in

216 2315 374 2397 integrum
398 2323 431 2378 et
453 2314 660 2379 medietatem
683 2312 802 2378 casalis
825 2312 973 2378 Oateiani
998 2322 1028 2376 ct
1051 2323 1194 2378 montem
1217 2315 1248 2376 in
1273 2335 1336 2398 quo
1360 2324 1408 2377 est
1431 2312 1539 2377 cellad
1563 2317 1666 2379 sancti
1685 2313 1801 2402 Angeli
1826 2326 1858 2380 et

216 2426 355 2481 montem
379 2418 434 2502 qui
458 2427 594 2482 vocatur
618 2415 768 2481 Ciuitclla
796 2417 829 2480 in
859 2419 1019 2499 integrum
1043 2426 1075 2480 et
1098 2416 1206 2481 casale
1229 2419 1283 2501 qui
1306 2427 1442 2481 vocatur
1466 2415 1630 2503 Congesta
1652 2429 1684 2483 ct
1706 2428 1791 2484 terra
1815 2419 1857 2483 ad

217 2519 398 2584 modiorum
421 2537 471 2583 x11
499 2523 532 2583 in
560 2520 661 2584 fundo
687 2518 864 2605 Oasepacis
892 2529 925 2583 et
952 2519 1061 2584 casale
1086 2518 1236 2584 Oesinule
1265 2522 1298 2583 in
1326 2522 1487 2604 integrum
1515 2531 1547 2585 et
1569 2525 1750 2606 portionem
1773 2523 1856 2588 Con-

217 2624 330 2706 stantiq
360 2622 446 2687 bone
475 2623 593 2687 femine
622 2625 656 2687 in
683 2632 797 2687 sancta
821 2622 943 2687 Sanina
966 2627 1053 2687 etin
1077 2632 1190 2688 sancto
1215 2623 1291 2689 Uito
1315 2622 1424 2687 casale
1448 2627 1503 2708 qui
1524 2634 1663 2688 vocatur
1685 2623 1802 2690 Casule
1826 2637 1858 2690 et

216 2727 322 2791 casale
345 2725 577 2792 Cesaricellis⁰
606 2737 638 2791 et
664 2723 880 2811 Areqanumf,
914 2726 1122 2792 Folinianum
1153 2735 1184 2791 et
1215 2726 1347 2812 Caprini
1378 2750 1451 2791 cum
1481 2728 1629 2792 omnibus
1659 2750 1701 2791 ex
1730 2730 1855 2811 integro

215 2832 414 2915 pertinentiis
437 2853 495 2916 per
516 2829 635 2895 limites
657 2832 787 2916 proprie
811 2839 842 2893 et
864 2829 1021 2894 usualiter
1044 2832 1158 2915 positis
1182 2841 1214 2894 ct
1237 2830 1353 2895 cellam
1377 2833 1480 2894 sancti
1496 2830 1664 2897 Benedicti
1682 2854 1743 2917 que
1758 2854 1855 2895 voca-

215 2943 263 2998 tur
284 2933 403 3018 Angeli
428 2956 501 2999 cum
525 2933 676 2998 omnibus
699 2936 808 2999 causis
832 2935 898 2998 suis
922 2936 1029 3019 posita
1057 2936 1090 2998 in
1119 2937 1279 2998 territorio
1302 2932 1514 3014 Rudunian03
1546 2944 1621 3018 post
1649 2933 1709 3017 hqc
1740 2933 1856 2998 cellam

214 3034 410 3102 inSurrisco
428 3039 541 3122 inqua
563 3047 613 3102 est
636 3037 776 3122 ecclesia
794 3047 906 3121 sancte
922 3038 1024 3121 Mariq
1044 3059 1118 3102 cum
1142 3037 1291 3102 omnibus
1314 3038 1517 3122 pertinentiis
1540 3039 1606 3100 suis
1630 3039 1663 3100 in
1685 3038 1855 3121 integrum.

215 3140 256 3204 Et
278 3142 365 3205 intra
387 3142 552 3204 civitatem
570 3140 709 3204 Romam
732 3142 964 3204 monasterium
988 3142 1091 3203 sancti
1111 3140 1262 3204 Herasmi
1285 3162 1360 3204 cum
1382 3141 1541 3203 universis
1564 3141 1765 3225 pertinentiis
1790 3143 1856 3205 suis

212 3245 298 3309 intus
320 3254 354 3308 et
375 3245 454 3308 foris
478 3252 510 3307 et
532 3253 621 3308 corto
645 3266 687 3308 ex
709 3245 835 3327 integro
866 3264 927 3327 que
955 3242 1015 3306 fuit
1037 3241 1126 3306 Flori
1155 3245 1316 3328 episcopi,
1350 3244 1383 3307 in
1414 3265 1478 3328 qua
1507 3253 1555 3307 cst
1583 3242 1722 3326 ecclesia
1752 3245 1856 3307 sancti

212 3346 375 3412 Theodori
399 3347 535 3412 datam³
558 3370 600 3411 ex
623 3348 835 3410 concessione
858 3346 937 3426 eius,
960 3347 1037 3409 item
1052 3345 1216 3410 modicam
1231 3355 1350 3410 terram
1366 3357 1461 3411 extra
1478 3349 1565 3411 viam
1583 3349 1675 3411 iuxta
1693 3348 1857 3412 formamg

212 3460 244 3514 et
266 3472 346 3514 casa
373 3450 528 3515 Iohannis
552 3449 629 3514 Crifi
658 3472 732 3514 cum
762 3458 832 3513 orto
862 3470 920 3512 suo
950 3470 1025 3511 eum
1054 3449 1226 3513 antedictis
1255 3448 1350 3513 robus
1378 3435 1483 3534 prope
1508 3449 1608 3513 Porta
1631 3450 1753 3513 maiore
1781 3471 1856 3513 cum

212 3555 305 3618 terris
328 3562 361 3618 et
383 3556 485 3639 pratis
507 3555 587 3618 foris
611 3576 712 3639 prope
735 3575 808 3617 eam
829 3548 985 3616 fundatis.
1023 3552 1242 3637 Procipientes
1265 3553 1462 3637 precipimus
1478 3574 1517 3615 ac
1534 3550 1681 3617 iubemus
1697 3562 1733 3616 ut
1748 3551 1855 3616 nullus

212 3657 404 3742 pontificum
433 3659 661 3741 episcoporum
684 3655 735 3720 vel
766 3655 923 3720 abbatum
952 3665 1119 3739 presumat
1141 3656 1280 3719 vendere
1305 3657 1373 3718 sive
1395 3654 1539 3719 alienare
1562 3656 1602 3720 dc
1625 3657 1855 3741 suprascriptis

214 3760 363 3825 omnibus
387 3758 484 3825 rebus
507 3760 653 3825 eiusdem
675 3759 871 3824 venerabilis
894 3760 1096 3840 monasterii,
1126 3761 1188 3823 nisi
1212 3759 1436 3823 tantummodo
1461 3759 1565 3824 abbas
1588 3758 1709 3823 ibidem
1732 3761 1854 3844 specia-

212 3863 285 3928 liter
306 3865 518 3946 constitutus,
542 3873 574 3928 et
596 3864 658 3928 hoc
680 3886 748 3928 non
769 3864 830 3927 nisi
855 3885 913 3948 pro
936 3862 1123 3927 rationabili
1146 3865 1341 3926 necessitate
1364 3862 1509 3927 eiusdem
1531 3865 1720 3927 monasterii
1743 3885 1854 3926 secun-

214 3966 290 4032 dum
319 3969 513 4031 canonicam
542 3969 803 4052 permissioncm3
839 3965 926 4051 quod
957 3968 983 4030 si
1012 3965 1106 4029 aliter
1135 3965 1281 4051 quolibet
1310 3967 1439 4049 ingenio
1471 3966 1579 4029 facere
1613 3968 1855 4050 presumpserit,

214 4073 299 4135 omni
328 4071 425 4136 modo
454 4071 610 4136 inutiliter
638 4080 778 4136 maneat.
823 4070 959 4156 Insuper
988 4068 1102 4136 nullah
1135 4092 1254 4155 magna
1277 4069 1328 4133 vel
1352 4093 1455 4155 parva
1477 4092 1618 4155 persona
1640 4072 1740 4135 totius
1763 4073 1853 4154 regni

213 4177 315 4239 nostri
343 4174 464 4240 audeat
492 4173 666 4239 abbatemi
695 4173 787 4238 illum
816 4176 870 4261 qui
892 4173 989 4239 modo
1014 4184 1063 4237 est
1086 4174 1136 4238 vel
1161 4196 1367 4239 successores
1391 4196 1467 4238 suos
1490 4176 1524 4238 in
1547 4175 1658 4260 aliqua
1681 4174 1854 4240 molestare

212 4288 268 4342 aut
290 4278 461 4343 disvestire
482 4277 534 4342 vel
556 4280 736 4365 inquietare
759 4287 815 4341 aut
838 4276 883 4341 al
906 4277 1062 4363 placitum
1084 4300 1264 4362 provocare
1287 4277 1411 4363 absque
1434 4276 1546 4340 iuxta¹
1569 4286 1600 4341 ot
1622 4277 1855 4363 probatissima

212 4404 313 4447 causa
334 4405 439 4468 neque
463 4381 590 4447 illorum
612 4382 759 4447 homines
782 4381 825 4445 ad
848 4392 941 4466 turpe
965 4382 1129 4445 servitium
1152 4390 1209 4444 aut
1231 4380 1388 4445 tributum
1418 4402 1544 4464 eogere.
1590 4380 1623 4443 Si
1648 4382 1720 4465 quis
1744 4389 1853 4443 autom

212 4495 326 4549 contra
351 4485 436 4549 hanc
466 4494 612 4548 nostram
640 4486 882 4570 preceptionem
911 4485 989 4547 irc¹¹¹
1019 4485 1265 4568 presumpserit,
1302 4484 1383 4547 sciat
1407 4506 1441 4547 se
1464 4493 1520 4546 aut
1544 4505 1697 4567 magnum
1720 4482 1853 4546 exilium

212 4609 382 4672 passmum
405 4596 462 4651 aut
485 4603 504 4650 c
526 4587 627 4652 libras
651 4590 720 4652 aun'
743 4589 829 4650 cocti
853 4588 1124 4671 compositurum,
1148 4587 1352 4651 medietatem
1376 4588 1408 4650 in
1432 4586 1577 4671 prqdicto
1602 4589 1798 4651 monasterio
1823 4597 1854 4651 ct

212 4691 418 4755 medictatem
437 4691 569 4754 kamere
587 4700 707 4755 nostre.
742 4690 840 4770 Quod
856 4701 890 4754 ut
906 4693 1013 4754 verius
1033 4690 1183 4755 credatur
1204 4701 1236 4755 ot
1257 4692 1391 4755 tirmiter
1413 4691 1455 4755 ab
1480 4690 1630 4755 omnibus
1654 4690 1852 4772 observetur,

212 4816 308 4860 manu
331 4797 465 4880 propria
487 4794 679 4860 roborantes
703 4793 799 4859 amdo
823 4805 933 4859 nostro
957 4797 1109 4859 iussimus
1133 4794 1277 4879 sigillari.

313 4948 448 5033 Signum
471 4947 582 5013 domni
606 4948 736 5014 Ottonis
762 4950 826 5030 (M.)
851 4953 972 5014 cesaris
995 4951 1134 5033 augusti.

311 5070 505 5135 Ambrosius
528 5069 742 5134 cancellarius
766 5068 914 5134 advicem
938 5070 1101 5135 Huberti¹¹
1123 5071 1270 5155 episcopi
1293 5080 1325 5135 et
1349 5069 1653 5134 archicancollarii⁰
1676 5072 1852 5154 recognovi

210 5185 241 5239 et
264 5174 452 5261 subscripsi.

311 5331 401 5396 Data
423 5332 516 5395 tertio
541 5329 585 5395 id.
608 5331 774 5394 ianuarias
798 5353 884 5395 anno
909 5330 1070 5394 dominice
1098 5330 1331 5394 incarnationis
1361 5345 1586 5411 nccccsxvss,
1619 5331 1746 5414 imperii
1773 5352 1851 5393 vcro

294 5535 353 5591 336.
380 5540 405 5603 c)
423 5555 489 5588 corr.
507 5555 554 5588 aaa
571 5541 768 5599 Matronianum,
795 5541 823 5588 iu
850 5538 945 5588 Bellen
963 5537 1025 5588 bald
1042 5539 1255 5599 llacronianum,
1285 5537 1348 5588 bald
1366 5538 1566 5587 llucrionnnum
1671 5537 1698 5597 d)
1717 5536 1853 5586 cellamA

379 5611 403 5669 e)
422 5625 488 5657 cm.
507 5623 554 5657 orta
571 5609 736 5658 Casulicellis
823 5609 921 5670 f)corr.
935 5624 981 5657 arta
995 5606 1151 5670 Arteqanum
1238 5606 1267 5673 g)
1286 5606 1354 5656 norb
1367 5607 1444 5656 Bulla
1455 5605 1561 5656 Jolrmm
1574 5614 1623 5654 ΧΠ.
1643 5607 1726 5655 forma
1739 5606 1854 5655 Claudia

379 5675 407 5737 h)
427 5676 562 5727 nullamA
642 5679 660 5738 i)
681 5676 798 5727 abbasA
877 5677 905 5740 k)
925 5676 947 5727 A
966 5682 1026 5726 rtatt
1044 5676 1078 5725 ad
1159 5675 1177 5738 l)
1196 5675 1217 5725 A
1235 5682 1296 5726 stott
1314 5678 1383 5726 iusta
1463 5680 1499 5737 m)
1511 5674 1582 5737 selrlt
1600 5674 1669 5725 aas
1747 5676 1774 5739 n)
1791 5676 1853 5726 Urn-

380 5744 489 5796 berria
576 5745 602 5811 o)
620 5746 771 5796 cancellarii
789 5744 819 5795 A.
