4298 6414
276 418 342 483 544
872 427 1321 485 KAISEBURKUNDEN.

278 614 390 669 sancte
418 603 588 668 Trinitatis
617 603 751 668 haberet
779 615 811 668 et
838 614 962 669 teneret
989 615 1020 670 et
1043 606 1227 690 possideret
1247 605 1385 672 firmiter
1406 617 1439 672 et
1460 630 1577 673 secure
1599 631 1620 672 a
1642 619 1732 694 parte
1753 609 1883 697 Optemni

277 718 310 773 et
328 708 368 772 de
388 708 454 772 suis
472 706 657 772 heredibus.
691 707 735 770 Et
753 709 856 770 erexit
879 731 913 773 se
937 709 1075 772 domnus
1098 708 1277 773 Pandulfus
1300 710 1445 775 marchio
1469 720 1503 775 et
1525 711 1595 776 dux
1618 721 1651 776 et
1672 714 1757 776 misit
1775 713 1884 784 bandum

277 836 298 877 a
326 821 419 896 perte
452 811 562 875 domni
596 813 817 894 imperatoris,
852 813 878 875 si
908 809 1105 896 Opteramus
1136 820 1168 875 et
1197 813 1246 876 sui
1278 811 1412 877 heredes
1446 813 1567 877 exinde
1601 814 1779 879 disvestiret
1806 818 1882 902 ipim

276 915 525 995 monasterium,
550 921 586 977 ut
607 923 819 997 componeret
841 922 970 978 centum
992 912 1093 977 libras
1118 912 1157 977 de
1181 935 1278 996 auro,
1309 913 1517 979 medietatem
1540 936 1671 979 camere
1694 914 1796 981 domni
1813 920 1882 1006 impe

275 1018 393 1081 ratoris
421 1025 455 1080 et
483 1014 691 1079 medietatem
721 1017 942 1100 suprascripto
972 1017 1172 1081 monasterio
1207 1027 1319 1081 sancte
1352 1017 1532 1082 Trinitatis.
1584 1018 1630 1082 Et
1657 1017 1778 1083 finitum
1802 1032 1839 1084 est
1858 1026 1901 1090 irs

275 1122 414 1183 istorum
441 1119 584 1182 omnium
614 1119 909 1203 suprascriptorum
937 1119 1111 1203 presentia.
1156 1117 1264 1199 Quam
1287 1128 1319 1183 et
1341 1140 1401 1203 ego
1424 1119 1522 1205 Lupo
1546 1119 1702 1185 scabinus
1724 1132 1754 1184 et
1772 1127 1880 1189 nonnus

274 1221 320 1286 ibi
344 1222 390 1286 sui
414 1232 446 1285 et
469 1244 510 1285 ex
534 1220 622 1284 dicto
647 1219 757 1284 domni
787 1223 992 1307 imperatoris
1021 1231 1054 1284 et
1082 1224 1295 1306 suprascripti
1325 1221 1416 1286 ducis
1439 1232 1471 1286 et
1493 1222 1695 1287 marchionis
1717 1233 1747 1287 et
1766 1246 1803 1288 ex
1819 1226 1878 1291 dicto

275 1323 315 1387 de
339 1325 568 1408 suprascriptis
593 1324 756 1408 episeopis
772 1325 859 1388 etde
881 1324 1056 1390 comitibus
1079 1335 1112 1389 et
1133 1324 1296 1389 iudicibus
1318 1335 1351 1389 et
1372 1324 1467 1389 bonis
1489 1324 1678 1395 homiuibus
1701 1328 1804 1410 scripsi
1821 1328 1878 1393 hanc

274 1428 426 1491 notitiam
449 1425 584 1490 iudicati
607 1424 649 1489 ab
673 1427 897 1491 incarnatione
922 1426 1045 1492 domini
1067 1429 1168 1492 nostri
1192 1427 1267 1492 Iesu
1287 1425 1407 1492 Christi
1430 1450 1517 1492 anno
1540 1443 1734 1511 Dccccnxx,
1755 1452 1825 1494 anno
1841 1434 1879 1496 in·

275 1532 357 1615 perii
387 1529 497 1593 domni
526 1530 732 1612 imperatoris
756 1527 887 1593 Ottonis
917 1531 1113 1594 serenissimi
1137 1533 1265 1614 augusti
1289 1547 1367 1594 vnn
1394 1539 1426 1594 et
1450 1529 1583 1595 Ottonis
1606 1530 1664 1594 filii
1689 1533 1755 1596 eius
1779 1533 1908 1617 impera-n

278 1633 357 1696 toris
381 1654 468 1696 anno
491 1632 617 1714 imperii
641 1632 709 1694 eius
730 1648 779 1711 111,
802 1653 913 1695 mense
938 1632 1121 1716 septembr,
1146 1633 1323 1696 indictione
1339 1649 1436 1713 xl1113
1458 1641 1569 1695 actum
1590 1634 1624 1695 in
1638 1632 1753 1714 Marsi3
1772 1633 1878 1699 feliciter.

380 1766 517 1851 Signum
532 1789 648 1830 manus
671 1764 740 1847 (†)¹¹
763 1767 874 1831 Ezeea
896 1770 1024 1832 comitis
1040 1768 1153 1853 palatii
1172 1772 1227 1854 qui
1243 1768 1288 1833 ibi
1306 1769 1377 1833 fuit.
1417 1768 1461 1850 (†)
1478 1769 1552 1854 Ego
1567 1769 1728 1834 Beraldus
1741 1792 1831 1834 comes
1842 1776 1877 1857 qui

277 1868 322 1933 ibi
345 1870 416 1933 fuit.
469 1867 514 1950 (l)
539 1868 675 1953 Signum
697 1891 813 1933 manus
836 1869 921 1933 Petri
946 1873 1074 1936 comitis
1098 1874 1152 1957 qui
1181 1871 1226 1936 ibi
1254 1872 1325 1936 fuit.
1378 1871 1424 1952 (†)
1448 1870 1587 1955 Signum
1609 1894 1725 1938 manus
1745 1872 1825 1938 Dedo
1841 1878 1877 1960 qui

277 1973 321 2037 ibi
344 1973 415 2037 fuit.
470 1971 515 2053 (†)
540 1974 611 2058 Ego
636 1972 810 2038 Anselmus
833 1995 943 2038 comes
965 1973 1011 2038 ibi
1033 1975 1090 2038 fui.

1060 2212 1146 2286 400.
1890 2251 1909 2296 ι(

277 2367 325 2439 In
352 2365 600 2438 Atssoesealteit
633 2365 730 2440 Ottos
762 2363 842 2436 trud
873 2379 978 2438 anter
1004 2366 1138 2440 Vorsitz
1165 2368 1225 2440 des
1250 2368 1491 2466 Pfalzprafea
1527 2367 1653 2445 Orbas
1676 2370 1807 2443 werden
1827 2370 1877 2441 dm

277 2487 368 2559 Abte
395 2486 455 2559 des
488 2483 526 2560 S.
554 2485 814 2558 Florulclosters
841 2510 886 2556 ze
913 2487 1047 2559 Arezzo
1076 2487 1150 2585 osef
1178 2486 1312 2563 &aad
1336 2490 1436 2562 einer
1468 2490 1516 2562 im
1543 2489 1807 2588 Kdaipspericht
1824 2515 1879 2561 vor·

274 2606 433 2704 pelcpten
459 2602 855 2701 Sobestlsmspsmlsuude
883 2605 962 2678 tend
986 2605 1108 2678 indens
1135 2607 1200 2679 der
1226 2606 1395 2704 Beklupte
1421 2607 1603 2706 Rodalfiis
1631 2609 1705 2707 asaf
1717 2609 1816 2706 jedes
1829 2610 1880 2680 Α(-

276 2726 408 2823 spracb
439 2725 638 2813 verzicbtea
674 2724 733 2797 die
765 2751 837 2797 von
871 2726 951 2799 dem
977 2728 1066 2798 Aba
1099 2728 1140 2799 in
1173 2728 1366 2823 Ansprach
1396 2753 1654 2825 yenonsmencn
1687 2728 1881 2823 Besitsnnpen

277 2846 390 2920 decreh
417 2845 553 2918 Urtbeil
578 2845 787 2917 acerbarent.
1435 2865 1560 2926 osma
1583 2871 1647 2926 970
1669 2867 1819 2926 Nomen
1834 2869 1855 2924 3.
1895 2876 1916 2921 n

384 3051 666 3124 Orlpr'aolplaoitam
687 3053 730 3108 im
755 3050 969 3123 Cupitelorchr'v
989 3070 1030 3109 aa
1052 3051 1166 3110 Arocas
1188 3051 1248 3130 (A).

381 3189 535 3247 Maratort
557 3186 628 3246 Aa.
653 3188 717 3246 Est.
743 3192 772 3256 1,
796 3191 860 3246 147
880 3206 937 3246 aas
959 3188 989 3246 A
1012 3212 1051 3240 =
1071 3187 1151 3260 Orip.
1171 3186 1272 3258 Guels.
1296 3193 1326 3258 1,
1349 3191 1410 3249 291
1435 3194 1469 3246 a⁰
1484 3192 1534 3249 32.
1558 3223 1602 3232 —
1625 3189 1754 3264 Stamps
1763 3191 1889 3263 aetat.

382 3328 468 3386 Noeh
497 3325 765 3398 loupehardischem
793 3325 957 3383 Formular
985 3326 1114 3397 versasse
1142 3327 1206 3384 aad
1234 3328 1287 3383 init
1316 3325 1532 3398 darehpcheads
1561 3327 1789 3400 eipenhdmlrpen
1815 3327 1893 3386 Ustor-

380 3429 525 3501 selm'stea
550 3431 694 3488 versones.

384 3617 467 3695 (ST.)
492 3616 580 3679 Dum
609 3617 641 3678 in
672 3615 723 3678 dei
754 3624 897 3680 nomen⁰
926 3614 1018 3678 locus
1048 3636 1109 3698 que
1139 3613 1257 3679 dieitur
1279 3611 1393 3678 Classe
1416 3616 1449 3679 in
1473 3625 1558 3679 terra
1580 3614 1726 3679 Alberiei
1749 3615 1813 3679 filio
1835 3614 1934 3678 bonett

278 3720 434 3783 memorie
458 3717 577 3801 Aigoni
600 3720 632 3780 in
657 3718 727 3781 sala
750 3717 806 3781 ubi
830 3718 969 3781 domnus
992 3718 1195 3801 imperatoris
1220 3726 1356 3801 preerat,
1380 3716 1546 3781 residisset
1568 3718 1601 3780 in
1623 3717 1746 3782 iudicio
1770 3717 1904 3782 Otbertus

278 3821 424 3886 marchio
444 3829 476 3884 ot
494 3842 603 3883 comes
620 3819 742 3903 palatio
767 3818 810 3883 ad
834 3821 1034 3904 singulorum
1057 3818 1223 3883 hominum
1246 3822 1385 3884 iustitias
1408 3821 1576 3885 faciendas
1599 3820 1663 3885 hac
1687 3820 1907 3893 deliberandas,

279 3922 541 3989 resederutibusb
569 3946 643 3987 cum
672 3933 736 3988 eoc
765 3923 929 3988 Siefredus
959 3925 1013 4009 qui
1044 3921 1099 3986 etd
1130 3921 1225 3986 Sicco
1249 3931 1401 4002 vocatur,
1432 3925 1549 3986 missus
1574 3923 1685 3987 domni
1710 3925 1909 4008 imperatoris,

279 4025 492 4111 'l'outpaltlus,
518 4024 775 4109 Ghiseprandus,
799 4025 939 4107 Bonitio,
964 4024 1156 4106 Aliistullus,
1179 4024 1285 4107 Ebbo,
1309 4024 1590 4109 Angualmundus,
1614 4027 1759 4107 Bonitio,
1782 4027 1911 4112 Atriper·

279 4142 341 4211 tus,
366 4128 537 4208 hiertinus,
561 4128 697 4192 Rofinus
720 4126 883 4191 iudicibus
907 4129 991 4191 sacri
1015 4127 1138 4211 palatii,
1167 4126 1337 4191 Mainardo
1361 4127 1428 4191 filio
1451 4127 1537 4192 bone
1559 4131 1717 4193 memorie
1738 4129 1912 4207 Uualeheri,
1926 4141 1950 4187 to

282 4236 367 4298 llrrso
392 4244 424 4296 ot
446 4231 621 4296 Uualehcri
645 4240 677 4295 et
697 4229 799 4294 Griffo
823 4239 855 4293 et
877 4230 992 4293 'leutio
1017 4230 1171 4312 germani,
1196 4228 1252 4292 filii
1275 4228 1360 4293 bone
1383 4231 1537 4294 memorie
1552 4229 1742 4313 Uualcheri,
1766 4232 1915 4297 'letbaldo

280 4335 346 4400 lilio
370 4334 456 4397 bone
479 4334 634 4396 memorio
656 4332 818 4414 Tetbaltli,
842 4330 1042 4412 Udibrando,
1065 4330 1217 4411 Rodulfo,
1242 4329 1409 4396 Alberidio
1426 4343 1457 4395 et
1473 4332 1561 4397 Saxo
1578 4335 1737 4416 germani,
1760 4334 1818 4398 filii
1841 4334 1916 4399 bone

280 4438 433 4503 nieutorie
457 4434 648 4517 lldilrrandi,
672 4434 758 4499 Urso
782 4435 848 4499 tilio
872 4434 959 4499 bone
981 4436 1134 4498 memorie
1159 4432 1296 4498 Griffoni
1320 4443 1352 4498 et
1374 4434 1487 4520 reliqui
1512 4434 1628 4519 plures.
1675 4436 1792 4522 Ibique
1815 4459 1918 4501 eorum

279 4542 412 4605 verrinus
437 4540 601 4625 presentia
623 4538 737 4602 Petrus
761 4537 865 4601 abbas
890 4537 929 4600 de
952 4536 1072 4600 eclesia
1094 4545 1126 4598 et
1149 4537 1344 4600 monasterio
1375 4536 1471 4601 beate
1501 4549 1613 4601 sancte
1635 4537 1735 4603 Flore
1765 4560 1920 4604 unacum

278 4644 417 4713 Arnull'o
443 4644 542 4709 iudex
565 4652 597 4706 et
620 4651 760 4706 avocato
784 4664 843 4705 suo
867 4649 899 4703 et
921 4638 1064 4704 eiusdem
1087 4640 1274 4703 monasterii
1298 4648 1330 4702 et
1353 4638 1563 4703 ostenderunt
1584 4639 1629 4703 ibi
1653 4643 1688 4704 in
1710 4643 1827 4706 eodem
1846 4642 1956 4708 iudi-a

278 4752 330 4815 ein
356 4750 519 4815 monimen
545 4744 669 4811 unamb
698 4747 731 4809 in
755 4768 819 4830 qua
843 4741 1070 4809 continebatur
1090 4743 1124 4805 in
1146 4763 1185 4804 ea
1208 4740 1249 4805 ab
1274 4739 1435 4822 ordinem,
1467 4743 1550 4806 sicut
1577 4742 1629 4806 hie
1653 4752 1767 4828 supter
1793 4743 1920 4830 legitur:

280 4872 308 4922 ln
334 4864 453 4920 nanuun¹⁸
481 4866 581 4915 domini
610 4864 692 4913 riost-ri
717 4864 776 4912 lesu
801 4862 907 4911 Christi.
952 4862 1031 4926 Hugo
1054 4876 1100 4910 rex
1123 4875 1192 4908 anno
1216 4861 1288 4924 regni
1312 4861 1369 4908 eius
1392 4867 1486 4924 quarto
1509 4859 1625 4921 decimo,
1654 4877 1700 4910 seo
1723 4867 1751 4911 et
1773 4863 1922 4912 Lottharius

278 4976 375 5025 alilowto
401 4972 455 5022 lilio
479 4971 536 5019 rius
560 4984 630 5017 rinno
654 4968 726 5029 regni
752 4968 809 5015 eius
832 4966 948 5028 docimo,
975 4981 1064 5015 mense
1086 4963 1196 5027 aprelis,
1221 4962 1364 5011 indictione
1387 4968 1481 5026 quarta
1503 4961 1612 5012 decima
1701 4964 1847 5014 Manifesta
1869 4981 1921 5014 siim

277 5098 327 5141 spo
346 5076 489 5127 {titillatum
513 5074 650 5133 «limantur,
674 5070 729 5119 illio
752 5070 885 5135 ‹ptondam
908 5071 1001 5131 britio,
1024 5070 1088 5133 quia
1110 5067 1172 5116 dum
1191 5068 1268 5116 homo
1283 5067 1388 5128 vixerit,
1411 5082 1513 5130 semper
1536 5066 1615 5116 debet
1637 5069 1737 5118 coitare
1761 5076 1799 5130 ut,
1822 5070 1923 5134 quando

276 5194 365 5235 attinnt
380 5168 391 5203 '¹
415 5181 447 5230 du
471 5192 581 5242 eorporis
605 5176 706 5233 irxierit,
730 5189 788 5223 eom
810 5188 877 5236 puro
901 5172 979 5222 corde
1002 5177 1027 5221 et
1050 5170 1148 5220 munda
1170 5170 1272 5230 aientia,
1295 5174 1326 5218 ut
1348 5170 1431 5233 possit
1453 5169 1574 5218 resistere
1597 5176 1658 5220 ante
1682 5171 1784 5221 domini
1806 5174 1922 5221 mais-ste·
1937 5172 1956 5219 lt

278 5298 343 5347 tntu,
374 5287 435 5351 stulu
462 5298 531 5331 tumn
555 5288 578 5329 ot
605 5280 660 5327 vitu
683 5279 708 5326 iu
734 5292 812 5325 manu
836 5276 877 5323 dei
902 5281 954 5335 sst;
986 5274 1063 5324 modo
1086 5289 1148 5322 vero
1170 5288 1217 5336 per
1239 5272 1311 5320 hunc
1339 5274 1464 5335 scriptun]
1494 5272 1611 5321 iudicato
1635 5279 1661 5323 et
1684 5290 1742 5324 meo
1769 5280 1921 5324 testamento

275 5396 351 5443 trmtn
381 5390 471 5441 tostire
499 5402 547 5453 pru
578 5383 671 5434 utonis
700 5386 727 5431 ot
756 5378 871 5429 ronredio
901 5380 988 5427 anime
1011 5393 1068 5426 moe
1092 5377 1141 5426 tibi
1163 5376 1240 5425 beate
1263 5380 1353 5424 sancte
1376 5374 1454 5424 Flore
1477 5389 1539 5424 casa
1561 5381 1588 5424 st
1610 5391 1652 5425 res
1676 5377 1723 5425 illa
1745 5379 1773 5426 in
1796 5378 1921 5441 integrum

363 5531 422 5587 m
451 5532 478 5593 bt
500 5528 527 5576 ln
546 5524 566 5577 A
588 5525 620 5573 oe
638 5525 655 5586 †
672 5520 735 5571 {lber
753 5520 841 5569 Ezeca
858 5516 1052 5581 naetyarapen

363 5620 420 5675 um,
451 5610 561 5685 {Strbel}
668 5608 694 5673 a)
713 5603 816 5657 tremit
869 5674 881 5685 ..
920 5601 990 5664 b)A
1094 5601 1118 5667 c)
1138 5599 1275 5650 cumeoA
1372 5601 1399 5663 dt
1417 5616 1446 5649 so
1463 5599 1612 5650 anduoelt'cb
1629 5599 1693 5651 dese
1710 5607 1775 5652 attor
1791 5599 1856 5650 arcels
1873 5616 1921 5665 qne

449 5684 513 5733 mm
531 5688 590 5748 qum
609 5678 710 5746 palem
728 5673 830 5725 werdon
848 5672 949 5722 hante.
1934 5661 1956 5710 4!
