4500 6420
1006 464 1130 523 ΟΤΤΟ
1152 464 1175 522 Ι.
1201 460 1273 521 962.

318 664 386 713 rium
408 680 468 714 cum
491 666 614 715 omnibus
636 666 780 730 pretaxatis
795 666 960 716 monasteriis
977 670 1016 712 ac
1032 665 1113 725 cellis,

317 768 396 818 rebus
419 784 524 834 quoque
546 783 578 819 ac
600 769 707 818 familiis
729 769 827 819 ibidem
849 769 1039 834 aspicientibus
1060 784 1115 818 una

318 886 377 920 cum
400 871 526 921 iratribus
548 886 580 921 ac
602 871 738 921 monacbis
760 871 857 921 ibidem
886 871 935 922 deo
963 871 1114 921 famulanti-

317 973 367 1022 bus
390 974 440 1022 sub
462 979 551 1023 nostre
573 975 693 1023 tuitionis
710 974 897 1037 munburdum,
921 979 1067 1025 statuentes
1084 981 1114 1025 ut

283 1078 428 1128 babbates
457 1082 483 1127 et
511 1078 638 1143 prepositi
669 1077 786 1128 eiusdem
814 1078 866 1129 loci
895 1080 970 1127 iuxta
1000 1079 1113 1141 priscam

317 1181 535 1231 consuetudinem
569 1181 603 1230 ad
635 1197 800 1231 communem
833 1182 974 1231 utilitatem
1003 1181 1113 1230 fratrum

318 1298 367 1333 sua
388 1276 535 1348 disponat⁸
556 1284 657 1348 absque
680 1283 793 1333 alicuius
812 1283 1028 1334 contradictione.
1052 1285 1112 1334 Pre-

317 1387 445 1450 cipientes
472 1387 562 1450 itaque
589 1388 711 1437 iubemus
739 1393 769 1437 ut
796 1388 886 1438 nullus
915 1388 968 1436 dux
996 1388 1112 1437 marchio

317 1504 405 1539 eomes
419 1490 566 1538 vicecomes
581 1488 712 1554 gastaldio
728 1506 775 1540 seu
793 1490 912 1555 quelibet
933 1491 1007 1556 regni
1029 1491 1113 1539 nostri

269 1589 413 1656 lomagna
442 1607 577 1658 parvaque
607 1609 721 1658 persona
750 1611 791 1645 res
819 1595 932 1659 predicti
960 1595 1112 1644 monasterii

316 1694 441 1745 invadere
463 1711 509 1746 seu
533 1695 651 1746 homines
670 1696 767 1746 liberos
790 1702 817 1746 et
838 1713 928 1747 servos
957 1696 1112 1762 distringere

316 1798 455 1863 pignorare
471 1814 518 1847 sen
532 1799 672 1849 molestare
688 1799 785 1850 airdeat
800 1800 900 1864 absque
915 1801 994 1866 legali
1013 1800 1111 1851 iudicio

315 1915 402 1966 neque
423 1902 576 1965 pensionem
599 1901 633 1950 ab
657 1903 695 1951 eis
717 1902 814 1952 iniuste
837 1904 942 1969 exigere
969 1910 1111 1968 presumat.

316 2002 344 2050 Si
359 2005 418 2067 quis
436 2005 518 2069 igitur
531 2004 619 2054 huius
642 2007 725 2055 nostri
746 2009 863 2071 precepti
887 2006 1110 2056 corriirmationem

266 2102 298 2148 15
316 2123 363 2156 seu
386 2106 527 2157 munhurdi
551 2109 689 2157 tuitionem
711 2108 853 2173 aliquando
872 2110 1015 2175 infringere
1033 2125 1110 2159 cona-

315 2216 358 2258 tus
381 2210 467 2271 fuerit,
491 2212 558 2259 scint
579 2226 608 2260 so
626 2212 833 2275 compositurum
848 2213 906 2261 ouri
922 2214 1014 2276 optimi
1029 2213 1111 2263 libras

314 2320 433 2375 centum,
455 2313 634 2364 medietatem
660 2328 762 2364 camere
785 2320 873 2365 nostre
897 2322 923 2365 et
944 2315 1110 2366 medietatem

313 2418 382 2479 parti
405 2416 515 2480 predicti
538 2418 697 2466 monasterii.
733 2417 811 2478 Quod
833 2424 863 2466 ut
881 2421 970 2468 verius
988 2418 1111 2468 credatur

315 2518 520 2585 diligentiusque
535 2521 568 2569 ab
585 2520 706 2569 omnibus
723 2521 884 2583 observetur,
907 2536 987 2571 marin
1003 2523 1111 2586 propria

263 2615 297 2662 20
315 2622 469 2672 roborantes
491 2622 571 2673 anulo
594 2630 683 2674 nostro
706 2626 827 2689 insigniri
849 2626 981 2675 iussimus.

400 2716 536 2803 Signum
564 2718 790 2802 gloriosissimi
816 2718 946 2784 Ottonis
973 2721 1109 2804 impera-

314 2822 393 2884 toris
419 2821 483 2901 (Μ.)
506 2825 645 2909 augusti.

400 2923 556 2988 Arnolfus
580 2925 751 3010 presbyter
776 2925 925 2991 advicem
947 2925 1108 2990 Uuidonis

314 3028 460 3110 episcopi
494 3036 526 3091 et
560 3025 837 3092 archicancollarii
872 3030 1048 3112 recognovi
1078 3040 1110 3091 et

263 3127 503 3212 ffiwmm

398 3239 487 3303 Data
515 3259 562 3305 xl.
586 3241 652 3305 kal.
683 3242 914 3327 septembrium
938 3265 1023 3307 anno
1053 3243 1108 3309 do-

314 3343 431 3406 minice
464 3345 697 3408 incarnationis
732 3360 947 3426 uccccuxffl,
981 3349 1106 3431 imperii

313 3467 390 3509 vero
416 3446 525 3511 domni
545 3445 676 3511 Ottonis
699 3449 836 3532 piissimi
858 3450 1064 3532 imperatoris
1083 3467 1105 3530 1,

313 3547 490 3613 indictione
521 3568 559 3631 v3
597 3559 707 3613 actum
741 3551 872 3614 civitate
906 3548 1035 3634 Cumis3
1073 3553 1106 3616 in

263 3656 296 3704 30
315 3648 433 3714 Christi
457 3653 587 3715 nomine
609 3651 745 3715 feliciter
768 3674 872 3716 amen.

1896 457 1957 525 351

1166 648 1232 712 alia
1254 659 1346 733 parte
1368 649 1543 713 inchoante
1566 670 1586 712 a
1604 651 1710 734 prima
1723 651 1787 715 fine
1803 672 1878 715 curn
1893 651 1959 714 iam

1166 747 1253 815 dicto
1286 752 1385 816 fluvio
1423 751 1549 834 Sangro
1587 755 1723 840 ipsoque
1758 754 1959 840 relinquente

1166 854 1330 940 quomodo
1350 855 1516 921 decunit⁸
1539 880 1559 920 a
1574 857 1660 921 Paru
1676 857 1759 922 colle
1774 867 1806 922 et
1821 879 1959 942 pergens

1164 980 1267 1043 usque
1291 959 1324 1021 in
1345 960 1427 1022 rivio
1451 981 1513 1044 que
1537 960 1655 1024 dicitur
1676 960 1804 1041 Foruli,
1829 959 1958 1025 eoderu-

1166 1083 1227 1146 que
1244 1060 1433 1126 decurrente
1448 1063 1531 1126 rivio
1547 1085 1649 1148 usque
1667 1064 1701 1126 in
1715 1063 1815 1127 fluvio
1831 1062 1958 1128 Uentre

1165 1172 1197 1226 et
1213 1162 1376 1247 quomodo
1402 1163 1542 1228 decurrit
1565 1167 1672 1249 ipsum
1694 1165 1814 1229 flumen
1836 1167 1870 1229 in
1891 1164 1956 1228 alio

1163 1266 1295 1330 flumine
1318 1266 1406 1351 quod
1421 1266 1602 1332 Uulturnus
1624 1277 1771 1350 vocatur,
1794 1278 1827 1332 et
1849 1290 1957 1352 quem·

1163 1367 1341 1434 admodum
1361 1372 1468 1455 ipsum
1492 1370 1633 1435 decurrit
1653 1371 1773 1435 flumen
1788 1373 1881 1435 iuxta
1896 1380 1957 1435 ter-

1163 1491 1218 1533 ras
1240 1469 1386 1535 eiusdem
1408 1473 1595 1535 monasterii
1619 1494 1722 1558 usque
1747 1474 1781 1536 in
1803 1472 1957 1558 predictis

1163 1570 1282 1635 finibus
1305 1582 1338 1635 et
1360 1575 1453 1636 terris
1476 1571 1613 1637 ecclesie
1637 1585 1748 1638 sancte
1770 1574 1873 1639 Maria
1900 1596 1958 1659 per

1163 1673 1223 1738 has
1251 1696 1380 1760 quoque
1406 1674 1503 1757 fines,
1538 1698 1603 1740 una
1627 1699 1700 1740 cum
1723 1679 1825 1741 servis
1847 1687 1880 1742 et
1901 1700 1957 1741 an·

1163 1774 1246 1839 cillis
1274 1777 1516 1863 cespitibusque
1545 1780 1612 1843 suis
1641 1801 1701 1842 nec
1729 1801 1795 1843 nou
1824 1789 1856 1844 et
1883 1801 1956 1845 cum

1163 1882 1279 1945 castris
1309 1882 1474 1947 montibus
1502 1881 1640 1947 collibus
1669 1883 1809 1948 vallibus
1837 1883 1957 1946 toroni-

1162 1983 1224 2048 bus
1247 1984 1394 2048 ecelesiis
1417 1987 1511 2068 aquis
1534 1983 1729 2049 molendinis
1752 1986 1899 2070 pascuis,
1925 1992 1958 2048 et

1163 2087 1272 2149 omnia
1308 2086 1394 2150 infra
1430 2087 1511 2170 ipsis
1544 2086 1663 2152 finibus
1697 2088 1863 2152 manentia
1894 2086 1956 2149 hac

1163 2198 1273 2251 nostra
1285 2186 1298 2225 ¹¹
1321 2191 1462 2274 presenti
1486 2192 1679 2253 auctoritato
1701 2191 1735 2253 in
1757 2190 1882 2274 prefato
1907 2211 1957 2272 cq-

1161 2292 1259 2355 novio
1290 2291 1499 2356 concedimus
1530 2301 1563 2355 et
1595 2293 1839 2374 confirmamus,
1874 2294 1957 2355 sieut

1162 2395 1227 2456 iarn
1243 2391 1365 2457 dudum
1381 2395 1582 2478 repperimus
1599 2397 1633 2458 in
1649 2394 1795 2479 predicto
1819 2395 1956 2459 cenovio

1162 2517 1354 2560 concessum
1377 2507 1410 2560 et
1432 2496 1658 2561 confirmatum
1680 2519 1752 2561 esse
1770 2517 1791 2560 a
1812 2495 1955 2580 dompno

1162 2597 1332 2675 Lodouico,
1357 2601 1561 2664 serenissimo
1583 2602 1778 2685 imperatore
1796 2621 1854 2684 per
1870 2598 1957 2684 sigil-

1161 2699 1262 2764 latum
1285 2709 1485 2785 preceptum.
1525 2702 1653 2765 Interea
1676 2702 1887 2766 concedimus
1910 2703 1957 2766 in·

1161 2824 1259 2887 super
1274 2812 1306 2866 et
1321 2802 1550 2867 confirmamus
1573 2805 1606 2866 in
1622 2803 1737 2867 eodem
1759 2806 1955 2868 monasterio

1161 2904 1322 2990 siquidem
1352 2922 1540 2970 morrasterium
1562 2938 1579 2968 s
1600 2923 1627 2969 in
1656 2922 1755 2972 honore
1784 2923 1854 2972 beati
1884 2921 1956 2971 Petri

1161 3023 1274 3086 apostoli
1297 3028 1490 3087 constructum,
1516 3026 1632 3089 positum
1655 3027 1683 3074 iu
1705 3025 1764 3075 loco
1787 3026 1860 3075 Trite
1882 3026 1956 3075 terri-

1160 3126 1228 3175 torio
1244 3126 1376 3178 Baluense
1398 3134 1425 3177 et
1442 3128 1469 3176 in
1487 3128 1577 3178 Penne
1599 3128 1692 3178 cellam
1714 3144 1795 3178 uriam
1817 3144 1868 3192 que
1891 3143 1956 3176 nun-

1160 3234 1273 3292 cupatur
1295 3234 1388 3279 saneta
1402 3230 1488 3279 Maria
1501 3231 1529 3278 in
1544 3231 1665 3293 Musano,
1689 3231 1716 3278 in
1730 3230 1844 3280 Abrutio
1862 3228 1955 3279 cellam

1160 3346 1240 3380 unam
1261 3333 1290 3380 in
1311 3332 1370 3382 loco
1389 3333 1434 3397 qui
1449 3339 1560 3383 vocatur
1574 3333 1662 3395 Arois,
1685 3334 1748 3383 item
1763 3337 1856 3383 sancta
1870 3333 1956 3381 Maria

1160 3436 1188 3483 in
1202 3435 1278 3484 Duas
1293 3435 1422 3484 Basilicas
1445 3451 1492 3485 seu
1515 3440 1542 3485 et
1563 3437 1751 3485 monasterium
1767 3440 1856 3485 sancte
1871 3435 1955 3484 Marie

1159 3538 1187 3586 in
1202 3538 1333 3587 territorio
1348 3538 1498 3587 Marsieano
1514 3538 1585 3602 quod
1607 3540 1687 3588 situm
1709 3542 1750 3588 est
1770 3540 1799 3587 in
1816 3538 1874 3588 loco
1893 3538 1955 3602 Api-

1160 3640 1273 3702 nisnici,
1307 3626 1384 3688 item
1411 3627 1446 3689 in
1473 3624 1591 3689 finibus
1614 3624 1738 3690 Serene
1761 3647 1836 3688 cum
1862 3626 1954 3688 terris

1161 3726 1274 3791 inclita
1289 3725 1375 3791 valle
1391 3726 1519 3792 Sorana
1536 3750 1611 3792 cum
1634 3727 1784 3792 omnibus
1807 3724 1954 3791 ecelesiis

315 3833 347 3887 ct
368 3826 570 3908 pertinentiis
594 3826 660 3887 suis
684 3834 716 3887 ot
737 3823 811 3888 aliis
834 3846 907 3888 cum
930 3825 1020 3891 cellis
1044 3837 1076 3891 et
1097 3831 1190 3892 terris
1213 3830 1247 3892 in
1269 3830 1348 3912 ipsis
1372 3830 1626 3895 consistentibus
1649 3829 1796 3915 partibus
1815 3828 1953 3893 subditis

315 3927 458 3992 eiusdem
474 3931 601 3993 cenovii
622 3950 679 4012 per
701 3929 850 4011 cognitas
872 3929 963 4011 fines,
988 3931 1071 3995 sicut
1093 3941 1248 4017 precepta
1271 3930 1435 3997 eiusdemi
1458 3934 1625 3997 continent
1647 3933 1843 4013 monasterii,
1866 3930 1954 3994 vide-

313 4027 390 4093 licet
411 4052 524 4114 regum
545 4033 730 4116 principum
753 4040 784 4096 et
807 4030 925 4096 ducum
949 4055 1006 4098 seu
1028 4034 1230 4120 aliorumque
1259 4034 1404 4100 fidelium
1433 4038 1625 4120 scriptiones
1652 4036 1774 4101 ibidem
1803 4034 1845 4099 ab
1874 4037 1954 4120 ipsis

262 4142 295 4189 35
314 4132 461 4214 collatas,
484 4133 596 4198 ideml
618 4134 735 4198 collam
759 4143 870 4197 sancte
886 4134 1054 4219 Columbo,
1078 4135 1195 4202 cellam
1218 4140 1323 4202 sancti
1346 4138 1469 4203 Donati
1486 4141 1518 4202 in
1534 4137 1685 4221 Oominu,
1708 4136 1827 4202 cellam
1850 4138 1954 4200 sancti

312 4236 419 4301 Mauri
441 4238 474 4300 in
498 4236 647 4320 Anglone
671 4259 769 4323 quam
791 4246 823 4300 et
846 4238 928 4302 alias
951 4237 1052 4303 cellas
1076 4248 1108 4303 et
1130 4250 1231 4304 terras
1257 4242 1291 4304 in
1319 4241 1399 4324 ipsis
1421 4240 1556 4323 finibus,
1590 4243 1667 4306 item
1695 4239 1811 4305 cellam
1841 4251 1953 4303 sancte

312 4339 495 4424 Agatheia
518 4339 591 4404 loco
608 4341 761 4422 Tdrcin0,
786 4340 903 4404 cellam
926 4344 1029 4405 sancti
1053 4342 1138 4406 Petri
1161 4344 1194 4407 in
1209 4343 1352 4407 Bariauo
1376 4365 1451 4408 cum
1475 4343 1625 4408 omnibus
1648 4345 1748 4407 sorvis
1772 4352 1804 4407 et
1826 4339 1953 4406 ancillis

313 4445 490 4530 cespitibus
513 4446 617 4509 vineis
639 4454 671 4509 ct
693 4447 798 4527 terris,
820 4447 854 4509 in
877 4444 1027 4509 omnibus
1052 4446 1135 4509 sieut
1157 4443 1323 4509 eiusdcm¹
1351 4448 1539 4511 monasterii
1561 4448 1728 4511 continent
1750 4447 1953 4529 scriptiones,

312 4550 389 4612 item
412 4547 529 4611 cellam
551 4549 655 4611 sancti
679 4563 824 4612 Salvatoris
847 4547 887 4611 de
909 4563 993 4624 Alite,
1024 4545 1140 4611 cellam
1164 4550 1268 4612 sancti
1291 4549 1423 4612 Martini
1448 4548 1487 4612 de
1510 4559 1619 4613 monte
1642 4549 1802 4630 Marsico,
1837 4546 1953 4610 cellam

261 4660 295 4709 40
314 4662 425 4715 sancte
448 4650 571 4733 Crucis,
596 4650 712 4715 cellam
735 4652 840 4714 sancti
863 4650 976 4732 Ylarii,
1001 4649 1118 4714 cellam
1142 4652 1246 4715 sancti
1269 4651 1355 4715 Petri
1378 4650 1418 4715 de
1441 4652 1590 4734 Tentole,
1614 4651 1732 4716 cellam
1754 4653 1858 4715 sancti
1874 4650 1952 4714 Uin·

312 4756 408 4818 centii
440 4754 479 4817 dc
508 4753 693 4818 Tremoiola
722 4756 777 4840 qui
807 4763 856 4817 est
883 4754 976 4817 iuxta
1004 4752 1154 4834 limitem3
1186 4755 1276 4821 item,
1293 4769 1386 4818 cellam
1415 4770 1500 4819 sancti
1528 4768 1610 4819 sossii
1639 4785 1698 4819 cum
1724 4754 1835 4817 inclito
1866 4767 1952 4816 waldo

313 4880 370 4922 suo
394 4875 421 4921 in
445 4872 502 4922 loco
526 4873 633 4922 bituris
656 4856 846 4921 ubidicitur
867 4872 990 4920 Pantanu
1012 4854 1137 4919 —has
1159 4855 1241 4920 fines
1263 4855 1435 4920 habentes:
1459 4877 1479 4919 a
1501 4859 1606 4940 prima
1627 4865 1719 4941 parto
1742 4855 1884 4920 decurrit
1898 4856 1952 4918 via

311 4961 446 5045 antiqua
468 4983 530 5045 que
553 4961 641 5023 venit
664 4958 703 5022 de
727 4960 905 5023 Eucentam
929 4979 989 5042 que
1013 4957 1179 5023 decurritg
1200 4959 1284 5023 inter
1305 4958 1365 5022 has
1388 4970 1491 5022 terras
1513 4969 1545 5022 et
1566 4956 1699 5023 waldus
1719 4968 1752 5022 et
1779 4958 1843 5022 alia
1866 4968 1951 5020 terra

312 5072 343 5125 ct
358 5062 465 5126 waldu
488 5062 575 5146 quod
597 5062 658 5125 fuit
680 5061 817 5146 predicti
840 5062 1037 5143 monasterii,
1060 5071 1092 5124 et
1115 5060 1254 5145 qualiter
1276 5060 1444 5126 deseendit
1458 5063 1512 5124 via
1534 5063 1607 5146 ipsa
1623 5072 1654 5126 et
1673 5063 1771 5125 intrat
1794 5062 1827 5124 in
1842 5063 1950 5145 ipsum

261 5165 493 5229 espaniacum
515 5174 547 5227 et
570 5163 685 5228 silvam
708 5173 739 5227 et
762 5163 915 5248 paludem
938 5163 1056 5247 profati
1079 5165 1269 5228 monasterii
1292 5187 1354 5249 que
1370 5173 1418 5228 est
1433 5165 1608 5228 coniuncta
1623 5164 1747 5246 Laneo,
1771 5162 1950 5228 saecunda

310 5277 416 5330 autern
439 5276 530 5350 parto
554 5267 606 5328 via
629 5274 679 5329 cst
699 5267 834 5350 antiqua
857 5288 918 5351 quc
940 5267 1057 5332 dicitur
1078 5268 1221 5351 Uicana,
1257 5291 1277 5332 a
1305 5269 1399 5332 tertia
1422 5291 1497 5332 vero
1528 5270 1644 5333 iterum
1673 5291 1774 5352 usque
1797 5267 1840 5331 ad
1863 5270 1949 5331 viam

311 5389 372 5451 quo
398 5368 457 5429 licit
479 5369 613 5452 antiqua
636 5390 698 5453 quc
721 5367 811 5430 vadit
833 5366 876 5430 ad
898 5370 1004 5452 ipsam
1026 5371 1186 5453 piscinam
1208 5370 1274 5434 iam
1300 5368 1377 5434 dicti
1408 5371 1610 5452 monasterii,
1642 5380 1674 5433 et
1702 5369 1868 5433 decurrit⁸
1895 5371 1949 5433 via

336 5553 409 5605 2⁴50.
428 5556 453 5619 c)
472 5554 495 5603 A
514 5574 546 5597 =
566 5552 626 5604 DO.
644 5556 708 5615 369,
729 5570 835 5604 suorum
854 5556 995 5620 disponant
1014 5557 1067 5607 VU.

259 5690 293 5739 60

1181 5556 1253 5609 ml.
1271 5562 1303 5647 gl
1319 5557 1435 5608 decernit
1452 5555 1482 5646 A:
1546 5557 1574 5619 h)
1590 5565 1706 5639 nostram
1726 5556 1756 5606 A'
1807 5559 1851 5673 'il
1864 5558 1949 5645 cidem

1273 5628 1314 5759 ᾗ)
1333 5694 1372 5758 A',
1396 5624 1650 5746 lgussntqtctltvqtem
1746 5627 1764 5686 l)
1790 5641 1893 5675 cilicem
1919 5627 1941 5675 A
