4500 6420
891 433 1345 495 nnlsnnesisiitinnn.

401 621 485 687 seire.
524 620 629 678 reden
651 619 704 679 des
726 616 878 678 Setreiber
899 617 981 676 darm
1003 619 1058 676 mit
1086 621 1222 692 precepta
1245 635 1438 692 processeram
1464 635 1506 676 eu
1527 618 1623 676 seim
1644 614 1867 689 Haupteerlepe
1887 632 1943 673 su·

401 723 565 792 rdedtelet,
589 722 676 792 fdlrrt
697 738 729 778 er
750 721 826 778 euch
848 723 911 778 eine
931 720 1070 780 Ueiente
1093 722 1143 780 des
1158 719 1197 780 K.
1213 720 1388 780 Desideries
1411 738 1452 780 en
1472 737 1528 779 eon
1549 720 1603 779 der
1619 720 1725 779 MRK.
1742 722 1825 779 ieie
1848 719 1944 777 eicite

401 827 494 884 weiss.
532 826 578 883 Ist
600 824 713 882 mdlieli
735 824 788 882 der
808 827 909 882 eweitc
935 824 1018 882 Tecti
1040 825 1137 882 besser
1161 823 1314 896 perettus,
1349 841 1380 882 se
1403 823 1533 882 sedlicsst
1555 840 1586 881 cr
1607 823 1668 882 sicle
1690 822 1761 881 decli
1783 822 1943 880 assederam

401 915 551 1001 eieqiecisr
574 944 614 987 ee
633 925 701 987 Do.
718 929 782 987 359
801 944 850 985 en.
889 927 977 985 Zreer
991 931 1102 985 maeste
1116 927 1180 984 liter
1195 929 1242 984 ein
1262 926 1461 985 Vereelclmiss
1476 926 1530 984 der
1544 926 1743 999 Beslteenpcn
1757 942 1813 983 cen
1828 925 1943 982 diente-

402 1033 516 1090 eesse'ee
539 1032 742 1103 sinecdoclrten
764 1031 889 1100 werden,
920 1030 1036 1089 welches
1058 1029 1197 1088 vielleielit
1219 1029 1276 1087 dee
1297 1029 1361 1087 sirei
1383 1029 1453 1087 DD.
1477 1046 1541 1087 sem
1568 1029 1600 1088 J.
1624 1032 1688 1088 943
1710 1028 1851 1105 (Be'lrmer
1872 1027 1978 1085 line

400 1131 495 1211 1414)
517 1137 701 1192 cotnemmee
728 1135 782 1203 ist,
817 1134 888 1192 ulier
915 1134 992 1191 caele
1020 1132 1059 1190 de
1088 1133 1223 1191 selseltete
1250 1133 1303 1190 der
1332 1132 1469 1190 Didetor
1497 1132 1544 1189 die
1573 1130 1858 1200 Pertieeeeforneeln
1887 1147 1943 1189 een

401 1237 469 1298 De.
486 1240 549 1297 359
573 1239 629 1295 eie.
667 1234 741 1295 Dies
761 1236 941 1295 Verluiltntss
964 1239 1074 1293 etesste
1095 1253 1148 1292 ees
1170 1252 1202 1293 se
1224 1235 1306 1293 oncle
1328 1234 1476 1307 deecclept
1498 1234 1622 1303 werden,
1645 1233 1685 1291 de
1707 1235 1763 1292 wir
1784 1232 1848 1290 hier
1867 1232 1945 1290 neele

400 1359 524 1400 unserer
544 1343 693 1413 constipet
711 1339 896 1399 Gemelmlscr't
919 1338 975 1396 dee
989 1338 1162 1396 Petitdruels
1184 1335 1264 1395 desc
1285 1356 1326 1396 ee
1347 1337 1515 1395 verwersden
1538 1337 1700 1395 laetiensis
1718 1337 1962 1406 Uesereeneee,

400 1462 492 1517 messe
513 1446 568 1502 mit
590 1443 641 1501 der
658 1441 853 1501 Verurlcende
876 1441 1024 1500 desselben
1046 1441 1339 1513 Hertueftspruppe,
1369 1440 1396 1496 d.
1415 1440 1442 1499 le.
1466 1442 1520 1497 nsit
1543 1440 1648 1498 MRK.
1672 1442 1756 1499 1014
1780 1413 1945 1497 erstemliele

401 1566 441 1605 eu
463 1547 593 1604 emico.
1591 1540 1594 1545 ’
1963 1550 1999 1597 10

406 1753 465 1830 (C.)
494 1751 508 1832 ξ
534 1750 573 1814 In
602 1751 732 1813 nomine
761 1757 873 1813 sancte
902 1756 934 1812 et
962 1746 1127 1813 individue
1155 1748 1318 1812 trinitatis.
1364 1745 1442 1811 Otto
1466 1745 1578 1810 divina
1606 1746 1737 1810 favente
1765 1744 1945 1809 clemencia

301 1857 478 1938 imperator
500 1861 692 1935 augustus.²
793 1849 948 1915 Omnium
971 1860 1083 1915 sancte
1108 1851 1159 1914 dei
1183 1849 1299 1915 eclesie
1323 1873 1362 1915 ae
1385 1861 1569 1917 nostrerum
1592 1853 1797 1936 presencium
1821 1849 1946 1914 scilicet

302 1979 341 2020 ac
369 1956 551 2020 futurorum
582 1955 710 2018 noverit
738 1954 947 2035 universitas,
977 1950 991 2033 ξ
1019 1957 1095 2040 quia
1124 1978 1184 2019 nos
1213 1976 1272 2039 per
1301 1954 1509 2020 interventub
1543 1955 1606 2019 hac
1640 1957 1803 2040 peticione
1834 1963 1945 2018 nostre

303 2058 419 2124 dilecte
442 2059 620 2140 coniugix⁰
641 2055 804 2120 Adalheid
824 2057 1040 2140 imperatricis
1065 2067 1211 2141 auguste,
1236 2057 1339 2122 abbas
1361 2057 1479 2122 Christi
1503 2061 1644 2123 martiris
1661 2058 1831 2123 Uincencii
1855 2053 1944 2120 site‘l

303 2159 475 2227 infinibus
498 2160 739 2224 Beneuentanis
763 2160 893 2223 nomine
916 2160 1038 2225 Paulus
1061 2171 1207 2225 nestram
1230 2161 1343 2226 adiens
1367 2161 1592 2227 celsitudinem
1620 2162 1735 2226 detulit
1763 2160 1883 2226 nobis⁰
1912 2170 1945 2226 ct
1965 2185 1997 2232 io

304 2263 424 2329 obnixe
447 2263 636 2348 deprecans,
660 2286 691 2328 ut
712 2277 926 2328 confirmaremus
948 2281 976 2328 in
998 2282 1156 2330 monasterio
1180 2281 1264 2329 sancti
1287 2280 1424 2330 Benedicti
1448 2281 1605 2331 contessoris
1628 2286 1780 2331 constructo
1803 2282 1830 2328 in
1846 2279 1944 2329 Casino

303 2400 354 2448 que
376 2399 423 2448 per
445 2387 571 2447 precepta
591 2396 770 2446 precessorum
794 2387 942 2431 nestrorum
965 2384 1152 2447 imperatorum
1177 2390 1202 2433 et
1224 2399 1315 2449 regum
1337 2399 1369 2434 ac
1390 2391 1530 2448 parentum
1553 2390 1710 2445 nestrorum,
1733 2383 1857 2433 videlicet
1879 2367 1943 2432 De·

305 2470 429 2551 sideni,
452 2484 555 2546 Caroli,
578 2483 727 2534 Ledeuuici
750 2466 857 2553 adque
880 2469 1044 2552 Letharii,
1068 2487 1123 2536 suis
1145 2485 1336 2536 munificenciis
1359 2489 1386 2537 in
1409 2489 1511 2553 prelato
1535 2490 1693 2539 monasterie
1717 2487 1897 2538 contullerunt
1919 2491 1946 2535 et

305 2604 337 2638 ex
360 2589 415 2637 suis
437 2588 516 2638 rebus
538 2586 758 2637 confirmaverant
779 2602 821 2637 res
844 2592 869 2636 et
891 2591 1071 2651 possessiones
1094 2590 1130 2639 ibi
1154 2604 1170 2638 a
1192 2573 1410 2654 principipibusb
1433 2591 1546 2642 ducibus
1569 2593 1729 2657 reliquisque
1751 2590 1874 2640 fidelibus
1892 2588 1945 2639 col-

305 2691 381 2741 latas.
414 2691 498 2741 Cuius
515 2691 692 2755 peticionibus
714 2696 772 2759 per
794 2674 947 2738 dilectam
970 2687 1116 2741 nostram
1140 2677 1348 2761 coniugiemb
1371 2679 1518 2743 faventes
1541 2711 1589 2759 pro
1612 2694 1654 2744 dei
1678 2710 1765 2744 amore
1788 2694 1946 2742 animarum·
1963 2697 1999 2744 ae

305 2811 356 2861 que
384 2802 532 2845 nostransm
561 2793 675 2844 remedio
704 2810 750 2858 per
778 2795 828 2844 hoc
856 2800 944 2843 nostre
972 2793 1181 2844 confirmacionis
1210 2801 1377 2860 preceptum,
1406 2803 1486 2861 prout
1514 2799 1582 2847 iuste
1605 2804 1632 2847 et
1653 2797 1774 2863 legaliter
1796 2810 1945 2860 possumus,

305 2899 489 2949 confirmamus
512 2914 542 2948 ao
564 2899 671 2963 penitus
693 2898 894 2947 corroboramus
918 2899 944 2945 in
967 2897 1085 2960 predicto
1109 2899 1220 2947 cenobio
1244 2899 1341 2948 Christi
1364 2900 1523 2950 contessoris
1546 2900 1683 2950 Benedicti
1712 2900 1800 2949 emnia
1821 2901 1947 2962 precepta

305 3016 485 3066 processeram
514 3005 663 3050 nostrorum
692 3001 879 3063 imperatorum
911 3005 936 3048 et
965 3015 1055 3064 regum
1078 3016 1124 3049 seu
1147 3007 1285 3065 parentum
1308 3007 1471 3065 nestrorum,
1500 3002 1623 3053 videlicet
1645 2985 1821 3067 Desiderii,
1849 2999 1946 3059 Caroli,
2025 3022 2028 3029 ·

306 3105 456 3155 Lodouuici
479 3089 585 3173 adque
600 3087 758 3167 Lotharii,
782 3118 873 3152 verum
892 3104 974 3152 eciam
993 3098 1107 3153 omnes³
1130 3120 1171 3153 res
1194 3112 1220 3154 et
1242 3108 1421 3169 possessiones
1443 3121 1490 3170 per
1512 3088 1654 3155 diversasb
1677 3104 1742 3154 fines
1764 3105 1838 3169 regni
1860 3102 1947 3151 Italici

306 3211 406 3273 positas
435 3224 482 3273 per
511 3207 601 3257 eadem
631 3212 756 3271 precepta
783 3206 825 3256 vel
855 3189 996 3271 quoiibetf
1022 3206 1115 3271 legalis
1143 3208 1220 3257 titulo
1248 3210 1402 3271 scripcienis
1424 3223 1441 3258 a
1462 3210 1627 3273 principibus
1649 3207 1762 3258 ducibus
1785 3206 1946 3271 reliquisque
1964 3210 1997 3257 25

306 3314 428 3364 fidelibus
457 3312 553 3362 ibidem
584 3311 694 3361 collatas
724 3317 784 3358 nec
812 3317 878 3358 non
908 3298 1105 3359 monasteria
1135 3306 1167 3359 ct
1196 3296 1296 3360 cellas
1325 3297 1458 3360 inferius
1481 3299 1679 3361 nominatas:
1715 3296 1946 3359 monasterium

307 3400 465 3486 siquidem
496 3400 600 3463 sancti
629 3396 830 3461 Liberatoris
860 3405 893 3461 ct
920 3397 1036 3461 collam
1067 3401 1170 3462 sancti
1194 3397 1329 3463 Oomicii
1361 3398 1400 3463 de
1427 3402 1500 3484 ipsa
1530 3400 1662 3463 insula*
1691 3421 1764 3463 cum
1796 3395 1946 3463 omnibus

307 3504 433 3567 eclesiis
457 3502 609 3567 subiectis
635 3500 751 3564 sibiet
780 3522 853 3563 cum
884 3499 1033 3564 omnibus
1063 3503 1269 3584 pertinenciis
1301 3501 1352 3565 vel
1381 3502 1578 3566 adiacenciis
1609 3504 1675 3567 suis
1706 3525 1768 3587 que
1797 3501 1948 3565 videntur

307 3630 378 3672 esse
401 3607 434 3669 in
458 3608 612 3670 comitatu
635 3604 772 3668 Teatino
797 3611 829 3665 et
851 3604 884 3666 in
907 3604 1061 3685 Penense,
1085 3607 1317 3669 monasterium
1341 3606 1444 3670 eciam
1469 3607 1572 3669 sancti
1587 3605 1757 3669 Benedicti
1780 3615 1813 3667 ct
1836 3612 1947 3668 sancte

307 3709 487 3773 Scolasticc
512 3717 544 3771 et
566 3715 678 3770 sancte
701 3704 804 3768 Marie
820 3706 851 3769 in
868 3705 1017 3769 Maurine
1042 3713 1074 3770 et
1097 3709 1200 3769 sancti
1225 3706 1358 3770 Martini
1381 3729 1455 3772 cum
1479 3707 1628 3772 omnibus
1652 3707 1778 3772 eclesiis
1802 3716 1834 3770 et
1856 3703 1947 3770 cellis
1965 3728 1999 3777 30

309 3812 369 3875 sibi
395 3811 548 3876 subiectis
571 3819 700 3873 etcum
724 3808 872 3872 omnibus
895 3810 1103 3892 pertinenciis
1126 3809 1177 3872 vel
1201 3808 1400 3874 adiacenciis
1423 3833 1535 3874 eorum
1559 3834 1620 3895 que
1643 3810 1795 3874 videntur
1817 3832 1887 3873 esse
1913 3810 1947 3872 in

309 3918 465 3978 comitatu
488 3914 672 3994 Pennense,
707 3912 827 3976 eclesia
856 3910 980 3975 scilicet
1012 3912 1133 3975 demini
1159 3912 1339 3976 Salvateris
1362 3914 1540 3978 inhonore
1563 3923 1750 3978 constructa
1773 3923 1805 3976 et
1828 3911 1947 3976 eclesia

310 4019 413 4082 sancti
435 4017 626 4082 Terenciani
650 4026 682 4081 et
705 4017 807 4080 sancti
831 4012 948 4095 Angeli
972 4016 1004 4076 in
1027 4015 1176 4078 Bassano
1201 4038 1262 4099 que
1286 4026 1359 4079 sunt
1380 4017 1413 4079 in
1436 4017 1594 4080 comitatu
1617 4016 1838 4102 Aprueienso,
1874 4035 1948 4077 cum

310 4119 459 4183 omnibus
488 4117 614 4182 eclesiis
644 4117 705 4182 sibi
735 4116 889 4180 subiectis
918 4126 950 4180 et
977 4138 1053 4180 cum
1084 4118 1234 4181 omnibus
1267 4119 1475 4203 pertinenciis
1507 4118 1557 4183 vel
1592 4120 1790 4183 adiacenciis
1825 4139 1947 4197 eorum,

310 4221 462 4284 eclesiam
486 4220 610 4284 scilicet
633 4219 735 4283 sancti
756 4217 925 4282 Benedicti
949 4228 981 4282 et
1004 4221 1107 4283 sancti
1129 4218 1278 4303 Gregorii
1302 4229 1334 4283 et
1357 4223 1461 4284 sancti
1478 4222 1654 4286 Uictorinis
1678 4224 1711 4284 in
1730 4219 1864 4284 Cellano
1889 4249 1948 4283 cum
1967 4242 2000 4290 35

311 4340 432 4389 omnibus
454 4339 557 4389 eclesiis
580 4338 629 4387 sibi
652 4337 778 4386 subiectis
800 4341 826 4386 et
849 4353 908 4386 cum
932 4339 1054 4387 omnibus
1077 4340 1246 4402 pertinenciis
1268 4355 1284 4386 s
1307 4338 1348 4388 vol
1371 4339 1531 4389 adiacenciis
1554 4356 1658 4401 eorum,
1685 4353 1739 4387 nna
1766 4354 1826 4387 curn
1856 4339 1949 4386 castris

311 4442 419 4508 capellis
441 4442 527 4493 titulis
549 4441 617 4490 casis
639 4440 715 4488 terris
736 4439 822 4487 vineis
844 4441 943 4503 campis
967 4443 1049 4504 pratis
1072 4443 1178 4505 pascms
1200 4441 1273 4490 silvis
1296 4459 1312 4489 s
1334 4443 1454 4505 piscariis
1479 4443 1636 4492 molendinis
1664 4443 1740 4506 aquis
1769 4455 1949 4507 aquarumque

311 4546 466 4596 decursibus
488 4545 571 4594 servis
593 4542 697 4592 ancillis
719 4541 752 4591 ad
775 4533 952 4605 [prelibatum]
980 4546 1168 4593 monasterium
1197 4546 1388 4607 pertinentibus
1417 4547 1444 4594 in
1472 4537 1635 4610 intelgrum]‚
1665 4545 1762 4594 Christi
1792 4544 1949 4594 contessoris

310 4649 435 4700 videlicet
456 4647 606 4707 Benedicti,
633 4629 708 4711 queb
730 4647 845 4711 pesitum
868 4652 908 4695 est
929 4647 957 4695 in
979 4663 995 4694 s
1018 4646 1122 4695 (iasine.
1159 4646 1303 4696 Statuimus
1332 4649 1440 4712 insuper
1468 4650 1518 4699 hac
1546 4654 1636 4698 nostra
1664 4648 1807 4712 preceptali
1837 4647 1949 4696 auetori-

311 4757 364 4802 tate
393 4751 557 4802 decrevimus
585 4755 628 4811 ut,
658 4751 679 4798 si
705 4749 795 4814 aliqua
815 4750 932 4798 intencio
956 4753 1014 4798 orta
1035 4749 1115 4798 fuerit
1138 4748 1170 4797 de
1193 4749 1272 4798 rebus
1295 4755 1321 4798 et
1343 4751 1449 4800 tanriliis
1472 4736 1645 4819 e[i118]dem
1667 4752 1834 4811 monasterii,
1864 4748 1948 4798 licead
1967 4757 2001 4803 40

312 4855 495 4904 advocatorem
519 4868 595 4902 suum
619 4868 666 4916 per
687 4852 888 4917 inquisicionem
911 4852 1147 4901 circamaneucium
1172 4851 1314 4901 liberorum
1336 4854 1471 4904 homiuum
1494 4856 1544 4905 hec
1567 4853 1675 4904 ‹ietiuire
1694 4860 1720 4903 et
1738 4869 1797 4902 cnm
1813 4851 1948 4902 delinitum

312 4960 405 5021 fuerit,
434 4965 498 5009 tunc
521 4957 624 5007 demum
646 4958 718 5021 ipsas
739 4973 781 5007 res
804 4962 830 5006 et
851 4956 966 5005 familias
988 4972 1050 5021 pars
1072 4957 1182 5021 predicti
1213 4941 1339 5006 cenobii
1368 4962 1459 5006 nostra
1487 4957 1631 5022 preceptali
1660 4958 1817 5007 auctoritate
1847 4954 1949 5005 lrabead

312 5063 398 5128 adque
426 5062 561 5128 possideat
589 5065 645 5112 iure
673 5063 771 5127 quieto.
815 5060 972 5124 Recepimus
1002 5067 1122 5125 preterea
1149 5065 1315 5123 pretaxatum
1345 5062 1531 5110 monasterium
1561 5077 1620 5111 cum
1651 5061 1772 5110 omnibus
1806 5059 1950 5122 pretaxatis

311 5168 477 5216 monasteriis
499 5181 531 5215 ac
549 5165 630 5225 cellis,
652 5149 749 5214 rebus
768 5168 896 5234 quoque
913 5169 952 5211 ac
968 5147 1098 5211 familiis
1121 5163 1219 5213 ibidem
1242 5164 1432 5228 aspicientibus
1454 5179 1509 5214 una
1531 5180 1590 5212 cum
1614 5164 1739 5213 tratribus
1762 5179 1792 5212 ac
1815 5162 1950 5212 monachis

310 5269 408 5319 ibidem
431 5269 480 5319 deo
504 5267 694 5318 famulantibus
717 5268 766 5317 sub
789 5260 902 5316 nostre*
924 5266 1048 5315 tuicionis
1071 5265 1275 5329 mundbordum,
1298 5272 1443 5317 statuentes
1467 5275 1496 5316 ut
1519 5267 1628 5316 abbates
1647 5273 1673 5315 ot
1691 5268 1815 5331 prepositi
1833 5265 1949 5315 eiusdem
1967 5269 2001 5316 45

311 5370 363 5421 loci
384 5372 461 5421 iuxta
482 5372 594 5436 priscam
618 5371 835 5423 consuetudinem
857 5367 891 5417 ad
914 5384 1052 5420 comunem
1074 5369 1215 5420 utilitatem
1237 5371 1348 5420 fratrum
1370 5383 1420 5418 sua
1441 5370 1583 5434 disponant
1605 5370 1704 5434 absque
1720 5370 1833 5419 alicuius
1849 5374 1951 5419 centra·

397 5542 455 5597 ite.
482 5543 591 5664 Qel]
695 5547 721 5613 a)
741 5562 834 5614 augus,
854 5561 918 5605 oms,
936 5545 1014 5607 isula,
1034 5562 1080 5596 nrs
1103 5544 1169 5595 edne
1186 5541 1454 5612 Abletlneepms'cden
1555 5541 1584 5601 b)
1603 5539 1624 5592 A
1730 5546 1754 5604 ο)
1774 5546 1800 5609 gi
1822 5542 1884 5592 liber
1905 5540 1952 5592 der

512 5616 529 5697 Ι·
553 5615 754 5733 'eadgar-eyes
857 5614 883 5679 d)
900 5613 922 5663 A
940 5619 1001 5663 etatt
1019 5613 1143 5698 [cenobii]
1161 5615 1218 5677 siti,
1240 5616 1289 5664 wie
1306 5618 1335 5665 in
1352 5611 1412 5664 DO.
1424 5614 1480 5661 869
1584 5612 1608 5674 e)
1624 5627 1655 5659 ee
1673 5616 1796 5678 septimos
1819 5617 1952 5679 precepta,

483 5698 532 5734 sote
548 5699 577 5732 sa
593 5681 622 5734 D
648 5685 721 5734 .869
823 5683 878 5749 i)u
895 5682 956 5732 ieter
973 5681 1020 5731 der
1037 5682 1107 5734 Ζνιὶο
1122 5681 1316 5749 monestrum.
