4500 6420
1004 461 1128 518 ΟΤΤΟ
1151 462 1174 516 Ι.
1198 456 1270 516 965.
1894 450 1959 516 395

415 645 501 718 pinel
521 663 562 702 aa
581 643 713 713 Grande,
744 645 814 704 aber
835 645 907 703 decl
928 645 993 702 eine
1013 643 1300 716 vernoliensmessiq
1319 647 1391 716 ecte
1413 642 1574 714 Abschrift,
1608 645 1662 702 wie
1684 643 1885 703 instesendere
1906 644 1960 702 der
1987 680 1991 689 ·

422 748 569 822 Verpleielr
590 750 644 806 mit
666 747 734 807 DO.
749 751 816 810 282
837 748 901 807 und
922 747 990 807 DO.
1010 755 1046 804 Η.
1069 750 1113 809 28
1135 748 1218 806 lehrt.

520 933 560 998 In
588 934 719 998 nomine
749 942 863 998 sancte
891 942 923 996 et
949 931 1117 997 individue
1139 933 1302 997 trinitatis.
1348 931 1425 997 Otto
1450 931 1561 996 divina
1582 930 1727 1015 solvente
1749 931 1981 1015 clementia]⁸,

315 1040 493 1123 imperator
521 1045 688 1121 augustus.
792 1034 826 1100 Si
858 1038 980 1100 sanetis
1009 1058 1048 1100 ac
1080 1034 1320 1101 venerabilibus
1349 1034 1430 1099 locis
1460 1034 1619 1102 beneficia
1649 1035 1819 1100 clementie
1848 1043 1958 1098 nostre

281 1143 486 1227 elargimur,
521 1140 634 1227 procul
658 1140 757 1205 dubio
781 1141 941 1225 presentis
965 1150 997 1204 et
1019 1149 1128 1204 eterne
1151 1141 1218 1204 vite
1240 1138 1492 1204 emolumentum
1516 1138 1654 1226 adipisci
1677 1161 1743 1203 non
1769 1137 1957 1203 titubamus.

314 1245 442 1312 Idcirco
467 1246 612 1310 omnium
636 1252 748 1308 sancte
772 1243 824 1308 dei
848 1244 985 1308 ecclesie
1007 1243 1152 1309 fidelium
1174 1252 1424 1326 nostrorumque
1446 1243 1650 1328 presencium
1673 1241 1798 1305 scilicet
1820 1251 1852 1304 et
1873 1241 1957 1305 futu·

313 1371 424 1414 rorum
446 1349 572 1412 noverit
594 1347 805 1426 universitas,
840 1345 978 1431 qualiter
999 1370 1060 1412 nos
1084 1369 1142 1433 pro
1166 1368 1275 1412 amore
1303 1345 1356 1411 dei
1385 1347 1554 1433 sanctique
1576 1346 1727 1411 Mauricii
1750 1347 1903 1431 martyris
1926 1355 1958 1409 et

314 1475 373 1539 pro
396 1451 539 1516 remedie
562 1451 670 1514 anime
697 1459 808 1515 nostre
836 1461 1086 1536 nostrorumque
1107 1460 1280 1535 parentum
1303 1471 1452 1514 necnon
1475 1458 1507 1513 et
1527 1451 1711 1515 interventu
1733 1451 1957 1535 repeticione

313 1552 539 1620 Uuillihelmib
569 1563 680 1618 sancte
702 1553 938 1638 Mogontinae⁰
967 1552 1053 1616 sedis
1075 1552 1272 1618 venerabilis
1295 1550 1532 1638 archiepiscopi
1557 1574 1614 1637 per
1636 1550 1731 1618 huius
1761 1553 1864 1617 nestri
1888 1574 1957 1637 prc-

264 1669 296 1716 10
314 1658 400 1742 cepti
427 1658 583 1742 paginam
613 1665 726 1721 nestra
756 1656 915 1741 imperiali
947 1658 1140 1721 auctoritate
1171 1653 1391 1722 donavimus‘¹
1424 1663 1538 1719 sancto
1569 1655 1729 1720 Mauricio
1758 1656 1892 1739 martyri
1923 1656 1956 1718 in

313 1760 563 1846 Magadeburg⁰
591 1760 673 1825 duas
702 1768 809 1824 curtes
837 1761 915 1824 iuris
944 1761 1034 1844 regni
1063 1761 1183 1841 nostri,
1218 1782 1315 1825 unam
1340 1782 1402 1844 que
1424 1766 1561 1823 vocatur
1584 1756 1689 1823 Calua
1710 1759 1744 1821 in
1766 1779 1852 1842 pago
1876 1757 1958 1822 Nor-

313 1865 538 1950 thuringorum
562 1866 668 1946 sitam,
692 1863 828 1928 alteram
851 1886 913 1949 que
928 1874 1066 1928 vocatur
1080 1860 1255 1949 Rosburg‘
1275 1863 1360 1927 ultra
1384 1860 1496 1926 Salam
1518 1861 1652 1927 fluvium
1676 1863 1799 1925 sitam⁸
1821 1863 1955 1945 inpage

314 1965 517 2050 Sirimuntil,
544 1989 618 2032 cum
643 1967 792 2032 omnibus
815 1967 1019 2052 appendiciis
1042 1977 1110 2032 tam
1133 1968 1167 2031 in
1190 1966 1337 2032 ecclesiis
1361 1988 1459 2053 quam
1481 1967 1515 2028 in
1537 1967 1654 2030 ceteris
1677 1965 1814 2029 edificiis
1836 1967 1957 2028 manci·

313 2071 376 2155 piis
399 2071 493 2134 terris
517 2070 612 2134 cultis
635 2080 668 2134 et
689 2070 819 2134 incultis
842 2071 929 2154 agris
953 2071 1077 2155 eampis
1100 2072 1203 2154 pratis
1225 2072 1357 2156 pascuis
1387 2069 1477 2134 silvis
1504 2071 1599 2155 aquis
1622 2091 1821 2154 aquarumve
1844 2067 1957 2133 decur-

264 2185 295 2234 15
313 2173 403 2238 sibus
425 2173 619 2238 molendinis
633 2174 695 2236 viis
714 2182 747 2237 et
768 2174 864 2237 inviis
887 2171 1030 2237 exitibus
1053 2181 1086 2236 et
1106 2171 1264 2238 reditibus
1288 2175 1422 2258 quesitis
1446 2182 1478 2236 et
1499 2171 1704 2258 inquirendis
1726 2170 1901 2235 mobilibus
1925 2180 1958 2235 et

314 2276 525 2341 inmobilibus
547 2276 645 2341 rebus
669 2276 884 2361 omnibusque
907 2298 1017 2340 eorum
1041 2275 1263 2359 pertinentiisi
1294 2298 1356 2361 que
1379 2275 1444 2339 dici
1467 2274 1518 2339 vel
1541 2276 1702 2339 nominari
1732 2282 1884 2358 possunt,
1913 2296 1955 2338 ex

312 2381 438 2463 integro
469 2388 583 2444 saneto
606 2379 766 2443 Mauricio
796 2380 919 2443 martiri
949 2375 1166 2443 donavimus‘¹
1195 2387 1292 2464 atque
1320 2401 1362 2442 ex
1390 2387 1502 2443 nostro
1531 2380 1600 2442 iure
1626 2387 1658 2442 et
1680 2377 1824 2442 dominio
1848 2379 1882 2440 in
1904 2378 1955 2442 ius

313 2484 416 2546 sancti
439 2482 588 2547 Mauricii
611 2483 764 2566 martyris
788 2490 885 2567 atque
908 2481 1142 2547 venerabilium
1165 2481 1486 2568 archiepiscoporum
1509 2483 1563 2567 qui
1587 2504 1645 2566 pro
1668 2491 1815 2566 tempore
1837 2480 1957 2544 fuerint

234 2584 240 2595 ’
312 2596 455 2652 rectores
478 2585 623 2651 eiusdem
647 2595 759 2650 sancte
782 2585 918 2650 ecclesie
941 2586 1018 2651 almi
1037 2588 1190 2672 martyris
1205 2587 1367 2670 Mauricii,
1391 2586 1546 2672 largimur
1568 2597 1665 2672 atque
1688 2584 1954 2668 transfundimus,

262 2697 295 2745 20
313 2698 349 2754 ut
372 2688 476 2754 eidem
501 2689 706 2753 sanctissimo
730 2686 802 2752 loce
827 2690 1074 2774 inperpetuum
1097 2690 1230 2754 firmiter
1252 2701 1441 2776 permaneat
1464 2693 1609 2757 omnium
1637 2690 1804 2755 hominnm
1827 2699 1955 2754 contra·

313 2791 455 2856 dictione
478 2801 611 2855 remota.
646 2792 690 2855 Et
712 2800 747 2855 ut
768 2791 829 2856 hec
851 2801 961 2856 nostre
983 2793 1187 2857 auctoritatis
1211 2792 1344 2857 donatio
1369 2795 1457 2857 omni
1480 2802 1625 2879 tempore
1648 2792 1741 2856 firma
1764 2791 1955 2877 stabilisque

312 2906 511 2981 permaneat,
535 2896 688 2960 iussimus
710 2894 796 2960 hanc
819 2904 943 2959 cartam
966 2895 1130 2960 conscribi
1154 2895 1339 2982 annuloque
1362 2906 1473 2961 nestro
1493 2895 1627 2982 sigillari
1643 2916 1807 2980 manuque
1823 2896 1955 2980 propria

313 2997 426 3062 subtus
449 2998 658 3062 firmavimus.

415 3135 549 3219 Signum
573 3134 683 3199 domni
707 3135 838 3201 Ottonis
860 3135 952 3217 (M.)¹‘
976 3139 1084 3222 magni
1108 3145 1140 3202 et
1162 3137 1365 3202 invictissimi
1389 3136 1594 3220 imperatoris
1616 3135 1756 3218 augusti.

261 3246 294 3292 2⁶
415 3237 609 3302 Liudolfus¹
634 3238 849 3303 cancellarius
872 3239 1021 3305 advicem
1045 3240 1209 3305 Brunenis
1232 3237 1485 3323 archicapellani
1508 3239 1634 3303 notavit
1656 3247 1689 3301 et
1710 3237 1910 3320 recognovit.

413 3377 502 3441 Data
526 3395 557 3441 v.
581 3376 647 3441 kal.
671 3376 783 3463 aprilis
806 3399 891 3442 anno
915 3377 1077 3443 dominice
1099 3379 1333 3442 incarnationis
1357 3390 1547 3458 nccccnxv,
1571 3375 1747 3439 indictione
1768 3391 1843 3454 v111,
1867 3395 1952 3437 anno

311 3485 402 3567 regni
428 3483 536 3547 domni
562 3479 692 3545 Ottonis
716 3498 800 3562 xxx,
824 3482 951 3566 imperii
974 3502 1051 3546 vero
1074 3499 1145 3562 11113
1169 3489 1278 3545 actum
1301 3480 1334 3542 in
1357 3477 1485 3563 palacio
1510 3476 1738 3562 Ingilneheim3
1761 3475 1898 3540 feliciter
1919 3476 1953 3538 iu

312 3585 396 3650 dei¹¹²
421 3587 552 3650 nomine
575 3606 680 3648 amen.

1088 3824 1175 3896 279.

261 4000 294 4046 se
321 3978 401 4053 Otto
434 3978 573 4052 sobenlrt
605 3978 683 4050 dem
717 3979 908 4076 Neponrir,
946 3978 1110 4051 Vesullen
1141 3978 1200 4051 das
1228 3978 1390 4077 Bisclzofs
1416 3977 1620 4066 Abrabam,
1657 3976 1734 4048 eine
1761 3975 1953 4072 Besitzunp

311 4126 356 4172 zu
382 4099 605 4173 Wistsclmela
1498 4115 1658 4189 Inpeltetm
1680 4117 1742 4175 965
1765 4111 1856 4190 April
1877 4118 1908 4174 3.

417 4307 664 4380 Oriyincldiplem
688 4309 729 4364 im
752 4306 943 4377 Stiftsarclriv
963 4325 1003 4364 au
1026 4307 1168 4364 Iuniclren
1189 4303 1249 4383 (A).

413 4464 506 4522 Resclt
533 4462 625 4521 Aetne
652 4462 761 4520 millen.
786 4464 828 4521 48
856 4478 912 4519 aas
935 4459 963 4518 A
988 4483 1026 4512 =
1051 4459 1213 4519 Simoeetcr
1235 4460 1380 4534 Beytrrtpe
1406 4463 1441 4529 1,
1466 4462 1530 4518 547
1556 4465 1590 4516 η’)
1611 4463 1668 4529 32,
1694 4483 1731 4511 =
1756 4458 1891 4518 Felicetti
1919 4459 1952 4515 in

412 4569 505 4626 Beitr.
529 4584 587 4624 aar
605 4566 715 4623 Konde
733 4565 921 4625 Stetermdrk.
941 4563 1223 4636 Gescbielvtsquellea
1238 4567 1266 4634 5,
1284 4566 1325 4624 98
1342 4565 1419 4636 neq.
1444 4596 1485 4606 -
1510 4563 1595 4620 Zaba
1611 4560 1673 4621 OD.
1691 4562 1949 4635 dentre-Frisium

413 4675 442 4739 1,
466 4675 505 4730 31
530 4674 564 4726 πθ
586 4674 629 4729 33
651 4686 707 4727 cus
729 4667 767 4728 A.
791 4702 834 4710 —
857 4667 984 4740 Stumpf
1002 4668 1074 4740 Ray.
1098 4670 1170 4727 352.

413 4826 604 4884 Genetriobea
625 4842 681 4883 ron
703 4823 769 4882 LE.
793 4823 869 4880 auct
900 4825 993 4880 cinam
1023 4838 1078 4879 eun
1108 4821 1160 4880 der
1187 4820 1390 4880 italieaischen
1420 4820 1546 4880 Kunrlei
1578 4821 1784 4890 becintlussten
1811 4817 1950 4891 Concepte

415 4929 449 5006 (s.
474 4930 568 4988 Strbel
590 4929 685 4987 Beier.
708 4943 766 4984 rur
787 4925 870 4998 Dipl.
895 4929 924 4996 8,
949 4923 1033 5002 162).

414 5115 471 5194 (0.)
496 5113 509 5194 ll
530 5113 569 5178 ln
591 5114 721 5178 nomine
744 5121 856 5195 sancte
880 5122 911 5174 et
934 5109 1122 5175 individuae
1145 5110 1309 5174 trinitatis.
1355 5108 1433 5175 Otto
1458 5109 1568 5174 divina
1590 5119 1752 5176 annuente
1778 5108 1950 5173 clementia

308 5217 485 5301 imperator
515 5227 680 5302 augustus.
783 5215 941 5279 Noverint
970 5235 1081 5277 omnes
1109 5212 1221 5278 fideles
1251 5215 1352 5277 nostri
1384 5223 1571 5299 praesentes
1593 5212 1607 5298 ξ
1629 5212 1753 5277 scilieet
1781 5221 1813 5276 et
1840 5211 1948 5290 futuri,

258 5339 292 5387 40
310 5319 448 5405 qualiter
475 5342 536 5385 nos
565 5343 622 5404 per
650 5321 866 5385 interventum
896 5316 1012 5400 dilectq
1042 5316 1134 5381 ducis
1163 5315 1356 5402 domineque
1384 5315 1490 5400 ludite
1514 5337 1661 5380 necnon
1684 5326 1716 5379 et
1739 5324 1830 5379 oratu
1854 5313 1949 5377 nobis

395 5505 454 5558 278.
482 5507 652 5575 [Laschitzer]
755 5513 780 5559 al
801 5508 890 5556 divina
916 5506 964 5557 fa.
981 5542 1009 5554 ..
1033 5508 1175 5571 imperator
1199 5505 1238 5563 D,
1269 5504 1351 5554 divini
1378 5510 1458 5554 nutus
1485 5503 1651 5569 providentia
1679 5501 1702 5552 L
1727 5502 1794 5567 cens.
1822 5499 1881 5552 DO.
1899 5504 1950 5552 41⁷

480 5579 507 5635 b)
527 5577 561 5638 L,
590 5577 732 5627 L'uillrelmi
753 5576 781 5626 D
883 5579 906 5638 c)
927 5573 962 5636 L,
987 5576 1198 5640 blaguntinensis
1217 5573 1245 5624 D
1348 5574 1375 5634 d)
1393 5572 1429 5632 L,
1453 5573 1582 5623 donamus
1601 5571 1629 5621 D
1732 5576 1757 5632 e)
1776 5571 1812 5633 L,
1841 5571 1949 5637 Magdo-

481 5647 547 5711 lmrg
565 5646 593 5695 D
684 5645 704 5705 f)
722 5645 754 5705 L,
773 5646 910 5712 Roseburg
929 5645 957 5695 D
1042 5642 1070 5709 g)
1091 5642 1121 5705 L,
1140 5644 1219 5692 situm
1237 5642 1266 5692 D
1359 5643 1386 5704 h)
1404 5642 1435 5704 L,
1456 5643 1571 5691 Sinnunt
1589 5640 1617 5690 D
1709 5642 1729 5702 i)
1748 5640 1780 5705 L
1798 5641 1949 5706 pertinenti-

481 5715 530 5763 bus
549 5714 577 5763 D
679 5713 707 5778 l)
719 5712 789 5776 fehlt
809 5715 836 5762 in
853 5712 882 5763 D
982 5712 1002 5778 l)
1021 5711 1058 5773 L,
1077 5711 1243 5776 Lludolphus
1262 5711 1291 5762 D
1393 5713 1428 5774 m)
1448 5710 1488 5773 D,
1508 5710 1607 5761 domini
1625 5710 1657 5759 L.

1686 5813 1745 5878 50*
