4500 6420
242 451 307 517 376
834 461 1289 522 KAISERURKUNDEN.

241 664 306 707 non
331 640 515 727 denegaret.
551 657 670 719 Qiiorum
692 658 866 721 petitionibus
882 658 915 707 ob
932 664 1076 708 amorem
1091 658 1133 708 ‹lei
1149 665 1176 708 et
1190 660 1337 709 reverentia
1359 658 1442 723 ipsius
1459 661 1542 712 saneti
1558 660 1610 709 loci
1625 676 1674 710 nce
1689 676 1744 709 non
1759 666 1786 711 et
1800 659 1888 729 anime

241 766 330 826 nostro
352 765 522 827 aiigmentum
545 760 769 825 stabilitatemque
792 746 918 830 imperii
941 763 1024 811 nostri
1048 760 1217 827 adquiescere
1240 766 1320 827 atque
1341 761 1392 811 hoc
1407 767 1496 828 nostre
1519 764 1684 812 auctoritatis
1699 765 1779 813 immo
1795 763 1887 815 confir·
1913 762 1916 767 ’

240 867 364 916 matianis
386 872 539 930 preceptum
561 866 633 914 eirca
653 865 741 929 ipsum
764 859 913 915 sanctum
934 866 1023 915 locum
1038 864 1094 916 fieri
1109 866 1196 925 libuit,
1220 883 1266 931 per
1281 864 1353 931 quod
1375 867 1497 916 iubemus
1520 871 1599 931 atque
1622 849 1826 916 decernimus
1850 872 1887 929 ut,

240 970 310 1026 sicut
323 985 489 1034 precessores
504 970 587 1019 nostri
602 970 629 1018 in
646 970 704 1033 ipsa
718 953 858 1018 eeclesia
874 969 1103 1032 confirmaverunt,
1127 972 1164 1020 ita
1179 976 1270 1021 nostra
1285 972 1442 1021 anctmitate
1458 976 1563 1020 maneat
1578 971 1740 1034 roboratum,
1763 971 1888 1022 videlicet

242 1089 333 1123 omncs
347 1090 390 1124 res
406 1073 448 1123 vel
471 1066 639 1137 1111111111111ο
662 1071 781 1121 aldiones
803 1071 845 1122 vel
869 1072 989 1123 aldianas
1011 1074 1155 1124 cartulatos
1177 1074 1220 1125 vel
1243 1074 1350 1125 offertos
1371 1092 1388 1123 1
1410 1081 1448 1137 ut,
1471 1075 1693 1141 quemadmodum
1715 1075 1750 1125 ad
1773 1075 1922 1129 eundemb

242 1170 391 1227 sanetum
414 1160 522 1227 locum
543 1160 596 1225 vel
619 1160 791 1225 ecelesiam
813 1159 908 1244 beate
925 1159 1045 1245 Seniue
1068 1160 1196 1245 legibus
1219 1171 1435 1246 pervenerunt
1450 1173 1483 1226 et
1497 1162 1698 1247 temporibus
1722 1162 1888 1249 quondam

242 1264 397 1329 Liudnini
422 1275 454 1354 et
475 1264 636 1329 Honorati
669 1272 767 1349 atque
789 1262 954 1328 Landuini
976 1263 1218 1329 venerabilibus
1241 1266 1428 1350 1111111111ο
1453 1296 1574 1347 possesse
1596 1281 1716 1343 norunt,
1750 1296 1797 1346 por
1819 1282 1888 1331 inno

239 1389 327 1448 nostre
357 1381 563 1432 confirmationis
586 1383 771 1431 alletoritatem
794 1384 891 1431 nostris
913 1381 1062 1447 futurisque
1085 1384 1248 1448 temporibus
1270 1378 1413 1433 rectores
1436 1385 1520 1454 ipsius
1542 1385 1594 1434 loci
1616 1384 1725 1435 firmiter
1747 1394 1827 1450 atque
1848 1387 1887 1435 in·

239 1487 400 1537 violabiliter
422 1492 530 1537 teneant
552 1492 631 1551 atque
653 1485 806 1551 possideant
830 1485 1037 1552 disponantque,
1066 1493 1146 1552 prout
1168 1487 1281 1537 facultas
1303 1487 1346 1537 vel
1367 1488 1470 1537 utilitas
1492 1489 1575 1553 ipsius
1597 1488 1650 1539 loci
1673 1488 1826 1551 dictaverit,
1849 1490 1888 1538 ita
1909 1525 1911 1529 -

239 1598 269 1641 ut
291 1591 380 1641 nullus
409 1591 489 1641 iudex
513 1592 636 1656 publicus
657 1607 743 1657 neque
766 1591 891 1656 quislibet
914 1606 945 1639 ex
968 1562 1098 1640 iudicaria
1119 1595 1250 1655 potestate
1274 1592 1301 1640 in
1323 1575 1479 1640 ecelesias
1504 1598 1551 1641 aut
1572 1592 1650 1642 villas
1672 1592 1715 1642 vel
1738 1607 1816 1658 agros
1839 1609 1886 1642 seu
1906 1597 1939 1647 10

239 1693 299 1745 loca
326 1697 382 1745 sive
410 1694 526 1760 reliquas
554 1696 733 1759 possessiones
762 1709 828 1759 quas
856 1693 981 1743 moderno
1004 1698 1122 1758 tempore
1145 1696 1173 1742 in
1195 1694 1360 1759 quibuslibet
1381 1698 1457 1761 pagis
1480 1701 1507 1745 et
1528 1696 1667 1746 territoriis
1689 1695 1760 1745 infra
1782 1696 1887 1746 dicione

238 1785 366 1869 imperii
390 1801 472 1850 nostri
496 1801 565 1849 iusto
581 1805 607 1848 et
622 1799 742 1865 legaliter
764 1798 882 1862 possidet
903 1799 945 1849 vel
969 1799 1095 1864 quicquid
1118 1801 1197 1849 etiam
1221 1800 1345 1865 deinceps
1363 1802 1390 1850 in
1405 1802 1462 1850 iure
1485 1802 1569 1865 ipsius
1593 1788 1696 1850 81111611
1720 1801 1773 1851 1111
1795 1801 1888 1851 divina

240 1906 325 1970 pietas
352 1905 468 1955 voluerit
489 1908 596 1971 atigeri,
626 1905 660 1954 ad
683 1919 777 1954 sarisas
800 1902 944 1954 aiicliendas
967 1905 1008 1954 vel
1032 1904 1107 1954 freda
1129 1911 1175 1955 aut
1197 1906 1299 1955 tributa
1321 1904 1451 1970 exigenda
1473 1911 1521 1954 ant
1542 1907 1692 1956 mansiones
1715 1905 1757 1955 vel
1779 1911 1887 1970 paratas

241 2009 375 2059 faciendas
391 2025 438 2059 seu
454 2008 622 2059 fideiussores
637 2008 768 2059 tollendos
784 2013 831 2058 aut
845 2008 964 2058 homines
979 2009 1063 2072 ipsius
1086 1991 1244 2057 6661611116
1269 2014 1322 2058 tam
1341 2008 1439 2058 liberos
1455 2024 1535 2073 qumn
1549 2024 1640 2060 servos
1661 1992 1714 2056 vel
1738 1992 1886 2058 aldiones

239 2130 286 2165 sen
302 2114 446 2165 cartulatos
462 2115 504 2164 vel
521 2114 783 2166 offertosneenon
799 2114 884 2179 etqui
901 2129 981 2178 supra
1003 2118 1099 2163 terram
1122 2114 1207 2177 ipsius
1230 2096 1389 2162 ecelesiae
1412 2107 1584 2162 1111111111111·ο
1605 2111 1758 2162 nullatenus
1780 2112 1885 2162 distrin·
1907 2121 1937 2170 15

238 2217 338 2284 gendos
367 2233 415 2267 nec
444 2217 512 2267 ullas
535 2218 706 2267 redibitiones
729 2222 776 2266 aut
798 2216 913 2266 inlicitas
936 2217 1089 2265 occasiones
1112 2215 1282 2280 requirendas
1305 2217 1402 2265 nostris
1425 2216 1573 2282 futurisque
1596 2217 1760 2282 temporibus
1783 2215 1886 2281 ingredi

239 2323 337 2373 audeat
356 2339 405 2374 nee
425 2338 457 2373 ea
474 2339 526 2389 quq
549 2325 670 2388 superius
693 2327 837 2373 memorata
858 2326 921 2370 sunt
942 2321 1048 2384 penitus
1071 2322 1176 2385 exigere
1199 2325 1340 2384 presumat,
1363 2319 1409 2370 sed
1431 2319 1512 2370 liceat
1533 2324 1681 2385 presentem
1696 2304 1886 2369 Aiberieum

238 2426 416 2476 venerabilem
446 2411 637 2495 episcopum
663 2427 772 2490 eiusque
794 2440 959 2475 successores
982 2440 1036 2474 una
1058 2440 1117 2474 cum
1141 2425 1346 2490 congregatione
1367 2423 1466 2474 ibidem
1489 2423 1538 2473 deo
1562 2424 1701 2475 famulanti
1724 2425 1773 2474 sub
1797 2428 1885 2490 nostre

238 2529 403 2580 inmunitatis
426 2529 578 2581 defensione
600 2529 690 2593 ‹qiiieto
713 2527 805 2578 ordine
827 2529 916 2578 vivere
932 2542 962 2577 ac.
978 2527 1091 2577 residere
1107 2544 1138 2589 ii,
1161 2532 1187 2577 ot
1202 2526 1328 2592 quiequid
1351 2526 1431 2577 fiscus
1447 2542 1479 2576 ex
1495 2527 1552 2576 iure
1575 2527 1627 2576 iam
1651 2527 1704 2576 t'ate
1726 2511 1886 2576 eeclesiae

238 2647 300 2697 pars
321 2632 430 2696 publiea
452 2647 557 2696 sperare
579 2636 697 2696 poterat,
725 2646 772 2694 pro
795 2629 914 2680 mercede
938 2631 1024 2695 anime
1046 2637 1134 2695 nostre,¹
1157 2631 1185 2678 111
1205 2629 1382 2680 luminaribus
1405 2631 1488 2694 ipsius
1511 2616 1614 2679 saneti
1638 2613 1702 2679 loci
1725 2646 1772 2695 per
1794 2631 1937 2683 1111111120

240 2743 358 2801 tempora
379 2742 470 2786 nostra
492 2739 597 2784 maneat
619 2735 777 2784 anctoritate
800 2750 962 2784 eoncessum.
997 2734 1054 2783 Nee
1075 2720 1183 2783 minus
1206 2735 1317 2784 etiamn
1332 2735 1409 2785 nobis
1425 2734 1486 2784 addi
1510 2739 1589 2799 atque
1612 2733 1761 2785 confirmari
1783 2734 1886 2798 placuit

238 2847 269 2891 nt
284 2857 316 2890 ex
332 2841 454 2891 omnibus
469 2840 549 2890 rebus
561 2839 603 2889 vel
619 2839 757 2903 mancipiis
773 2853 805 2887 ex
820 2839 878 2902 ipso
895 2821 1061 2906 episcopio
1079 2838 1272 2901 pertinentibus
1288 2836 1425 2886 cartulatis
1437 2836 1483 2886 vel
1498 2836 1597 2887 offertis
1614 2843 1671 2885 seu
1688 2819 1883 2902 aldionibtm,

239 2944 401 3010 ubicumque
423 2958 483 3008 pars
506 2939 538 2991 et
560 2934 705 3012 potestas
729 2941 813 3005 ipsius
835 2924 993 2989 eeclesiae
1012 2939 1121 3003 elegerit
1143 2947 1222 3005 atque
1245 2941 1441 3003 adclamaverit,
1463 2956 1480 2991 a
1501 2941 1628 2990 ministris
1650 2940 1692 2991 vel
1716 2941 1885 2991 exactoribus

210 3021 211 3025 Ἰ
238 3048 353 3112 publicis
382 3063 428 3112 per
450 3064 466 3094 a
488 3047 695 3096 circamanentes
724 3051 803 3108 atque
832 3046 1005 3094 consistentes
1034 3028 1119 3093 bone
1147 3027 1224 3093 fidei
1247 3045 1366 3094 homines
1389 3061 1455 3110 qnos
1478 3046 1537 3109 ipsa
1559 3051 1636 3114 pars
1659 3029 1884 3093 ecelesiastica

239 3137 533 3221 cognominaverit,
570 3133 629 3199 sub
660 3141 864 3198 sacramento
895 3149 1031 3213 inquisitio
1061 3146 1121 3210 fini,
1152 3148 1265 3213 qualitor
1287 3143 1323 3198 nt
1346 3155 1371 3199 ot
1394 3149 1431 3199 roi
1454 3152 1551 3199 corion
1575 3149 1680 3199 iooiiins
1701 3135 1885 3197 inveniatur
1902 3153 1936 3203 ao

239 3250 271 3304 et
293 3250 438 3324 potestas
467 3241 569 3324 ipsius
598 3237 757 3302 eeclesiae
787 3266 860 3300 ouon
890 3253 972 3301 oioiuo
1000 3251 1089 3302 valeat
1111 3254 1237 3317 consequi
1261 3254 1398 3302 iustitiam.
1436 3237 1519 3302 Item
1541 3239 1640 3302 etiam
1663 3239 1885 3302 concessimus

240 3344 345 3408 eidem
373 3341 553 3408 venerabili
584 3343 738 3426 episeopo
763 3338 916 3404 Alberico
948 3341 1078 3425 suisque
1108 3340 1352 3406 suecessoribus
1381 3342 1617 3406 monasterium
1640 3343 1743 3406 saneti
1767 3340 1884 3425 Angeli

240 3448 336 3511 situm
360 3468 459 3531 supra
481 3445 616 3509 fluvium
639 3442 802 3528 Sangrum
823 3444 857 3506 in
880 3443 953 3508 loeo
978 3445 1032 3529 qui
1056 3442 1175 3508 dicitur
1197 3443 1370 3528 Barregio,
1399 3467 1473 3508 cum
1497 3444 1636 3509 eeclesia
1658 3444 1745 3509 beati
1768 3444 1883 3508 Eutitii

146 3618 150 3625 ,
238 3549 271 3612 in
293 3549 367 3613 loco
392 3549 446 3635 qui
469 3545 587 3611 dieitur
609 3543 777 3628 Arestina,
809 3568 881 3611 cum
911 3545 1062 3610 omnibus
1085 3546 1287 3631 pertinentiis
1312 3570 1373 3633 quq
1398 3546 1462 3612 dici
1485 3557 1543 3612 aut
1563 3549 1723 3612 nominari
1747 3555 1884 3631 possunt

238 3651 282 3715 ad
308 3652 446 3716 eundem
474 3651 707 3714 monasterium
735 3652 839 3714 sancti
864 3648 981 3734 Angeli
1011 3651 1093 3714 iuste
1116 3658 1149 3713 et
1170 3648 1319 3733 legaliter
1341 3651 1576 3735 pertinentibus
1600 3653 1632 3715 in
1655 3660 1724 3715 tote
1747 3651 1883 3735 imperio
1902 3670 1936 3717 30

238 3755 532 3840 Longobardorum
555 3764 588 3819 et
608 3755 839 3837 Romanorum,
869 3778 943 3820 cuni
966 3756 1059 3820 terris
1083 3764 1114 3820 et
1136 3756 1239 3819 vineis
1262 3757 1388 3840 eampis
1410 3765 1442 3819 et
1466 3755 1556 3820 silvis
1580 3755 1676 3820 cultis
1700 3765 1732 3818 et
1754 3754 1883 3820 incultis

238 3858 414 3923 mobilibus
437 3868 469 3921 et
491 3856 701 3922 inmobilibus
724 3860 757 3923 in
780 3860 956 3942 integrum,
981 3881 1053 3923 cum
1078 3856 1228 3922 omnibus
1250 3857 1368 3922 finibus
1393 3860 1459 3923 suis
1482 3858 1688 3940 habentibus,
1711 3860 1883 3944 ipsumque

240 3962 470 4025 monasterium
493 3961 664 4025 incudem
693 3962 859 4045 episcopio
890 3970 1023 4026 sanctae
1046 3961 1167 4044 Saninq
1197 3960 1378 4026 subiectum
1409 3973 1612 4047 permaneat,
1648 3963 1693 4026 ita
1716 3971 1825 4026 tamen
1848 3971 1884 4025 ut

239 4064 280 4127 ab
303 4064 461 4129 hodierna
484 4063 537 4128 die
560 4086 599 4128 ae
622 4065 775 4150 deinceps
803 4063 969 4150 predictus
991 4063 1185 4129 venerabilis
1209 4066 1383 4149 episcopus
1406 4064 1579 4129 Albericus
1603 4066 1736 4151 eiusque
1759 4087 1884 4130 sucees-

239 4190 330 4232 sores
359 4170 506 4253 episcopi
530 4168 667 4233 eundem
690 4170 921 4234 monasterium
945 4190 1004 4253 pro
1027 4166 1170 4232 remedio
1194 4169 1301 4252 anime
1324 4178 1433 4253 nostre
1455 4171 1576 4233 nostris
1599 4169 1780 4255 futurisque
1804 4176 1882 4231 tcm-
1901 4186 1934 4233 ai

238 4272 373 4357 poribus
403 4271 527 4357 absque
550 4271 647 4336 ullius
670 4272 928 4337 contradictione
951 4271 1003 4336 vel
1026 4272 1255 4336 contrarietate
1278 4271 1510 4357 perpetualiter
1532 4281 1665 4335 teneant
1686 4280 1784 4358 atque
1808 4292 1883 4355 pos·

238 4375 374 4440 uideant.
413 4392 579 4455 Quicumque
608 4396 696 4440 antem
724 4391 851 4441 adversus
879 4391 947 4440 hanc
976 4397 1092 4441 nostram
1120 4389 1282 4454 imperialem
1311 4391 1503 4441 institutionem
1532 4393 1570 4441 irs
1593 4392 1761 4455 temptaverit
1783 4395 1830 4439 aut
1852 4404 1884 4440 ea

237 4510 288 4560 que
309 4509 390 4558 supra
404 4501 548 4544 memorata
562 4492 604 4543 vel
620 4494 809 4558 comprehensa
830 4500 892 4543 suut
913 4496 1019 4545 minimo
1043 4495 1192 4555 observare,
1214 4494 1279 4559 quin
1301 4494 1413 4544 sortasse
1437 4495 1537 4544 violare
1560 4500 1606 4543 aut
1628 4496 1778 4559 inrumpere
1801 4501 1882 4558 temp·

238 4601 348 4661 raverit,
382 4600 449 4649 sciat
471 4615 499 4649 so
520 4614 607 4663 poena
629 4598 808 4662 perfruiturum
836 4583 1018 4648 rectoribus
1048 4592 1181 4646 sanetae
1206 4580 1326 4666 Sauine
1355 4585 1496 4647 martiris
1525 4582 1683 4647 ecelesiae
1712 4599 1882 4648 emunitatem

238 4709 354 4753 iiostram
382 4719 462 4769 quam
484 4704 511 4752 in
534 4704 657 4754 omnibns
686 4705 871 4753 constituimus
900 4704 1032 4766 eeclesiis,
1067 4703 1168 4752 scilicet
1192 4709 1252 4749 m
1274 4702 1356 4752 libras
1383 4689 1520 4771 argenti.
1558 4703 1721 4766 Precipimus
1750 4703 1830 4752 etiam
1852 4708 1882 4751 111
1899 4703 1933 4750 iu

237 4808 397 4873 ubicumque
424 4812 556 4872 repertum
584 4807 665 4857 fuerit
687 4823 719 4857 ex
741 4809 820 4858 rebus
846 4793 949 4877 ipsius
979 4790 1138 4856 eeclesiae
1168 4806 1284 4855 inlicitas
1313 4811 1392 4870 atque
1422 4804 1580 4870 dampnosas
1609 4821 1656 4854 scu
1684 4804 1792 4854 inutiles
1821 4820 1882 4854 con-

238 4913 394 4976 scriptiones
427 4912 468 4961 111
502 4913 721 4961 conmutationes
757 4897 862 4961 factas
900 4917 988 4976 esse,
1026 4904 1062 4958 ut
1092 4894 1270 4959 secundum
1307 4893 1488 4979 capitulare
1525 4895 1743 4958 antecessoris
1779 4894 1882 4958 nostri

239 4999 413 5064 Hiodouiei
443 5008 555 5064 nostra
582 5001 778 5064 auctoritate
807 5019 968 5063 evacuentur
991 5019 1018 5063 et
1039 5013 1073 5062 ad
1095 5014 1137 5062 ins
1159 5013 1201 5063 vel
1224 5019 1381 5078 potestatem
1408 5014 1492 5078 ipsius
1521 4997 1679 5062 eeclesiae
1702 5013 1882 5061 restituantur.

238 5118 275 5166 Ut
296 5124 384 5167 autom
407 5119 473 5167 liaeo
495 5123 585 5168 nostra
606 5118 750 5183 imperialis
772 5119 906 5182 preceptio
929 5133 976 5181 per
999 5117 1090 5167 sutura
1110 5122 1230 5182 tempora
1252 5116 1393 5167 firmiorem
1416 5118 1534 5167 obtineat
1557 5120 1683 5182 vigorem,
1706 5132 1786 5166 manu
1808 5123 1881 5186 pro·

238 5208 310 5290 pria
332 5223 422 5272 subter
445 5220 606 5272 firmavimus
628 5227 655 5273 et
676 5222 709 5272 do
732 5222 812 5271 anulo
835 5227 924 5271 nostro
948 5220 1059 5286 sigillari
1082 5222 1214 5272 iussimus.
1899 5230 1933 5277 to

339 5343 354 5424 11
376 5345 511 5429 Signum
534 5345 643 5409 domni
668 5343 799 5410 Ottonis
821 5345 930 5427 magni
954 5352 987 5408 et
1008 5344 1215 5408 invictissimi
1239 5343 1331 5426 (tt.)<l
1353 5346 1558 5430 imperatoris
1581 5345 1721 5429 augusti.
1744 5344 1758 5426 }{

339 5445 538 5528 1111111111
567 5448 781 5514 cancellarius
811 5447 960 5513 advicem
981 5445 1143 5512 Uuidonis
1172 5448 1318 5533 episcopi
1341 5456 1374 5512 11
1396 5446 1675 5512 archicancellarii
1704 5445 1880 5528 recognovi

239 5557 271 5612 et
293 5548 482 5636 subscripsi.
505 5550 519 5632 ξ

324 5737 383 5794 213.
409 5742 437 5807 e)
454 5740 478 5791 A
581 5743 610 5805 d)
627 5742 677 5793 dar
693 5742 830 5794 Haridmal
846 5742 922 5794 dorbi
939 5743 985 5793 des
1001 5740 1293 5809 Vollaeiebuapsrtricbee.
