4500 6420
928 429 1054 487 OT'l'O
1076 430 1100 486 1.
1124 427 1196 486 970.
1823 423 1890 489 533

347 616 401 675 dus
423 633 479 674 ron
501 616 565 674 dem
589 616 663 674 Abte
683 616 869 674 sorbereitetc
890 615 1017 687 Prdrept
1040 616 1081 672 im
1104 614 1136 673 J.
1160 618 1222 674 970
1249 615 1396 687 aullsoqea
1426 615 1541 673 mordes
1570 616 1608 673 ist
1636 613 1707 672 oder
1735 616 1822 672 aielrt.
1847 649 1889 656 —

350 721 443 780 Ueher
464 720 512 778 die
533 719 737 790 aristotelicae
758 719 912 791 Dotinmq
934 735 958 777 s.
983 717 1078 777 Strbel
1100 718 1194 777 Beitr.
1217 736 1274 776 eur
1295 718 1380 790 Dipl.
1405 720 1434 787 8,
1460 723 1532 777 170¹.

350 925 408 1003 (C.)
437 923 451 1007 3
479 922 517 986 In
540 923 672 986 nomine
695 932 806 1005 sancte
830 931 862 985 et
884 920 1072 987 individuae
1100 922 1264 985 trinitatis.
1310 919 1388 986 Otto
1419 920 1529 985 divina
1557 921 1688 984 latente
1717 920 1889 985 clementia

246 1028 421 1111 imperator
436 1033 658 1107 augustustus.
672 1035 685 1062 ²
770 1024 892 1089 Notum
907 1046 979 1088 esse
994 1024 1145 1089 volumus
1168 1033 1235 1088 tam
1259 1025 1463 1108 presentibus
1487 1048 1584 1110 quam
1607 1037 1639 1089 et
1661 1025 1787 1106 futuris,
1812 1049 1888 1110 qua·

210 1148 226 1193 s
244 1129 317 1193 liter
333 1127 528 1193 venerabilis
547 1127 650 1191 abbas
669 1126 868 1191 Thietfridus
887 1127 928 1191 de
950 1131 964 1212 3
985 1126 1144 1192 coenobio
1169 1130 1274 1192 sancti
1297 1128 1470 1193 Maximini
1494 1129 1581 1214 quod
1605 1140 1654 1192 est
1676 1131 1710 1193 in
1734 1128 1888 1194 suburbio

244 1234 437 1298 Treuericae
466 1232 608 1295 civitatis
637 1239 860 1294 constructum
892 1233 924 1295 iu
953 1231 1075 1296 honore
1107 1233 1211 1295 sancti
1241 1230 1396 1297 iohannis
1419 1232 1632 1315 evangeliste,
1663 1243 1808 1298 nostram
1831 1234 1889 1297 im-

245 1335 399 1420 perialem
414 1333 569 1398 Rauenna
592 1332 673 1396 adiit
695 1332 923 1396 excellentiam
945 1355 1147 1418 conquerens
1171 1333 1212 1397 ob
1237 1332 1471 1398 advocatorum
1493 1336 1652 1399 incuriam
1676 1358 1710 1399 se
1733 1358 1889 1421 suamque

246 1436 401 1502 familiam
425 1435 586 1520 permulta
608 1437 675 1520 pati
700 1435 917 1500 incommoda.
962 1436 1067 1519 Igitur
1095 1438 1249 1520 quoniam
1277 1437 1363 1501 idem
1392 1436 1484 1501 locus
1514 1436 1574 1501 sub
1603 1438 1833 1502 mundiburdio
1857 1447 1890 1501 et

245 1539 420 1604 advocatia
443 1549 686 1602 antecessorum
709 1547 910 1619 nostrorum,
939 1541 1172 1623 imperatorum
1195 1537 1347 1603 videlicet
1370 1541 1439 1603 sive
1461 1559 1590 1622 regum,
1622 1562 1749 1624 semper
1771 1543 1889 1605 eonsti-

195 1658 226 1706 10
244 1654 332 1709 tutus
362 1652 445 1722 erat,
481 1664 538 1727 per
567 1643 783 1707 interventum
815 1641 931 1706 dilecte
961 1643 1110 1725 coniugis
1139 1652 1269 1706 nostrae
1303 1643 1519 1727 imperatricis
1548 1641 1738 1707 Adheleidis
1767 1642 1889 1728 filiique

244 1748 345 1811 nostri
370 1746 565 1809 serenissimi
588 1746 718 1828 augusti
742 1746 912 1829 aequivoci
930 1742 1059 1808 Ottonis
1083 1765 1143 1807 uec
1165 1754 1230 1807 nea
1253 1744 1403 1809 Annouis
1420 1744 1720 1808 Uuormatienssisl
1743 1746 1889 1830 episcopi

245 1860 277 1914 et
304 1848 435 1914 Pertolfi
465 1849 592 1914 comitis
621 1847 823 1912 decrevimus
853 1857 984 1912 nostrae
1014 1847 1216 1911 auctoritatis
1246 1856 1417 1932 precepto,
1448 1856 1483 1911 ut
1510 1847 1597 1912 idem
1626 1845 1729 1911 abbas
1757 1848 1889 1932 eiusque

246 1975 451 2018 successores
481 1952 673 2016 advocatias
703 1951 846 2016 habeant
875 1949 992 2035 quibus
1015 1948 1116 2013 velint
1139 1948 1237 2014 dandi
1263 1951 1442 2035 quibusque
1467 1950 1566 2014 velint
1588 1950 1724 2015 tollendi
1749 1960 1889 2035 potesta-

246 2066 320 2120 tem.
367 2054 583 2120 Concedimus
607 2077 734 2140 quoque
757 2057 859 2138 ipsius
883 2052 1021 2136 predicti
1045 2053 1241 2117 confessoris
1265 2052 1386 2117 Christi
1416 2053 1558 2117 lamiliae
1587 2055 1620 2116 in
1644 2054 1790 2139 predicta
1814 2055 1889 2117 'lhe-

197 2172 227 2219 15
245 2160 388 2223 uirorum
414 2158 495 2223 urbe
524 2159 660 2243 aliisque
688 2158 814 2243 imperii
841 2158 943 2221 nostri
974 2156 1161 2221 civitatibus
1184 2156 1236 2220 vel
1266 2156 1456 2240 prefecturis
1482 2156 1658 2237 habitanti,
1694 2168 1729 2221 ut
1752 2178 1791 2220 ea
1814 2179 1889 2221 con-

246 2262 367 2326 ditione
391 2284 455 2348 qua
478 2272 509 2325 et
531 2271 644 2326 nostra
671 2260 849 2346 imperialis
876 2260 1002 2324 familia
1031 2258 1152 2323 habeat
1179 2258 1357 2339 licentiam,
1393 2280 1490 2344 quam
1520 2268 1552 2322 et
1581 2281 1708 2343 semper
1736 2258 1889 2341 habebat,

246 2364 387 2428 intrandi
416 2373 448 2428 et
475 2362 616 2428 exeundi
645 2361 806 2426 vendendi
838 2372 869 2425 et
898 2361 1026 2426 emendi
1057 2360 1213 2446 pascendi
1246 2372 1278 2424 et
1312 2360 1517 2445 adaquandi,
1553 2360 1692 2446 prediab
1725 2360 1890 2443 regalibus

246 2467 376 2531 familiis
401 2477 511 2530 mutuo
536 2465 635 2529 dandi
658 2476 690 2528 et
712 2465 754 2529 ab
778 2466 859 2549 ipsis
883 2464 1065 2549 accipiendi
1090 2473 1201 2528 mutuo
1226 2473 1258 2527 et
1281 2485 1342 2529 nec
1365 2466 1594 2550 episcoporum
1616 2463 1814 2542 autducum
1838 2486 1891 2528 co-

246 2573 400 2634 mitumve
429 2580 485 2633 aut
514 2568 652 2632 alicuius
681 2566 849 2650 iudiciarie
879 2569 1050 2650 potestatis
1079 2567 1236 2652 placitum
1267 2566 1462 2648 adtendant,
1497 2569 1558 2632 nisi
1584 2567 1684 2631 solius
1708 2567 1837 2631 abbatis
1860 2577 1892 2632 et

195 2676 228 2722 '20
247 2672 480 2737 advocatorum
504 2693 585 2756 quos
608 2674 679 2756 ipse
702 2670 834 2753 elegerit
857 2680 888 2733 et
911 2673 1124 2735 constituerit.
1169 2669 1365 2735 Addidimus
1388 2672 1487 2735 ctiam
1511 2671 1688 2735 secundum
1720 2669 1891 2755 privilegia

248 2785 490 2840 antecessorum
519 2784 703 2839 nostrorum
732 2783 782 2854 ut,
812 2771 1007 2858 ubicumque
1034 2795 1136 2837 naves
1163 2771 1396 2837 monachorum
1422 2773 1482 2838 deo
1506 2775 1540 2836 in
1563 2772 1708 2858 predicto
1732 2772 1806 2837 loco
1830 2771 1889 2836 sub

247 2879 359 2962 regula
382 2879 486 2942 saneti
510 2876 679 2942 Benedicti
704 2876 912 2940 militantium
935 2875 986 2939 vel
1009 2874 1156 2939 homines
1180 2897 1289 2939 eorum
1314 2877 1534 2961 pervenerint,
1558 2874 1665 2939 nullus
1688 2875 1730 2940 ab
1754 2876 1800 2937 eis
1824 2873 1890 2937 the-

246 2983 375 3047 loneum
398 2985 529 3065 exigere
551 2981 680 3046 audeat.
726 2981 768 3044 Et
792 2982 946 3065 quoniam
970 2988 1156 3044 sanctorum
1179 2979 1322 3043 familiae
1345 2981 1443 3062 regiis
1467 2978 1654 3043 civitatibus
1678 2977 1729 3041 vol
1760 2977 1890 3062 palatiis

247 3086 421 3151 adiunctae
443 3086 607 3169 regalibus
631 3085 832 3169 aliorumque
855 3092 1024 3167 potentum
1045 3082 1208 3147 interdum
1228 3083 1454 3168 opprimuntur
1470 3081 1633 3165 operibus,
1658 3079 1774 3144 eadem
1790 3101 1891 3164 opera

197 3201 229 3248 25
249 3191 460 3275 suprascripti
485 3189 682 3254 confessoris
705 3185 825 3251 Christi
848 3185 991 3249 familiae
1014 3208 1073 3271 pro
1097 3187 1224 3249 animae
1247 3194 1378 3250 nostrae
1401 3185 1544 3249 remedio
1568 3183 1798 3269 perpetualiter
1821 3205 1890 3268 pcr-

247 3294 451 3359 donavimus.
496 3293 539 3356 Et
573 3301 609 3356 ut
641 3291 748 3355 haeca
780 3298 911 3354 nostrae
945 3289 1173 3353 auctoritatis⁰
1207 3297 1396 3374 preceptum
1431 3285 1684 3351 inconvulsumd
1714 3296 1746 3350 et
1775 3284 1891 3350 stabile

247 3405 444 3480 permaneat,
469 3404 594 3458 cartam
616 3392 702 3458 hanc
726 3390 887 3457 conscribi
912 3401 943 3455 et
966 3391 1054 3455 anuli
1077 3392 1180 3456 nostri
1205 3392 1418 3477 impressione
1442 3392 1561 3475 signari
1584 3392 1747 3455 iussimus.

349 3553 362 3633 3
385 3550 520 3633 Signum
543 3548 653 3613 domui
677 3557 708 3612 et
730 3546 933 3611 invictissimi
957 3547 1161 3631 imperatoris
1184 3546 1313 3629 augusti
1338 3543 1469 3609 Ottonis
1492 3574 1504 3599 a
1529 3535 1594 3624 (M.)

349 3673 363 3753 ἐξ
384 3669 579 3753 Liudigerus
595 3667 809 3732 cancellarius
826 3666 975 3731 advioem
989 3665 1168 3730 Ruodherti
1184 3664 1476 3750 archicappalani¹¹
1494 3665 1617 3729 notavi.
1635 3666 1649 3747 3
1810 3666 1892 3744 (SR.)

197 3851 230 3897 30
350 3824 438 3888 llata
454 3843 516 3888 1111.
533 3824 599 3888 kal.
616 3824 733 3909 april.⁰
756 3846 842 3887 anno
861 3823 1021 3889 dominice
1036 3823 1270 3887 incarnationis
1293 3836 1485 3901 nccccnxx,
1508 3819 1685 3884 indictione
1703 3837 1775 3901 xm,
1801 3841 1887 3883 anno

249 3929 338 4007 regni
363 3927 472 3991 donnri
490 3927 621 3991 Ottonis
637 3944 745 4008 xxxv,
769 3929 895 4011 imperii
919 3937 1026 3991 autem
1043 3942 1131 4007 v1111,
1154 3925 1276 4011 liliique
1299 3926 1367 3988 cius
1385 3925 1477 4007 regni
1494 3942 1527 4004 x,
1550 3924 1675 4007 imperii
1692 3932 1800 3987 autem
1817 3939 1889 4004 11113

249 4038 357 4093 aetum
380 4031 553 4111 Rauennae,
576 4032 609 4095 iu
633 4031 765 4095 domino
788 4029 926 4094 feliciter
948 4051 1053 4094 amen.

1023 4266 1111 4341 392.

258 4419 338 4493 (ltro
366 4420 574 4493 cvvtscbeiclet
600 4421 638 4492 in
666 4421 779 4491 ciuem.
801 4417 929 4491 btreitc
956 4419 1020 4491 (lor
1042 4420 1173 4493 Kirrltc
1201 4420 1260 4493 cles
1286 4420 1318 4491 h.
1340 4419 1467 4491 Petrus
1489 4444 1533 4491 zu
1557 4418 1694 4489 ll'orms
1725 4417 1786 4488 verit
1812 4416 1888 4488 (loru

198 4576 231 4621 35,
253 4542 393 4613 Klosler
410 4541 544 4614 Lorsels
565 4541 653 4612 >libe-r
670 4539 972 4634 Nutzuupsreclrte
995 4539 1044 4610 im
1067 4537 1268 4613 (blan-ruald
1288 4566 1333 4613 zu
1355 4538 1515 4613 Grtvrsten
1543 4537 1608 4609 der·
1635 4549 1788 4609 crstermc
1817 4535 1893 4607 aud

250 4662 409 4759 liestlttipt
437 4661 492 4732 ihr
518 4660 671 4758 zuplciolt
698 4658 756 4730 die
783 4657 1032 4757 betropl'crulcn,
1060 4684 1132 4731 oon
1159 4659 1238 4733 dom
1266 4659 1420 4756 Biseluff
1440 4660 1550 4730 alvino
1579 4658 1798 4754 corpelepten
1825 4656 1891 4729 Ur-

249 4781 394 4854 leunclon
421 4782 537 4852 seivrcr
563 4779 780 4878 Vorpb'vtper.
1432 4799 1574 4856 Iturennu
1597 4802 1660 4858 970
1683 4796 1774 4871 April
1796 4802 1847 4855 10.

355 4988 602 5062 Oripiaoldiplom
625 4989 666 5045 im
685 4987 797 5060 prosslr.
823 4986 1024 5046 Stuutsarclrio
1045 5005 1085 5045 eu
1107 4985 1284 5044 Darmstodt
1307 4985 1366 5063 (A).

354 5127 502 5186 Selius-nut
524 5126 604 5184 Hist.
629 5125 736 5185 Wona.
760 5128 790 5193 2,
813 5128 858 5184 22
880 5131 912 5182 η’)
926 5127 967 5183 25
992 5140 1048 5181 att-s
1071 5122 1108 5182 A.
1133 5155 1174 5165 -
1198 5123 1327 5181 Boletum·
1341 5122 1411 5195 Itcp.
1428 5126 1500 5181 3721.
1525 5155 1566 5164 -
1590 5123 1799 5195 Sturnpfltry.
1818 5127 1891 5183 rso.

199 5286 233 5331 lo
352 5262 472 5321 Contcut
494 5279 550 5320 oon
573 5261 638 5319 dem
660 5260 809 5320 Wormsor
830 5260 1018 5333 Inprossator
1040 5259 1142 5317 (tossen
1164 5261 1220 5317 frolr
1240 5259 1328 5317 schoa
1351 5263 1438 5316 atate-r
1460 5257 1527 5318 ΒΟ,
1551 5263 1590 5317 (tl
1619 5260 1787 5331 perlactatos,
1818 5264 1892 5318 usa

357 5367 436 5424 Zoilo
466 5367 527 5424 und
555 5364 741 5425 bbclvatotoll
769 5364 897 5436 (lapsana
922 5379 978 5421 oon
1000 5362 1160 5421 devrtselben
1181 5362 1294 5420 Merme
1316 5362 1435 5420 ⁴welclver
1459 5362 1525 5420 LII.
1550 5362 1594 5419 bct
1616 5360 1819 5435 Avtscrtr'mmo
1842 5361 1891 5420 vtes

335 5548 393 5602 301.
421 5549 515 5618 [Foltz]
614 5549 682 5611 ald
783 5552 810 5613 h)
823 5549 892 5614 [οἶφε
911 5549 1069 5600 aanadtrtea
1091 5565 1107 5599 a
1206 5550 1230 5610 c)
1249 5547 1301 5612 aas
1313 5548 1409 5607 naevo,
1428 5547 1514 5598 iudom
1531 5548 1579 5598 der
1597 5546 1733 5598 Sctreioer
1750 5553 1832 5597 suerat
1851 5549 1892 5596 ein

419 5621 465 5669 mit
483 5637 500 5685 p
519 5618 687 5684 oeqtnnenda
704 5617 774 5669 Wort
790 5625 880 5684 perstet
898 5617 968 5667 hatte
1071 5617 1098 5682 d)
1117 5618 1266 5667 incuulsum
1285 5616 1316 5673 A.
1341 5633 1369 5667 eo
1387 5617 1449 5667 doce
1467 5616 1534 5666 molal
1552 5634 1565 5666 c
1583 5618 1629 5665 mit
1647 5615 1892 5680 Attamanpntrtet

421 5688 540 5738 narchen
557 5687 659 5739 socraten
676 5687 749 5737 sollte
853 5690 878 5748 c)
896 5689 925 5736 ia
944 5685 1072 5752 liujusltel
1087 5685 1249 5751 perstrictae
1265 5686 1320 5737 aad
1336 5702 1405 5737 aewor
1416 5684 1561 5748 salachls'cb
1579 5687 1600 5735 Ρ
1615 5684 1700 5750 qleiclt
1718 5686 1741 5734 lt
1756 5683 1874 5748 potitust.
