4500 6420
304 427 369 491 334
902 434 1348 491 KlllSERURKUNDEN.

306 616 456 702 publicae
478 618 626 701 pertinet.
671 614 811 699 Insuper
833 615 929 678 etiarn
952 613 1162 677 concedimus
1186 622 1245 678 utq
1276 636 1387 678 omnes
1416 614 1563 680 homines
1593 616 1677 679 infra
1706 615 1844 679 candem
1872 614 1951 677 civi-

305 728 403 784 tatem
435 717 508 801 [vel]
539 716 738 802 praelibatos
767 716 848 780 fines
876 714 1077 796 habitantes,
1110 713 1295 801 ubicunqne
1325 738 1437 779 eorum
1464 716 1561 780 fuerit
1589 716 1774 781 haereditas
1804 719 1872 781 sive
1895 716 1951 781 ad·

305 830 458 907 quaestus
482 824 550 883 sive
572 818 707 895 familia,
731 828 798 881 tam
821 817 905 880 infra
928 819 1118 882 comitatum
1133 818 1343 882 Parmensem
1365 840 1526 904 quamque
1548 822 1580 883 in
1595 822 1712 884 vicinis
1728 819 1949 893 comitatibus,

304 922 426 988 nullam
456 922 575 986 exinde
606 922 806 986 functionem
835 920 932 983 alicui
961 922 1063 984 nostri
1090 920 1181 1004 regni
1205 941 1363 1004 personae
1386 921 1574 1006 persolvant
1597 925 1665 987 sive
1689 923 1827 987 alieuius
1850 922 1950 1007 placi-

307 1037 374 1091 tum
397 1025 599 1107 custodiant,
633 1026 696 1088 nisi
720 1024 904 1087 Parmensis
928 1022 1085 1087 ecclesiae
1108 1025 1254 1108 episcopi
1279 1026 1331 1109 qui
1356 1047 1415 1109 pro
1439 1036 1585 1110 tempore
1608 1026 1720 1109 fucrit,
1750 1025 1809 1089 sed
1829 1025 1986 1089 habeato

306 1133 407 1215 ipsius
431 1129 589 1195 eeclesiae
613 1130 786 1212 episeopus
810 1126 974 1190 licentiam
997 1137 1163 1219 tamquam
1186 1129 1290 1192 nostri
1312 1149 1423 1192 eomes
1446 1127 1558 1213 palatii
1583 1128 1821 1214 distringendir
1841 1127 1950 1219 etde·

305 1233 436 1297 finiendi
461 1231 512 1295 vel
535 1229 736 1295 deliberandi
760 1251 872 1293 onmes
894 1251 946 1292 res
969 1239 1001 1292 et
1023 1229 1165 1295 familias
1181 1242 1248 1296 tam
1265 1234 1408 1296 omnium
1423 1232 1613 1297 clericorum
1630 1234 1777 1298 eiusdem
1792 1234 1949 1318 episcopii

307 1357 403 1420 quam
427 1344 460 1398 et
483 1337 628 1399 omnium
648 1334 815 1398 hominum
837 1331 1053 1396 habitantium
1075 1335 1161 1398 infra
1189 1335 1370 1419 predictam
1392 1337 1558 1400 civitatem
1580 1358 1641 1400 nec
1664 1358 1729 1400 non
1752 1345 1784 1399 et
1807 1337 1951 1400 omnium

305 1438 515 1504 residentium
542 1460 640 1522 supra
669 1438 836 1523 praefatae
864 1433 1022 1499 ecclesiae
1045 1443 1163 1500 terram
1187 1439 1255 1501 sive
1284 1436 1517 1503 libellariorum
1544 1441 1611 1502 sive
1635 1440 1856 1523 precariarum
1883 1437 1952 1519 [seu

307 1540 586 1623 castellanorum]‚
615 1550 648 1604 et
676 1542 722 1604 ita
751 1540 791 1604 de
819 1548 930 1603 nostro
960 1539 1028 1600 iure
1051 1550 1083 1603 et
1105 1538 1250 1604 dominio
1274 1543 1306 1604 iu
1329 1544 1398 1604 eius
1422 1543 1471 1604 ius
1495 1551 1527 1605 et
1549 1541 1728 1606 dominium
1755 1539 1952 1604 transfundi·
1973 1554 2004 1599 10

307 1667 378 1708 inus
406 1655 442 1708 ut
469 1643 576 1707 nullus
604 1643 749 1707 marchio
778 1665 887 1706 eomes
916 1643 1099 1706 vicecomes
1130 1654 1185 1707 aut
1213 1643 1323 1729 aliqua
1352 1646 1441 1723 regni
1471 1646 1572 1707 nostri
1603 1665 1721 1727 magna
1752 1645 1952 1729 remissaque

307 1769 448 1833 persona
470 1746 587 1811 exinde
611 1745 652 1809 de
674 1745 849 1831 praedictis
871 1744 968 1809 rebus
991 1754 1022 1808 ct
1044 1745 1176 1809 familiis
1203 1756 1234 1809 et
1264 1747 1413 1811 omnibus
1444 1770 1528 1832 quae
1559 1748 1706 1831 superius
1735 1746 1888 1830 leguntur
1917 1768 1953 1810 se

308 1851 501 1915 intromittat
523 1858 580 1913 aut
601 1847 745 1935 aliquam
766 1848 966 1912 functionem
989 1847 1065 1911 inde
1089 1851 1231 1933 recipere
1254 1859 1365 1914 tentet.
1404 1850 1458 1914 Ad
1481 1860 1689 1933 augmentum
1713 1851 1811 1913 etiarn
1837 1847 1952 1931 [status

307 1957 409 2019 nostri
432 1953 569 2039 imperii]
584 1962 603 2032 ³,
628 1962 786 2038 quatenus
810 1951 925 2015 eadem
939 1952 1123 2016 Parmensis
1147 1952 1286 2015 ecelesia
1308 1952 1427 2016 nullius
1451 1952 1665 2037 supplementi
1690 1952 1821 2035 indigat
1843 1937 1969 2015 videa-⁸

308 2068 368 2139 tur,
397 2056 614 2142 permittendo
644 2054 853 2118 concedimus
884 2057 985 2138 ipsius
1012 2054 1076 2118 loci
1101 2057 1257 2140 episcopo
1280 2065 1316 2119 ut
1339 2055 1458 2119 habeat
1487 2066 1683 2139 potestatem
1710 2053 1850 2140 eligendi
1882 2057 1951 2117 sive
1973 2069 2003 2113 ro

309 2159 480 2224 ordinandi
505 2158 565 2222 sibi
590 2161 736 2222 notarios
760 2158 813 2242 qui
837 2179 955 2220 causas
978 2158 1081 2241 ipsius
1111 2160 1319 2242 episcopatus
1348 2158 1573 2239 discutientes,
1607 2158 1803 2242 ubicumque
1834 2179 1950 2242 oppor-

308 2272 421 2327 tunum
449 2262 560 2343 brerit,
594 2283 652 2346 pcr
680 2259 883 2345 praedictum
912 2262 1102 2345 episcopum
1129 2261 1273 2325 scribant
1295 2271 1404 2326 cartas
1428 2264 1648 2347 cuiuscunque
1671 2260 1832 2325 voluerint
1855 2271 1950 2325 testa·

308 2367 443 2447 mentiu,
472 2374 599 2429 remota
621 2363 838 2448 prohibitione
861 2360 912 2424 vel
936 2365 1157 2427 controversia
1180 2366 1353 2429 comitatus
1377 2366 1444 2427 sive
1468 2366 1605 2446 comitis,
1630 2374 1665 2428 ut
1688 2366 1772 2427 sicut
1794 2387 1836 2427 ex
1859 2374 1952 2448 parte

309 2473 481 2535 comitatus
504 2478 578 2533 sunt
601 2468 715 2532 harum
738 2489 845 2530 rerum
867 2477 1053 2547 exactores,
1081 2469 1128 2532 ita
1151 2490 1192 2530 ex
1215 2478 1307 2551 parte
1330 2469 1487 2551 episcopii
1510 2477 1622 2530 nostra
1647 2465 1817 2551 [imperiali
1840 2476 1951 2530 aucto-

308 2574 404 2637 ritate
426 2571 579 2636 ammodo
603 2572 734 2634 inantea
756 2568 945 2649 habeantur,
971 2572 1056 2633 omni
1080 2568 1338 2633 contradictione
1360 2568 1501 2654 repulsa,
1525 2580 1557 2633 et
1574 2579 1610 2633 ut
1629 2571 1675 2632 eis
1694 2569 1792 2633 liceat
1807 2569 1925 2654 quiete]
1938 2578 1951 2604 l'
1970 2588 2003 2635 20

308 2677 427 2739 vivere.
462 2675 506 2739 Et
528 2675 555 2737 si
579 2671 736 2736 acciderit
759 2671 799 2735 de
822 2670 997 2755 praedictis
1021 2671 1116 2736 rebus
1140 2682 1172 2736 et
1194 2672 1326 2736 familiis
1350 2671 1431 2754 [sine
1454 2694 1564 2757 pugna
1586 2672 1734 2757 legaliter
1756 2673 1832 2756 uon]
1854 2694 1951 2757 posse

310 2776 450 2857 definiri,
484 2797 542 2860 per
564 2774 648 2838 hanc
670 2776 773 2838 nostri
797 2777 962 2858 praecepti
987 2775 1141 2859 pagiuam
1164 2774 1374 2839 concedimus
1398 2776 1505 2840 cidem
1528 2777 1705 2859 episcopiW
1735 2776 1950 2853 vicedomino,

309 2886 345 2942 ut
368 2880 409 2941 sit
430 2887 541 2942 noster
563 2878 680 2940 missus
703 2885 735 2940 et
757 2875 877 2940 habeat
904 2887 1099 2960 potestatem
1128 2876 1328 2942 deliberandi
1358 2890 1390 2943 ct
1420 2878 1593 2943 deliniendi
1623 2889 1720 2965 atque
1750 2878 1950 2943 diiudicandi

309 2990 477 3065 tamquam
499 2980 601 3043 nostri
624 3000 733 3043 comes
757 2977 880 3062 palatii.
915 2978 949 3042 si
974 2981 1045 3065 quis
1069 2981 1166 3063 igitur
1189 2980 1283 3044 huius
1306 2985 1408 3046 nostri
1432 2983 1597 3067 praecepti
1613 2982 1754 3046 violator
1774 2979 1950 3066 [extiterit],

310 3083 393 3146 sciat
421 3104 455 3144 se
484 3083 739 3164 compositurum
767 3078 855 3143 mille
883 3080 982 3145 libras
1012 3085 1097 3164 auri,
1131 3082 1338 3148 medietatem
1365 3108 1513 3149 camerae
1535 3095 1666 3148 nostrae
1690 3097 1721 3149 et
1743 3084 1951 3149 medietatem
1970 3102 2003 3148 25

310 3186 412 3269 ipsius
435 3183 594 3248 ecclesiae
617 3186 782 3269 episcopo.
819 3183 917 3263 Quod
932 3194 968 3248 ut
983 3187 1090 3249 verius
1115 3186 1265 3251 credatur
1289 3187 1538 3273 diligentiusque
1560 3188 1603 3251 ab
1629 3188 1778 3252 omnihus
1802 3187 1952 3252 observe-

309 3296 361 3350 tur
384 3285 679 3371 inviolabiliterque
702 3285 920 3367 custodiatur‚
954 3309 1053 3350 uranu
1075 3289 1208 3372 propria
1230 3289 1422 3355 roborantes
1445 3289 1557 3354 annuli
1580 3292 1681 3355 nostri
1705 3292 1952 3375 impressionem

305 3391 443 3454 inferius
466 3392 556 3474 atligi
579 3391 813 3475 praecepimus.

413 3544 549 3629 Signum
572 3543 682 3607 domni
706 3543 862 3608 Ottonis¹
884 3545 947 3623 (M.)
970 3546 1166 3610 serenissimi
1189 3549 1328 3634 aragusti.

414 3667 624 3750 Liutgeriusy
647 3666 861 3730 cancellarius
886 3666 1034 3729 advicem
1050 3667 1139 3730 Brun
1156 3666 1392 3752 archiepiscopi
1411 3678 1443 3732 et
1458 3669 1733 3735 archicancellarii
1749 3671 1950 3755 recognovit.
1970 3684 2003 3731 31)

414 3822 504 3885 Data
526 3839 576 3885 111.
600 3821 643 3886 id.
667 3825 773 3886 martii
797 3845 881 3887 anno
906 3824 1088 3888 dominicae
1111 3826 1344 3888 incarnationis
1371 3840 1571 3907 Dccccexn,
1603 3848 1689 3890 anno
1718 3849 1795 3890 vero
1823 3828 1950 3910 imperii

312 3923 420 3987 domni
453 3923 607 3988 (lttonisz
637 3927 831 3990 serenissimi
863 3929 990 4010 augusti
1016 3946 1042 4006 1,
1080 3927 1256 3990 indictione
1280 3946 1318 4007 v3
1352 3938 1462 3992 actum
1491 3929 1602 3991 Lucae
1615 3940 1642 4008 ‘¹3
1676 3932 1708 3992 in
1740 3929 1790 3993 dei
1823 3932 1952 3993 nominc

311 4028 447 4092 feliciter
469 4051 573 4093 amen.

1090 4218 1176 4294 tlt).

320 4371 400 4447 Otto
423 4376 583 4472 bestdtipt
604 4375 682 4447 dem
701 4375 843 4445 Kloster
862 4374 959 4445 Lerro
983 4387 1088 4446 nater
1110 4373 1360 4471 Bezupaubme
1383 4376 1458 4471 uqf
1473 4375 1699 4469 cinejiu'iluu·
1720 4403 1764 4448 zu
1791 4376 2002 4455 (littatorem

312 4494 376 4566 der
397 4495 548 4568 Miiuebe
569 4495 793 4590 stottqedubte
821 4494 1089 4589 Utiturtdeiluup
1112 4494 1178 4566 ulle
1196 4493 1444 4591 Bcsitzuupen,
1473 4495 1530 4567 die
1556 4496 1766 4567 Inruiruritdt
1786 4498 1865 4568 *uad
1886 4498 1951 4570 dus

319 4614 523 4688 dell’ecdt.
1565 4637 1659 4693 Pueiu
1682 4639 1746 4695 962
1768 4637 1856 4709 leril
1877 4642 1906 4696 2.
2008 4712 2014 4719 ι

415 4823 558 4880 Zoeeuria
580 4822 667 4881 Dodo
689 4823 779 4881 bailio
802 4824 833 4880 di
855 4824 936 4881 Leria
960 4829 997 4882 71
1023 4832 1056 4881 π’)
1080 4828 1097 4883 5
1121 4825 1197 4882 noct
1219 4824 1284 4881 dem
1307 4823 1400 4882 Liber
1420 4824 1475 4882 VV
1495 4823 1547 4901 (A)
1567 4848 1605 4877 =
1624 4824 1685 4883 UD.
1710 4825 1842 4897 Lnrrpob.
1867 4830 1953 4884 1152

416 4932 450 4982 a⁰
473 4929 544 4984 666.
568 4958 609 4967 -
632 4926 759 4984 Bo'luuer
781 4928 854 4999 neu.
877 4930 950 4986 257.
975 4960 1018 4968 -
1040 4926 1164 4999 Stumps
1186 4927 1257 4999 [lep.
1281 4929 1354 4986 305.

414 5063 452 5121 Ia
480 5063 701 5136 Ermenpcluay
729 5064 1005 5134 lmmtsrlsriftlicber
1032 5065 1271 5139 Ueterliefcruap
1298 5064 1368 5124 sind
1396 5067 1451 5122 wir
1479 5065 1534 5135 [dr
1562 5065 1627 5123 Do.
1650 5069 1730 5135 240,
1759 5065 1861 5123 dessen
1881 5065 1951 5123 Vor-
1969 5083 2003 5129 40

415 5167 552 5226 urkrmde
573 5165 623 5245 (D.
647 5168 814 5241 Bereaqass
837 5168 901 5225 aad
923 5169 1081 5227 Adelbcrts
1101 5186 1166 5226 rom
1189 5169 1220 5228 J.
1246 5174 1323 5238 956,
1358 5169 1487 5226 Bolamcr
1508 5169 1578 5240 Rcy.
1603 5169 1677 5226 Kar.
1703 5166 1798 5244 1437)
1820 5168 1884 5225 sind
1906 5168 1953 5225 die

398 5353 456 5406 2³0.
482 5356 510 5419 q)
529 5353 592 5403 ΒΗ.
607 5361 646 5412 11.,
671 5361 696 5403 et
720 5354 745 5403 U
843 5353 866 5418 r)
886 5354 1064 5418 distinguendi
1088 5353 1114 5402 U
1212 5360 1235 5415 s)
1255 5358 1333 5405 etiarn
1348 5362 1532 5422 ...quatenus
1556 5354 1586 5417 U,
1613 5358 1728 5420 recipere
1799 5356 1880 5403 nostri
1904 5357 1951 5403 im·

484 5426 548 5487 perii
567 5421 684 5483 DH.11.,
707 5429 791 5472 status
813 5421 875 5471 oder
897 5423 1049 5472 stabilitatis
1072 5422 1139 5471 acob
1157 5422 1215 5471 dem
1234 5422 1464 5487 Spraehqsbrancls
1481 5423 1527 5472 dea
1545 5424 1577 5473 lt.
1597 5424 1630 5472 B.
1734 5427 1752 5487 t)
1770 5424 1833 5474 ΒΗ.
1849 5431 1888 5482 11.,
1913 5425 1951 5470 iu·

484 5492 565 5553 iligna
576 5492 713 5541 videatur.
725 5528 730 5540 .
741 5528 747 5540 .
758 5491 932 5557 permittendo
950 5490 979 5547 U,
998 5490 1111 5555 obplsieh
1122 5490 1190 5540 met
1203 5490 1266 5540 ΒΗ.
1281 5501 1310 5541 11.
1331 5492 1389 5541 bier
1405 5492 1489 5541 nahts
1500 5491 1570 5553 fehlt
1656 5491 1685 5556 u)
1703 5491 1765 5540 DII.
1781 5502 1819 5547 11..
1839 5493 1952 5541 voluerit

482 5566 639 5610 testamenta
655 5560 684 5619 U,
709 5560 777 5610 wohl
796 5561 905 5624 pemeint
929 5562 1116 5627 cuiuscumque
1135 5561 1266 5609 voluerint
1283 5562 1425 5610 testimonii
1449 5560 1511 5609 oder
1534 5562 1631 5609 tenoris
1718 5562 1745 5623 v)
1764 5560 1827 5609 ΒΗ.
1844 5569 1886 5621 lt,
1913 5576 1952 5607 reo
1969 5564 2003 5610 45

478 5627 574 5690 Jedoch
603 5629 726 5692 mensale
756 5633 794 5678 eis
822 5630 901 5679 liceat
930 5626 992 5677 oder
1020 5628 1141 5678 tentate
1170 5627 1254 5677 Warte
1281 5629 1311 5676 in
1338 5631 1395 5679 eine
1420 5628 1507 5679 make
1529 5628 1617 5691 fallea
1727 5629 1762 5689 w)
1782 5633 1906 5694 episeopo
1931 5628 1956 5677 U

484 5699 510 5759 x)
530 5696 642 5747 Othonis
659 5698 684 5747 U
783 5701 811 5763 y)
829 5698 961 5747 Vvilerius
979 5697 1004 5747 U
1103 5700 1127 5761 a)
1144 5696 1256 5748 Othonis
1274 5695 1299 5746 U
1398 5702 1423 5760 a)
1443 5699 1536 5747 Liviae
1554 5698 1582 5748 U.

2064 1444 2085 1474 d.
