4500 6420
946 458 1071 517 ΟΤΤΟ
1094 461 1117 514 1.
1141 457 1213 515 964,
1840 448 1903 514 373

256 659 377 709 similiter
399 657 584 709 confirmamus
607 657 696 707 omnia
711 672 762 721 que
777 656 805 705 in
820 655 910 720 Penne
928 655 1010 705 isdem
1023 649 1035 677 ⁸
1058 656 1198 705 cenobium
1214 656 1299 704 sancti
1314 655 1466 721 archangeli
1480 655 1637 706 Michahelis
1653 658 1727 706 visus
1742 662 1782 706 est
1797 656 1902 718 babere,

256 762 283 812 id
299 768 339 812 est
354 766 446 812 sancta
460 761 547 811 Maria
565 762 594 810 in
609 760 741 825 Cerquotu
764 776 814 809 nec
835 775 888 808 non
905 764 932 808 et
946 759 1106 808 Petitianum
1130 774 1177 808 seu
1199 758 1266 808 alias
1288 775 1329 810 res
1352 776 1403 826 que
1425 776 1472 825 per
1495 761 1599 810 diversa
1619 760 1679 810 loca
1701 762 1803 825 positae
1826 765 1902 823 snut3

257 867 414 916 roboramus
438 866 516 914 stiam
539 868 619 928 athne
641 863 775 912 firmamus
792 877 823 912 ea
838 878 890 928 que
905 863 933 910 in
949 863 1066 927 Aprucio
1088 856 1196 912 isdem¹²
1218 864 1376 913 coenobium
1398 864 1496 914 habere
1520 865 1592 913 visus
1615 869 1662 925 est,
1685 864 1735 914 hoc
1752 872 1791 914 est
1812 879 1901 913 mona·

255 971 364 1021 sterium
385 970 470 1019 sancti
484 968 579 1034 Angeli
600 949 671 1033 qui‘1
694 971 805 1018 vocatur
819 967 930 1017 Marsae
953 983 1014 1017 cum
1036 967 1158 1016 omnibus
1181 967 1255 1017 cellis
1277 968 1329 1017 sibi
1351 969 1551 1018 subiacentibus
1574 967 1616 1017 vel
1638 969 1718 1018 rebus
1741 969 1901 1033 ubicumque

221 1073 363 1125 binrente
385 1073 491 1135 inerint,
515 1072 635 1123 similiter
657 1074 736 1122 etiam
759 1077 786 1122 et
801 1072 882 1122 cellas
904 1078 930 1121 st
952 1077 1036 1121 terras
1057 1071 1128 1120 intra
1141 1070 1239 1121 Asculo
1262 1072 1370 1135 positas,
1392 1071 1517 1122 videlicet
1539 1073 1623 1122 sancti
1639 1070 1785 1121 Salvatoris
1807 1072 1902 1121 cellam

255 1160 325 1245 qui‘1
352 1182 464 1228 vocatur
487 1176 580 1241 Capud
609 1179 685 1241 aquis
711 1193 771 1227 cum
794 1179 849 1226 suis
871 1176 1037 1240 pertiuentiis
1060 1181 1087 1224 et
1109 1173 1176 1224 cella
1198 1176 1282 1224 sancti
1305 1176 1399 1241 Angeli
1423 1157 1492 1240 qui‘l
1523 1181 1634 1225 vocatur
1656 1160 1697 1225 de
1719 1173 1831 1226 Stabulo
1854 1192 1903 1225 nec

255 1299 309 1332 nou
331 1288 357 1332 et
380 1281 464 1331 sancti
478 1279 572 1346 Angoli
595 1263 665 1346 quid
689 1280 785 1331 dicitur
806 1281 838 1329 de
854 1280 996 1329 Febiriano
1020 1284 1046 1329 et
1069 1279 1153 1327 sancti
1169 1278 1240 1328 Petri
1262 1279 1375 1344 positam
1399 1279 1426 1327 in
1442 1272 1628 1339 Pectensria⁰,
1652 1263 1757 1328 sancti
1774 1261 1901 1328 Georrii

254 1371 288 1434 in
311 1367 456 1451 Collina,
492 1390 592 1435 curtem
621 1385 699 1435 etiam
723 1384 865 1433 vocitatam
889 1382 921 1433 do
944 1397 1007 1432 casa
1028 1382 1160 1448 Perende,
1194 1382 1272 1432 simul
1296 1383 1392 1433 etenim
1414 1383 1498 1447 ipsam
1521 1381 1659 1431 visendam
1681 1397 1733 1447 que.
1755 1387 1795 1432 est
1816 1383 1903 1446 posita

256 1489 288 1539 do
316 1493 390 1539 curte
412 1488 560 1554 Adelberge
589 1488 621 1537 de
644 1487 725 1549 silva,
757 1493 783 1537 et
806 1487 885 1537 aliam
908 1486 1045 1536 vicendam
1069 1485 1102 1534 ad
1123 1501 1210 1536 casam
1234 1488 1339 1551 Luponi
1362 1487 1395 1537 de
1417 1487 1588 1551 Pocteguanu
1611 1491 1637 1535 et
1660 1487 1748 1536 oninia
1776 1486 1903 1552 quicquid

206 1593 239 1640 10
255 1592 326 1642 infra
354 1591 420 1641 fines
448 1591 521 1656 regni
550 1591 633 1639 nostri
661 1591 757 1641 habere
786 1591 891 1640 videtur
919 1591 975 1640 sive
997 1591 1026 1638 in
1048 1591 1183 1639 montibus
1212 1606 1258 1640 seu
1288 1590 1374 1653 planis
1397 1590 1439 1641 vel
1463 1590 1611 1639 adiacentia
1633 1605 1680 1654 per
1703 1590 1807 1640 diversa
1833 1590 1901 1653 loca,

255 1690 290 1743 ut
312 1693 533 1759 quemadmodum
556 1692 590 1742 ad
613 1692 724 1743 eundem
747 1693 898 1743 venerabile
921 1693 1080 1743 coenobium
1100 1693 1172 1742 beati
1187 1693 1344 1743 Micbahelis
1367 1694 1517 1759 archangeli
1541 1694 1724 1757 pertinuerunt
1740 1698 1767 1743 et
1781 1710 1901 1758 possesse

256 1799 376 1861 fuerunt,
406 1814 452 1862 per
480 1799 549 1847 hanc
577 1802 666 1863 narsus·
694 1797 901 1847 confirmationis
929 1798 1112 1846 auctoritatem
1135 1798 1232 1847 nostris
1255 1797 1403 1862 futurisque
1426 1799 1588 1862 temporibus
1611 1799 1722 1849 abbates
1744 1801 1828 1864 ipsius
1850 1801 1902 1852 loci

255 1900 365 1951 firmiter
386 1907 465 1966 atqrm
488 1901 678 1952 inviolabiliter
700 1906 807 1951 teneant
822 1907 849 1951 ot
864 1900 1016 1965 possideant
1039 1901 1242 1965 disponantque,
1266 1908 1345 1967 prout
1367 1901 1480 1952 facultas
1499 1903 1541 1952 vel
1565 1904 1666 1953 utilitas
1689 1905 1772 1968 ipsius
1795 1920 1902 1954 venera·

256 2005 318 2056 bilis
346 2004 397 2055 loci
423 2004 574 2067 dictaverit,
604 2006 642 2055 ita
664 2010 694 2054 ut
715 2004 806 2054 nullus
829 2003 908 2053 iudex
931 2005 1055 2068 publicus
1078 2020 1163 2069 neque
1186 2005 1311 2069 quislibet
1334 2021 1366 2055 ex
1389 2006 1528 2055 iudiciaria
1550 2013 1681 2070 potestate
1704 2009 1731 2056 in
1753 2008 1834 2057 cellas
1856 2013 1903 2058 aut

207 2115 237 2160 lli
255 2110 333 2159 villas
355 2110 397 2159 vol
421 2125 497 2174 agros
520 2126 567 2160 seu
590 2110 648 2159 loca
671 2111 726 2160 sive
749 2110 863 2174 reliquas
885 2111 1065 2173 possessiones
1087 2124 1153 2175 quas
1176 2109 1301 2160 moderno
1325 2116 1441 2174 tempore
1462 2112 1669 2175 inquibuslibet
1692 2114 1767 2177 pagis
1788 2119 1812 2162 et
1829 2114 1903 2162 terri·

256 2215 331 2262 toriis
359 2214 427 2263 infra
456 2214 560 2264 dicione
587 2214 661 2279 regni
689 2215 772 2263 nost-ri
800 2216 869 2263 iuste
892 2219 918 2263 et
942 2213 1061 2278 legaliter
1088 2214 1222 2277 possideat
1244 2214 1286 2264 vel
1309 2214 1435 2279 quicquid
1458 2214 1582 2279 deinceps
1604 2217 1631 2265 in
1655 2217 1712 2265 iure
1735 2217 1819 2280 ipsius
1842 2208 1902 2276 [loci

257 2310 355 2378 diviua]
382 2319 468 2383 pietas
496 2317 610 2367 voluerit
639 2319 744 2382 augeri,
774 2316 807 2366 ad
825 2332 919 2366 caiisas
949 2316 1095 2367 audiendas
1117 2317 1158 2367 vel
1182 2317 1256 2367 freda
1277 2317 1320 2366 vel
1343 2318 1443 2366 tributa
1466 2318 1595 2383 exigenda
1619 2320 1659 2369 vel
1684 2321 1833 2369 mansiones
1856 2326 1902 2368 aut

257 2428 362 2486 paratas
384 2421 520 2471 iaciendas
542 2437 590 2470 seu
611 2420 779 2470 fideiussores
802 2420 933 2471 tollendos
955 2427 1002 2470 aut
1024 2422 1142 2470 homines.
1164 2422 1248 2486 ipsius
1271 2422 1423 2471 monasterii
1447 2428 1499 2470 tam
1523 2422 1620 2471 liberos
1642 2438 1720 2488 quam
1744 2439 1833 2472 servos
1855 2439 1901 2473 seu

257 2526 400 2576 cartulatos
423 2524 464 2574 vel
489 2523 594 2573 offertos
617 2529 644 2573 st
664 2525 708 2588 qui
732 2540 811 2589 super
832 2528 928 2573 terram
952 2526 1035 2588 ipsius
1058 2527 1210 2574 nronasterii
1232 2524 1347 2575 resident
1369 2525 1521 2576 rndlateuus
1545 2526 1739 2591 distringendos
1762 2543 1809 2578 nec
1833 2526 1902 2576 ullas

205 2636 239 2684 20
256 2628 427 2680 redibitiones
456 2633 503 2678 aut
530 2626 645 2676 inlicitas
673 2629 826 2677 occasiones
857 2628 1026 2692 requirendas
1054 2629 1150 2678 nostris
1178 2628 1327 2693 titanisque
1357 2630 1520 2692 temporibus
1547 2630 1650 2694 ingredi
1680 2629 1777 2679 audeat
1800 2645 1849 2679 nec
1872 2646 1903 2679 ca

256 2749 307 2799 quq¹
330 2734 452 2797 superius
475 2736 618 2781 memorata
636 2748 652 2778 a
670 2734 775 2795 penitus
799 2732 903 2796 exigere
925 2737 1067 2795 presumat,
1091 2732 1138 2781 sed
1161 2731 1240 2782 liceat
1264 2739 1410 2797 presentem
1429 2716 1593 2780 Morinum
1615 2717 1770 2782 abbatem
1793 2734 1903 2798 eiusque

256 2853 421 2888 successores
444 2852 498 2885 rina
521 2852 580 2885 cum
604 2837 807 2901 congregatione
831 2835 928 2884 ibidem
944 2835 993 2885 deo
1009 2832 1223 2885 famulantibus¹²
1246 2837 1295 2885 snb
1319 2844 1407 2903 nostre
1430 2838 1594 2886 inmunitatis
1618 2829 1789 2897 de[t'en]sione
1812 2839 1902 2902 ‹prieto

256 2942 347 2991 ordine
376 2942 465 2990 vivero
494 2945 540 2989 aut
570 2940 684 2989 residere.
707 2955 738 2989 ac
762 2939 838 2989 deum
863 2956 910 3004 pro
934 2947 1023 2989 nostra
1046 2942 1134 2989 anima
1156 2941 1319 3005 subplicius,
1349 2945 1374 2990 et
1396 2939 1522 3005 quicquid
1544 2939 1624 2989 fiscus
1647 2956 1678 2989 ex
1701 2941 1757 2989 iure
1781 2941 1832 2990 iam
1855 2941 1903 2990 fati

256 3045 406 3094 monasterii
436 3059 497 3108 pars
525 3043 633 3107 publica
656 3058 761 3107 sperare.
784 3048 901 3107 poterat,
924 3059 971 3107 pro
994 3043 1113 3093 mercede
1137 3045 1224 3110 arrime
1246 3048 1335 3110 riostre
1357 3045 1384 3092 in
1408 3043 1582 3093 luminaribus
1606 3045 1688 3107 ipsius
1711 3061 1727 3092 a
1750 3045 1901 3093 morrasterii

204 3151 236 3197 ‘25
255 3165 302 3213 per
324 3149 415 3196 futura
437 3154 556 3211 tempora
578 3152 669 3195 nostra
691 3148 848 3196 auctoritato
872 3153 977 3195 maneat
999 3149 1177 3197 concessimus
1188 3130 1205 3197 s.
1240 3148 1296 3196 Nec
1318 3164 1372 3196 rien
1394 3148 1472 3197 etiam
1496 3162 1512 3194 a
1535 3146 1611 3196 nobis
1634 3138 1704 3206 add[i
1728 3140 1817 3212 atique
1841 3165 1902 3195 com

255 3253 352 3302 firmari
375 3251 476 3316 placuit
491 3256 521 3300 ut
536 3268 568 3301 ex
587 3252 709 3301 omnibus
732 3252 811 3300 rebus
834 3251 877 3301 vel
899 3254 1037 3316 mancipiis
1053 3268 1085 3302 ex
1102 3254 1158 3317 ipso
1182 3254 1341 3303 monasterio
1363 3252 1556 3317 pertinentibus
1579 3252 1715 3301 cartulatis
1738 3253 1779 3301 vel
1804 3252 1903 3302 offertis

256 3356 353 3405 liberos
376 3361 454 3419 atque
478 3371 575 3416 servos,
602 3356 647 3404 ubi
671 3371 731 3420 pars
754 3357 838 3419 ipsius
861 3357 1011 3406 monasterii
1035 3356 1143 3423 elegerit
1166 3363 1245 3421 atique
1269 3352 1428 3419 animerisss,
1452 3374 1511 3406 cnm
1535 3357 1660 3407 ministris
1676 3357 1718 3406 vel
1734 3357 1903 3406 exactoribus

256 3441 396 3525 publicish
424 3475 471 3523 per
498 3466 551 3508 tres
580 3464 626 3507 aut
654 3458 720 3507 duos
749 3460 955 3509 circamanentes
984 3465 1063 3524 atque
1086 3462 1260 3511 consistentes
1282 3476 1389 3511 veraces
1412 3461 1531 3510 hominos
1553 3477 1619 3525 quos
1642 3462 1726 3524 ipsius
1749 3461 1901 3509 moriasrerii

257 3565 378 3613 monachi
409 3563 629 3625 adclamaverint,
661 3564 795 3627 inquisitio
825 3563 884 3625 fiat,
913 3564 1026 3628 qualiter
1055 3570 1081 3614 et
1107 3566 1143 3614 rei
1167 3566 1265 3615 veritas
1294 3565 1400 3614 facilius
1428 3565 1601 3629 investigetur
1623 3570 1648 3615 et
1671 3565 1792 3613 monachi
1821 3564 1903 3628 ipsius

205 3675 239 3721 30
256 3669 408 3718 morlasterii
437 3669 519 3717 cicius
548 3682 623 3716 suam
651 3667 758 3717 valeant
787 3668 914 3717 iustitiam
943 3669 1077 3733 consequi.
1115 3669 1142 3716 b'i
1167 3685 1228 3717 verca
1252 3667 1284 3718 de
1307 3670 1390 3717 servis
1419 3676 1465 3717 aut
1493 3667 1597 3717 armillis
1620 3666 1662 3716 vel
1686 3667 1717 3716 de
1740 3667 1904 3733 quibuslibet

256 3773 335 3822 rebus
365 3778 421 3820 orta
450 3762 603 3830 cori[teutio]
626 3770 718 3832 fuerit,
748 3769 828 3819 liccat
850 3772 993 3821 monachos
1016 3770 1131 3820 eiusdem
1155 3773 1305 3821 rnoriasterii
1329 3773 1401 3836 ipsos
1424 3772 1549 3833 retinere,
1578 3787 1716 3836 (pariusque
1739 3772 1765 3819 in
1789 3776 1904 3820 nostram

256 3892 303 3926 seu
332 3876 498 3926 decessorum
527 3884 676 3925 nostrorum
706 3878 863 3939 presentiam
892 3877 1000 3926 veniant
1028 3882 1054 3925 et
1076 3876 1174 3926 ibidem
1202 3891 1290 3925 coram
1318 3875 1395 3925 nobis
1423 3876 1502 3939 positi
1533 3873 1700 3923 deliberetur.
1738 3875 1904 3938 Quicumque

256 3984 344 4029 autem
367 3979 493 4028 adversus
515 3980 584 4028 liaris
607 3985 723 4028 nostram
746 3979 908 4043 imperialem
931 3980 1124 4029 institutionem
1148 3981 1185 4029 ire
1208 3981 1375 4043 temptaverit
1397 3985 1444 4028 aut
1459 3995 1490 4028 ca
1505 3994 1557 4044 (quq
1580 3994 1660 4042 supra
1682 3970 1904 4038 conr[mcrno]rata

256 4083 298 4133 vel
322 4084 510 4148 ‹eornprelrensa
532 4089 595 4132 sunt
616 4085 722 4133 minime
746 4085 893 4146 observare,
917 4085 982 4148 quin
1005 4084 1117 4133 sortasse
1142 4084 1240 4133 violare
1263 4090 1310 4132 aut
1325 4100 1445 4148 rumpere
1469 4083 1645 4146 temptaverit,
1668 4083 1734 4131 sciat
1749 4096 1776 4130 se
1792 4097 1904 4146 poenam

207 4197 239 4245 35
259 4169 472 4252 persoluturumi
503 4170 679 4237 abbatibus
709 4173 812 4257 ipsius
841 4174 1030 4237 monasterii
1062 4189 1231 4238 enumitatem
1261 4192 1376 4237 nostram
1405 4203 1483 4252 quam
1512 4188 1540 4234 in
1570 4187 1691 4235 ominbus
1720 4187 1904 4235 constituimus

256 4292 374 4341 ecclesiis
396 4300 422 4341 ct
437 4292 610 4353 rrronasteriis‚
635 4291 736 4341 scilicet
757 4285 887 4340 centum
910 4292 992 4341 libras
1016 4282 1092 4351 [ariri]
1115 4293 1215 4356 optimi.
1249 4292 1414 4356 Precipimus
1437 4292 1516 4340 ctiam
1539 4296 1567 4339 ut
1591 4291 1750 4354 ubicumque
1773 4295 1903 4353 repertum

254 4395 333 4444 t’uorit
363 4410 394 4443 cx
423 4394 502 4456 rebus
530 4393 572 4443 vcl
601 4394 674 4445 cellis
703 4395 819 4444 eiusdem
847 4395 999 4444 monasterii
1028 4395 1144 4444 inlicitas
1174 4411 1220 4444 sen
1249 4395 1388 4443 damnosas
1417 4410 1463 4443 seu
1492 4393 1599 4442 inutiles
1628 4395 1835 4457 conscriptiones
1862 4393 1903 4441 vol

255 4490 498 4558 ‹·[‹›rrr]1ntrtatiorics,
522 4504 684 4549 evacuentur
699 4504 725 4548 et
740 4512 756 4547 a
770 4500 844 4548 iussu
864 4499 905 4548 vel
924 4504 1054 4563 potestate
1078 4500 1162 4563 ipsius
1185 4500 1336 4549 nrorrasterii
1361 4480 1548 4549 restituatrrr.¹‘
1577 4497 1614 4546 Ut
1629 4503 1716 4547 irritem
1732 4498 1798 4546 baec
1813 4503 1903 4545 nostra

342 4705 400 4758 231.
429 4707 454 4769 d)
472 4705 528 4756 hier
546 4709 593 4756 wie
611 4723 646 4756 aa
662 4707 721 4757 drea·
739 4709 855 4757 woitereu
874 4706 972 4758 stetten
990 4709 1022 4756 ist
1040 4707 1084 4757 die
1101 4705 1187 4770 Frage
1205 4704 1234 4754 ob
1253 4704 1286 4754 It.
1302 4704 1328 4756 0.
1347 4704 1390 4754 dis
1404 4703 1556 4767 Abkibzaap
1574 4723 1590 4770 q
1608 4706 1654 4753 aab
1672 4702 1905 4753 durcbstricleaem

204 4783 237 4828 so
427 4775 532 4838 Sebaste
544 4774 665 4837 lediqle‘cb
676 4775 727 4838 fiir
739 4779 783 4841 qui
794 4774 933 4839 pebraacbt
945 4776 1008 4826 oder
1020 4774 1105 4840 pleicb
1123 4776 1222 4837 sinigas
1239 4776 1323 4823 seim
1335 4773 1490 4823 Laadsleute
1507 4773 1573 4821 aucis
1584 4772 1635 4833 jib·
1647 4789 1711 4838 que;
1731 4775 1757 4821 ia
1770 4772 1840 4821 allen
1851 4775 1905 4821 viar·

427 4844 520 4895 liillsn
538 4844 599 4893 liisst
616 4843 673 4893 siclt
690 4848 735 4909 qui
754 4845 806 4907 auf
816 4863 837 4894 s.
850 4844 969 4907 Angelus,
986 4863 1007 4895 s.
1022 4844 1143 4896 Salvator·
1160 4842 1277 4892 hesiodea
1295 4842 1356 4907 (opt.
1373 4860 1394 4892 s.
1414 4841 1526 4903 Angelus
1542 4842 1576 4892 ds
1595 4840 1701 4893 Stabulo
1720 4844 1754 4889 im
1774 4840 1834 4891 Do.
1850 4845 1904 4901 lt),

427 4914 487 4962 ader
508 4930 559 4978 que
583 4913 707 4963 ersclteiut
725 4914 799 4963 selbst
818 4930 852 4962 aa
870 4914 917 4963 der·
935 4921 1018 4964 ersten
1036 4912 1115 4965 stelle
1133 4912 1173 4961 als
1191 4911 1280 4961 cbeaso
1297 4911 1422 4976 mibray,
1446 4910 1481 4959 da
1499 4911 1565 4961 nard
1583 4910 1627 4960 die
1649 4910 1704 4960 l'U.
1723 4911 1796 4959 dietat
1815 4926 1905 4959 mona-

427 4985 533 5031 sterium
556 4999 576 5032 s.
595 4983 625 5032 Α.
649 4999 717 5047 quae
736 5000 759 5031 v.
778 4984 814 5032 bi.
839 4982 893 5032 trud
915 4983 951 5033 da
973 4982 1018 5033 dte
1041 4980 1192 5046 betrsfferrda
1211 4979 1327 5044 Stillaap
1349 4983 1378 5029 ia
1400 4980 1448 5030 der
1465 4979 1544 5044 Repel
1570 4979 1610 5028 als
1637 4981 1705 5029 cella
1729 4996 1749 5027 s.
1769 4981 1800 5029 Α.
1822 4981 1848 5028 in
1866 4980 1904 5027 M.

425 5051 566 5101 desociaret
584 5051 664 5112 reim,
688 5067 742 5101 was
759 5069 804 5100 aar
822 5050 982 5113 Verbindeaq
1006 5052 1263 5115 monasteriumque
1285 5048 1406 5100 oerlmen
1422 5048 1520 5098 mocbts
1624 5059 1648 5107 c)
1668 5047 1698 5111 A,
1718 5048 1750 5097 do
1771 5049 1904 5097 Feltriano

427 5138 449 5170 c.
468 5137 488 5170 s.
506 5122 536 5171 P.
556 5122 669 5185 positum
688 5123 715 5170 iu
733 5120 904 5187 Pectcgnauu
924 5119 990 5177 VU..
1020 5121 1053 5170 de
1072 5121 1206 5170 Feltriano
1225 5135 1246 5168 s.
1268 5120 1298 5168 P.
1317 5120 1344 5167 in
1363 5119 1515 5183 l'etegnano
1540 5114 1599 5167 Do.
1615 5126 1644 5166 ll.
1758 5115 1826 5180 ι’)Α,
1844 5122 1905 5165 stctt

424 5196 529 5238 incarreat
547 5205 701 5240 concessum
720 5191 768 5239 wie
787 5191 814 5238 ia
831 5188 899 5250 Vct,
924 5191 952 5237 ia
970 5186 1032 5240 Do.
1052 5191 1119 5249 263,
1142 5190 1179 5237 im
1197 5185 1257 5238 DO.
1272 5196 1302 5236 11.
1406 5192 1434 5252 g)
1454 5185 1508 5237 Vt).
1527 5186 1704 5243 adamaverit,
1731 5191 1792 5235 stati
1810 5186 1858 5233 wis
1876 5186 1905 5233 in

427 5257 488 5308 DO.
507 5261 562 5307 263
586 5257 775 5307 adclamaverit
883 5259 911 5318 h)
930 5274 966 5323 pu
989 5273 1055 5307 corr.
1079 5274 1126 5307 aas
1148 5257 1175 5322 pl
1284 5258 1304 5317 i)
1322 5254 1447 5305 scabebam
1471 5255 1558 5306 ound
1576 5262 1587 5303 t
1608 5254 1666 5305 drei
1689 5254 1766 5304 Icum
1784 5252 1904 5316 Sebb'fle:

429 5327 459 5375 lt.
476 5326 501 5377 0.
522 5326 566 5376 aar
584 5326 639 5376 also
658 5327 785 5376 sruweder
796 5327 846 5377 dea
864 5333 947 5376 cesten
960 5324 1096 5389 Sebasteia
1109 5328 1116 5376 l
1129 5343 1160 5375 aa
1177 5325 1329 5389 oerlltaqsra
1345 5323 1506 5375 onatsdumt
1523 5322 1586 5373 oder
1598 5338 1626 5373 er
1638 5321 1682 5373 tas
1701 5323 1905 5388 persoluiturum

392 5390 396 5397 '
425 5395 556 5445 sclareibeu
574 5394 666 5444 wellen
683 5395 737 5445 aad
753 5395 829 5445 dadai
848 5395 855 5444 l
874 5395 1036 5460 amyclanus
1140 5394 1168 5459 lc)
1186 5393 1229 5443 dis
1246 5392 1417 5456 massadae
1429 5392 1534 5442 Formel
1551 5393 1599 5441 wie
1610 5394 1648 5442 rie
1659 5408 1684 5441 a.
1697 5408 1722 5441 a.
1736 5392 1765 5440 ia
1778 5389 1838 5442 Do.
1851 5393 1905 5441 263

426 5481 474 5513 sou
496 5464 526 5514 u.
544 5462 571 5514 C.
589 5464 742 5527 anglercaadt
761 5464 863 5513 reordea
882 5466 927 5524 ist,
946 5466 979 5513 ist
997 5463 1035 5526 ofl
1053 5463 1170 5515 oerkdnt
1187 5462 1291 5512 worden
1308 5461 1363 5511 aad
1380 5478 1408 5510 ro
1426 5462 1492 5510 aeoli
1510 5463 1539 5510 ia
1556 5461 1603 5511 der
1621 5460 1684 5525 VU,
1702 5459 1816 5509 namtas
1834 5476 1904 5511 com-

427 5536 585 5582 mutationes
604 5541 765 5583 evacuentur
778 5540 804 5582 et
816 5533 849 5582 acl
864 5534 904 5582 ius
917 5540 1075 5598 potestatem
1087 5534 1170 5598 ipsius
1183 5533 1335 5581 monasterii
1353 5532 1536 5584 restituantur:
1554 5528 1661 5579 suntet
1678 5545 1737 5592 mag]
1748 5529 1795 5579 der
1807 5528 1905 5579 Passus

432 5604 458 5650 ia
476 5602 523 5651 dee
542 5601 689 5651 reirlclichsu
711 5601 815 5664 Vorlape
831 5600 882 5661 fiir
900 5600 960 5653 Do.
979 5604 1029 5652 361
1049 5600 1160 5665 pataram
1184 5598 1279 5659 tmen,
1306 5615 1361 5649 war
1379 5598 1411 5648 It.
1432 5597 1459 5650 0.
1478 5599 1591 5648 oerlaitct
1615 5598 1697 5648 baben
1720 5598 1788 5648 wird
1810 5597 1904 5648 adius

430 5688 460 5718 anv
478 5671 536 5720 dem
557 5671 687 5721 riualesen
704 5689 721 5721 a
739 5673 812 5720 iussu
830 5686 860 5718 za
877 5669 1063 5731 commeabam
1089 5669 1126 5720 da
1143 5670 1192 5720 clas
1215 5667 1364 5733 aapffridrte
1384 5665 1522 5732 Oapituhsr
1544 5666 1615 5717 nicht
1638 5666 1753 5719 cebaliae
1771 5668 1818 5728 ist,
1842 5666 1905 5717 tasse

427 5739 484 5789 siclt
501 5756 552 5788 παν
569 5740 622 5802 arcs
634 5740 688 5789 LL.
708 5743 729 5803 1,
747 5742 798 5788 351
816 5755 873 5802 cap.
893 5742 911 5788 6
929 5741 1073 5790 carabes.
