4298 6414
229 452 272 520 90
826 461 1276 522 KAISERURKUNDEN.

229 657 261 711 et
281 649 432 712 vestitrun
455 657 612 731 perpetuo
635 648 703 710 iure
727 644 959 730 possidendum
983 644 1184 709 donavimus.
1224 644 1457 709 lllouasterium
1481 646 1591 729 itaque
1609 640 1873 709 Vuinetbabusun

227 759 449 834 nuncupatum
475 752 571 814 sitnm
594 753 627 813 in
650 772 736 833 pago
753 750 943 831 llartlragao
968 751 1000 812 in
1024 751 1180 812 comitia²
1201 748 1389 812 Thiadnrari
1405 770 1479 812 cum
1496 748 1647 813 omnibus
1664 770 1749 833 quae
1765 750 1874 811 sancti·

228 853 385 918 moniales
409 853 529 917 ibidem
553 864 650 918 antea
672 856 705 917 in
722 876 815 917 suruu
830 853 1013 917 habuerunt
1029 854 1193 917 servitium
1208 851 1395 937 praedictae
1411 854 1672 936 congregrationi
1685 861 1698 888 ²
1719 854 1754 914 in
1770 850 1874 931 Quini-

225 956 400 1040 lingoburg
428 959 461 1020 in
490 959 719 1042 proprietatem
749 955 984 1021 condonamus.
1030 957 1073 1020 Et
1101 967 1222 1020 curtem
1255 955 1346 1020 Saltu
1375 957 1471 1020 sitam
1503 958 1536 1019 in
1570 977 1657 1040 pago
1687 956 1816 1039 Lainga
1845 957 1875 1019 in

227 1063 382 1125 comitatu
401 1061 555 1144 Liudgeri
580 1083 654 1125 cum
677 1062 834 1125 rnriversis
859 1060 901 1123 ad
924 1060 1060 1124 <eandem
1084 1069 1206 1124 curtem
1230 1061 1298 1123 iure
1320 1058 1565 1143 pertinentibus,
1589 1059 1651 1124 hoc
1676 1069 1726 1122 cst
1749 1058 1874 1122 familiis
1889 1076 1913 1119 s·

227 1187 266 1228 ac
285 1166 456 1249 mancipiis
480 1164 625 1229 cuntibus
648 1173 679 1227 et
702 1163 870 1229 curtilibus
894 1162 1050 1227 aedificiis
1074 1165 1167 1226 terris
1190 1162 1286 1227 cultis
1309 1171 1341 1225 et
1363 1161 1493 1226 incultis
1516 1163 1604 1245 agris
1628 1164 1731 1245 pratis
1756 1163 1874 1246 campis

218 1268 358 1353 'pascuis
388 1268 477 1332 silvis
506 1270 599 1353 aquis
629 1291 828 1354 aquarumve
857 1267 1047 1332 decursibus
1077 1267 1206 1331 molinis
1228 1269 1288 1330 viis
1312 1277 1343 1330 ct
1370 1269 1466 1330 inviis
1490 1267 1633 1331 exitibus
1657 1288 1698 1329 ae
1720 1265 1874 1330 reditibus

227 1376 381 1458 quaesitis
404 1383 437 1436 et
459 1372 657 1457 inquirendis
681 1372 854 1436 mobilibus
878 1381 910 1434 et
933 1370 1162 1451 immobilibus,
1192 1380 1224 1433 et
1247 1369 1402 1455 quicquid
1423 1369 1612 1434 hereditatis
1635 1368 1751 1432 Adred
1779 1382 1875 1433 mater

226 1475 388 1540 Bardonis
416 1476 547 1540 domino
577 1486 609 1539 et
637 1478 773 1558 genitori
804 1485 915 1538 nostro
945 1474 1061 1538 beatae
1093 1476 1267 1538 memoriae
1289 1473 1445 1536 Heinrico
1476 1474 1683 1537 serenissimo
1714 1474 1784 1556 regi
1806 1494 1874 1537 cum

227 1579 374 1662 praefato
398 1578 472 1642 loco
497 1577 589 1642 Salta
618 1580 651 1641 in
680 1576 938 1662 proprietatemb
965 1577 1179 1660 condonavit,
1215 1601 1256 1641 ex
1286 1580 1411 1660 integro
1441 1587 1545 1642 totum
1573 1577 1618 1641 illi
1650 1579 1684 1641 in
1712 1579 1875 1663 proprium
1891 1597 1913 1641 r·

228 1684 460 1746 concessimus.
506 1682 549 1745 Et
572 1683 598 1744 si
622 1681 739 1765 aliquis
763 1683 982 1762 generationis
1004 1690 1136 1745 nostrae
1160 1684 1193 1745 iu
1216 1681 1357 1744 Francia
1379 1703 1418 1744 ac
1442 1680 1590 1745 Saxonia
1617 1680 1763 1763 regalem
1792 1690 1874 1764 pote-

227 1788 346 1849 stativa
368 1808 467 1850 manu
490 1783 657 1869 possideat
680 1783 798 1865 sedem,
824 1786 857 1847 in
879 1784 967 1849 illins
989 1794 1150 1871 potestate
1174 1787 1261 1849 sint⁰
1289 1808 1328 1848 ac
1358 1784 1545 1848 defensione
1574 1795 1874 1869 praenuncupatum

226 1891 457 1954 monasterium
480 1898 512 1951 ot
534 1884 823 1951 sanctiruoniales‘l
851 1887 931 1951 inibi
955 1890 989 1951 in
1011 1888 1062 1952 dei
1086 1890 1217 1952 servitio
1247 1897 1459 1971 congregatq3
1494 1890 1520 1951 si
1544 1896 1652 1951 autem
1676 1886 1800 1969 altere
1822 1909 1873 1971 po·

227 1992 303 2076 pulo
328 1991 466 2076 eligatur
488 2014 556 2072 rex,
579 1993 649 2076 ipse
672 1992 705 2054 in
728 1992 774 2054 eis
798 2013 891 2055 suam
912 1991 1055 2074 regalem
1078 2001 1186 2055 teneat
1208 2000 1426 2077 potestatem⁶
1448 1993 1531 2055 sicut
1552 1993 1586 2054 in
1605 1992 1723 2054 ceteris
1738 1991 1874 2053 catervis

225 2098 259 2159 in
282 2094 474 2178 obsequium
496 2103 630 2157 sanctae
653 2094 805 2157 trinitatis
828 2093 924 2157 simili
954 2093 1052 2158 modo
1084 2097 1305 2181 congregatis,
1341 2104 1471 2157 nostrae
1499 2115 1640 2178 namque
1670 2094 1873 2176 cognationis
1890 2109 1913 2155 n

227 2199 280 2283 qui
309 2198 554 2282 potentissimus
583 2198 640 2277 sit,
674 2194 853 2260 advocatus
881 2196 1041 2261 habeatur
1063 2206 1096 2260 et
1117 2196 1180 2260 loci
1205 2196 1363 2282 praedicti
1386 2206 1418 2259 et
1440 2196 1585 2260 eiusdem
1608 2205 1772 2259 catervae.
1816 2196 1873 2258 His

226 2303 271 2365 ita
294 2302 449 2385 peractis,
483 2309 520 2364 ut
540 2299 675 2367 liberam
699 2301 782 2362 inter
804 2322 839 2362 se
861 2298 1000 2382 eligendi
1025 2299 1225 2363 abbatissam
1248 2300 1382 2364 ulterius
1407 2299 1528 2363 habeat
1555 2308 1768 2384 potestatem,
1801 2318 1872 2361 con-

225 2407 392 2486 cessimus,
415 2426 455 2467 ea
476 2402 628 2467 videlicet
649 2405 774 2466 ratione
797 2412 833 2466 ut
854 2402 933 2467 nulli
955 2403 1122 2467 hominum
1145 2426 1297 2488 umquam
1320 2401 1406 2467 nisif
1426 2412 1550 2467 tantum
1572 2403 1668 2467 nobis
1690 2403 1874 2486 nostrisque

225 2506 469 2572 successoribus
494 2505 694 2591 obtemperet
716 2514 773 2569 aut
796 2505 953 2589 quilibeta
980 2528 1092 2590 regum
1120 2515 1177 2570 aut
1203 2508 1431 2591 episcoporum
1459 2527 1619 2591 personae
1650 2503 1788 2590 aliquod
1813 2526 1873 2567 ser·

224 2613 339 2676 vitium
361 2611 403 2675 ab
434 2633 473 2674 ea
500 2608 714 2695 impendatur.
759 2608 916 2673 Iussimus
946 2631 1075 2694 quoque
1102 2609 1166 2673 boc
1194 2618 1404 2693 praeceptum
1433 2619 1564 2672 nostrae
1590 2606 1774 2691 largitionis
1802 2604 1873 2670 inde
1889 2610 1913 2656 ss

225 2713 386 2778 conscribi
409 2713 543 2777 firmiter
566 2714 790 2796 precipientes,
815 2721 973 2796 quatenus
996 2711 1110 2775 eadem
1133 2720 1264 2775 caterva
1287 2712 1326 2774 de
1343 2710 1531 2796 praelibatis
1547 2710 1644 2774 rebus
1660 2710 1702 2774 ab
1719 2709 1874 2774 hodierna

225 2817 277 2881 die
306 2840 345 2880 ac
374 2816 527 2900 deinceps
554 2815 611 2879 tali
640 2816 765 2880 fruatur
794 2823 970 2899 potestate,
1006 2816 1089 2877 sicut
1117 2824 1149 2876 et
1177 2823 1303 2877 ceterae
1334 2812 1597 2878 sanctimoniales
1624 2813 1765 2877 feminae
1793 2834 1873 2897 quae

225 2920 321 2985 simili
344 2919 440 2984 modo
465 2943 485 2983 a
507 2918 638 3003 regibus
662 2941 718 2982 seu
742 2919 857 2981 ceteris
879 2915 1030 2980 fidelibus
1054 2914 1097 2979 ad
1119 2915 1169 2979 dei
1199 2919 1364 2980 servitium
1393 2927 1599 2980 constructae
1629 2915 1788 2979 videntur.
1833 2914 1874 2977 Et

224 3033 260 3087 ut
282 3023 362 3086 haec
384 3033 515 3086 nostrae
538 3021 759 3084 concessionis
782 3022 960 3084 auctoritas
984 3042 1004 3083 a
1026 3019 1176 3085 fidelibus
1204 3024 1323 3084 nostris
1353 3023 1460 3084 verius
1485 3019 1637 3085 credatur
1660 3041 1700 3082 ac
1723 3041 1783 3104 per
1805 3038 1873 3082 suc·

224 3126 407 3190 cedentium
429 3137 610 3209 temporum
633 3122 793 3187 curricula
816 3121 1000 3206 diligentius
1025 3122 1227 3205 observetur,
1252 3148 1349 3188 manu
1373 3126 1506 3209 propria
1528 3134 1641 3188 nostra
1664 3122 1780 3187 subtus
1803 3144 1873 3186 eam
1888 3136 1913 3183 at

221 3230 420 3294 firmavimus
443 3228 596 3314 anulique
618 3228 719 3291 nostri
744 3228 956 3310 impressione
980 3227 1114 3311 sigillari
1138 3230 1301 3293 iussimus.

323 3366 337 3445 l
360 3366 495 3449 Signum
518 3365 627 3429 domni
653 3364 782 3427 Ottonis
805 3366 869 3443 (M.)
895 3367 1088 3428 serenissimi
1112 3367 1208 3450 regis.
1231 3363 1245 3444 ᾖ

324 3467 502 3552 ἓΑᾶθΙϊεις
524 3467 737 3532 cancellarius
761 3466 909 3533 advicem
931 3467 1097 3533 Hiltiberti
1121 3469 1373 3554 archicapellani
1396 3472 1570 3554 recognovi
1595 3467 1663 3549 et}
1700 3469 1771 3549 (SR.
1801 3469 1874 3547 RN.)

1751 3573 1810 3653 (SI.
1835 3574 1875 3651 1.)

323 3683 413 3747 Data
434 3683 478 3747 id.
498 3684 688 3768 septembris
712 3707 796 3748 anno
821 3684 1003 3749 dominicae
1018 3687 1251 3750 incarnationis
1268 3695 1539 3767 Dccccxxxv11⁸,
1563 3684 1742 3749 indictione
1760 3693 1871 3766 vrurss,
1888 3698 1913 3743 st

222 3808 309 3850 anno
343 3810 421 3852 vero
456 3786 565 3852 domni
602 3785 755 3851 Orrorvls
787 3789 990 3851 invictissimi
1020 3790 1105 3872 regis
1137 3797 1190 3869 1⁸3
1226 3798 1336 3853 aetrnn
1364 3791 1397 3853 in
1429 3786 1724 3871 Quidilingoburg3
1759 3788 1793 3850 in
1822 3784 1873 3848 dei

222 3891 354 3954 nomine
376 3888 512 3953 feliciter
534 3913 639 3954 amen.

1028 4047 1064 4123 2.

230 4189 311 4265 Ouo
330 4191 490 4289 tatastat
507 4192 586 4264 cleon
600 4191 742 4265 filosier
757 4191 880 4264 Fulda
898 4192 956 4263 die
971 4193 1193 4285 Irnrunninlt,
1218 4194 1288 4266 den
1304 4194 1528 4292 chrntbesup
1544 4220 1617 4266 verr
1632 4194 1703 4267 den
1725 4195 1871 4292 eipcrrcn

120 4424 123 4429 ¹
230 4309 370 4386 Gattcra
391 4312 472 4385 and
492 4312 558 4385 clos
579 4311 787 4386 Weldrecbt.
1331 4354 1516 4426 stupratum
1538 4356 1601 4413 936
1627 4353 1754 4413 otrooer
1777 4358 1827 4413 14.
1889 4368 1913 4414 g,

328 4503 575 4577 Originaldiplom
598 4507 639 4563 im
660 4506 687 4563 lc.
713 4505 915 4565 Stoutsorcln'o
935 4524 976 4564 aa
997 4507 1146 4580 Murbnrq
1168 4505 1230 4585 (A).

323 4640 446 4698 Brower
466 4640 538 4699 Ant.
562 4642 654 4702 Fald.
676 4646 740 4701 284
763 4643 834 4714 aaa.
858 4677 900 4685 -
923 4643 1073 4703 Selinos-at
1096 4646 1175 4703 Hist.
1199 4646 1290 4703 Fuld.
1306 4650 1337 4717 2,
1361 4651 1424 4705 143
1445 4653 1479 4705 πθ
1492 4650 1534 4708 29
1551 4664 1607 4705 uas
1622 4645 1661 4705 A.
1684 4681 1728 4691 -
1749 4648 1872 4706 Dronde

324 4744 386 4804 01).
410 4746 501 4804 Falci.
525 4750 589 4806 316
610 4753 645 4804 πθ
667 4751 731 4808 682
752 4764 808 4805 aas
831 4747 869 4806 A.
896 4781 934 4790 —
958 4748 1087 4806 Bdhrner
1107 4749 1179 4820 Req.
1205 4754 1255 4808 71.
1281 4782 1318 4791 -
1344 4750 1472 4823 Stanrpf
1491 4751 1560 4823 Rea.
1584 4754 1635 4808 57.

328 4882 420 4942 Ucber
441 4883 498 4940 den
521 4883 673 4943 Sclereiber
693 4903 717 4944 s,
740 4886 808 4945 DO.
834 4893 862 4946 1.
909 4887 956 4945 Er
981 4887 1047 4955 irat,
1083 4888 1137 4944 scic
1163 4888 1258 4959 cinips
1283 4888 1458 4959 propicieris
1485 4887 1730 4945 Rcsoaderlreitcn
1759 4890 1870 4961 arium,

321 4987 514 5045 anntittelbor
535 4991 611 5047 rrarb
632 4990 703 5048 ΒΗ.
728 4997 745 5050 1
767 4992 952 5063 pesclrriebcn
974 4990 1038 5048 nard
1060 4992 1111 5049 tat
1132 4992 1203 5060 siclt,
1226 4991 1312 5048 selbst
1334 5008 1377 5047 seo
1400 4992 1433 5047 in
1455 4991 1507 5048 der
1529 4991 1703 5063 Erauuana
1726 4993 1792 5048 eine
1809 4991 1870 5049 Ab
1887 5003 1913 5049 u

321 5089 476 5163 (tedanus)
496 5092 681 5164 nothsoendiy
703 5112 774 5157 strar.
797 5095 871 5151 norb
891 5095 1042 5167 mdpliclrst
1064 5091 1188 5171 (quando
1202 5127 1245 5136 —
1261 5092 1404 5169 venimus)
1428 5112 1469 5151 aa
1485 5096 1565 5152 scine
1582 5094 1703 5167 Vorlupe
1722 5094 1868 5168 polentes.

321 5276 379 5355 (C.)
403 5277 417 5357 ξ
439 5276 478 5340 In
500 5278 630 5340 nomine
653 5287 785 5340 sanctae
808 5288 840 5341 et
862 5276 1049 5342 individuae
1070 5280 1234 5343 trinitatis.
1279 5278 1357 5343 Otto
1382 5278 1493 5343 divina
1515 5280 1668 5343 faaente¹²
1696 5279 1870 5344 clementia

219 5399 288 5441 rex.
374 5394 485 5444 Constat
507 5410 555 5444 nos
578 5395 669 5444 diviua
692 5397 861 5461 dispensante
883 5398 970 5462 gratia
992 5399 1103 5447 caeteris
1127 5400 1321 5462 supereminere
1344 5397 1508 5457 mortalibus,
1532 5397 1603 5447 unde
1621 5401 1726 5462 oportet
1743 5403 1775 5447 ut
1791 5400 1869 5448 cuius

324 5563 344 5616 l.
373 5563 481 5634 [Siekel]
584 5568 653 5631 ald
757 5571 784 5629 b)
803 5570 896 5634 cor-riq.
915 5585 964 5619 asra
981 5572 1075 5636 proppi
1168 5572 1193 5631 c)
1212 5573 1221 5620 i
1238 5569 1426 5633 uocbpotroqea
1522 5572 1549 5634 d)
1567 5569 1636 5621 nacla
1653 5571 1693 5622 les
1710 5572 1745 5621 ist
1763 5588 1793 5623 se
1810 5589 1867 5622 ans·

372 5635 458 5685 radirt
562 5640 586 5700 e)
605 5654 632 5687 nr
649 5637 703 5701 arrf
714 5637 803 5689 Rosnr
905 5639 987 5701 finis
1005 5640 1059 5702 auf
1068 5639 1157 5692 Ram
1257 5640 1698 5706 glvr1‚v1111,1nacbpstraqsn.
1883 5638 1913 5686 45

321 5726 346 5784 2.
374 5727 469 5800 [sorta]
573 5732 600 5791 a)
618 5731 650 5783 A.
