<?xml version="1.0" encoding="UTF-8"?>
<!DOCTYPE html PUBLIC "-//W3C//DTD XHTML 1.0 Transitional//EN"
    "http://www.w3.org/TR/xhtml1/DTD/xhtml1-transitional.dtd">
<html xmlns="http://www.w3.org/1999/xhtml" xml:lang="en" lang="en">
 <head>
  <title>
</title>
<meta http-equiv="Content-Type" content="text/html;charset=utf-8" />
  <meta name='ocr-system' content='tesseract 3.04.00' />
  <meta name='ocr-capabilities' content='ocr_page ocr_carea ocr_par ocr_line ocrx_word'/>
</head>
<body>
  <div class='ocr_page' id='page_1' title='image "./conradiiheinric00ottogoog/conradiiheinric00ottogoog_0471.png"; bbox 0 0 4500 6420; ppageno 0'>
   <div class='ocr_carea' id='block_1_1' title="bbox 914 448 1874 515">
    <p class='ocr_par' dir='ltr' id='par_1_1' title="bbox 914 448 1874 515">
     <span class='ocr_line' id='line_1_1' title="bbox 914 448 1874 515; baseline -0.003 0"><span class='ocrx_word' id='word_1_1' title='bbox 914 458 1039 515; x_wconf 82' lang='lat' dir='ltr'>OTTO</span> <span class='ocrx_word' id='word_1_2' title='bbox 1061 459 1085 514; x_wconf 91' lang='grc' dir='ltr'><strong>Ι.</strong></span> <span class='ocrx_word' id='word_1_3' title='bbox 1110 454 1181 514; x_wconf 86' lang='grc'><em>966,</em></span> <span class='ocrx_word' id='word_1_4' title='bbox 1809 448 1874 513; x_wconf 81' lang='lat'><strong>439</strong></span> 
     </span>
    </p>
   </div>
   <div class='ocr_carea' id='block_1_2' title="bbox 327 639 1873 817">
    <p class='ocr_par' dir='ltr' id='par_1_2' title="bbox 327 639 1873 817">
     <span class='ocr_line' id='line_1_2' title="bbox 327 639 1873 739; baseline 0 -38"><span class='ocrx_word' id='word_1_5' title='bbox 327 644 389 701; x_wconf 76' lang='lat' dir='ltr'><strong>sich</strong></span> <span class='ocrx_word' id='word_1_6' title='bbox 410 643 496 701; x_wconf 83' lang='lat' dir='ltr'><strong>selbst</strong></span> <span class='ocrx_word' id='word_1_7' title='bbox 519 643 571 701; x_wconf 86' lang='lat' dir='ltr'><strong>der</strong></span> <span class='ocrx_word' id='word_1_8' title='bbox 592 643 778 716; x_wconf 73' lang='grc'><em>1169666669</em></span> <span class='ocrx_word' id='word_1_9' title='bbox 801 643 854 700; x_wconf 83' lang='lat' dir='ltr'><strong>der</strong></span> <span class='ocrx_word' id='word_1_10' title='bbox 875 642 1030 739; x_wconf 72' lang='grc'><em>11616669</em></span> <span class='ocrx_word' id='word_1_11' title='bbox 1052 641 1179 711; x_wconf 66' lang='lat' dir='ltr'><strong>antistat,</strong></span> <span class='ocrx_word' id='word_1_12' title='bbox 1207 642 1345 699; x_wconf 81' lang='lat' dir='ltr'><strong>arbeitete</strong></span> <span class='ocrx_word' id='word_1_13' title='bbox 1365 642 1436 701; x_wconf 83' lang='lat' dir='ltr'><strong>uber</strong></span> <span class='ocrx_word' id='word_1_14' title='bbox 1457 641 1514 699; x_wconf 79' lang='lat' dir='ltr'><strong>dea</strong></span> <span class='ocrx_word' id='word_1_15' title='bbox 1537 639 1658 700; x_wconf 78' lang='lat' dir='ltr'><strong>Ooateat</strong></span> <span class='ocrx_word' id='word_1_16' title='bbox 1680 643 1755 700; x_wconf 75' lang='lat' dir='ltr'><strong>acela</strong></span> <span class='ocrx_word' id='word_1_17' title='bbox 1776 645 1873 701; x_wconf 71' lang='lat' dir='ltr'><strong>cernar</strong></span> 
     </span>
     <span class='ocr_line' id='line_1_3' title="bbox 327 743 1628 817; baseline 0.002 -16"><span class='ocrx_word' id='word_1_18' title='bbox 327 744 384 803; x_wconf 79' lang='lat' dir='ltr'><strong>Art</strong></span> <span class='ocrx_word' id='word_1_19' title='bbox 406 762 458 802; x_wconf 86' lang='grc'><strong>66</strong></span> <span class='ocrx_word' id='word_1_20' title='bbox 480 745 545 803; x_wconf 78' lang='lat' dir='ltr'><strong>aad</strong></span> <span class='ocrx_word' id='word_1_21' title='bbox 566 745 743 804; x_wconf 75' lang='grc'><em>6666666666</em></span> <span class='ocrx_word' id='word_1_22' title='bbox 769 743 835 803; x_wconf 87' lang='lat' dir='ltr'><strong>Otto</strong></span> <span class='ocrx_word' id='word_1_23' title='bbox 853 753 900 816; x_wconf 77' lang='lat' dir='ltr'><strong>IL,</strong></span> <span class='ocrx_word' id='word_1_24' title='bbox 923 746 978 803; x_wconf 80' lang='lat' dir='ltr'><strong>wie</strong></span> <span class='ocrx_word' id='word_1_25' title='bbox 999 762 1028 803; x_wconf 85' lang='lat' dir='ltr'><strong>es</strong></span> <span class='ocrx_word' id='word_1_26' title='bbox 1051 746 1113 803; x_wconf 78' lang='lat' dir='ltr'><strong>sict</strong></span> <span class='ocrx_word' id='word_1_27' title='bbox 1135 748 1199 804; x_wconf 87' lang='lat'><strong>968</strong></span> <span class='ocrx_word' id='word_1_28' title='bbox 1218 745 1366 817; x_wconf 77' lang='grc'><em>96661616,</em></span> <span class='ocrx_word' id='word_1_29' title='bbox 1390 744 1436 803; x_wconf 83' lang='lat' dir='ltr'><strong>als</strong></span> <span class='ocrx_word' id='word_1_30' title='bbox 1459 745 1628 804; x_wconf 69' lang='lat' dir='ltr'><strong>Mitto-teca</strong></span> 
     </span>
    </p>
   </div>
   <div class='ocr_carea' id='block_1_3' title="bbox 192 946 1873 1445">
    <p class='ocr_par' dir='ltr' id='par_1_3' title="bbox 430 946 1872 1033">
     <span class='ocr_line' id='line_1_4' title="bbox 430 946 1872 1033; baseline 0.001 -21"><span class='ocrx_word' id='word_1_31' title='bbox 430 947 470 1012; x_wconf 92' lang='lat' dir='ltr'><strong>In</strong></span> <span class='ocrx_word' id='word_1_32' title='bbox 492 949 623 1013; x_wconf 91' lang='lat' dir='ltr'><strong>nomine</strong></span> <span class='ocrx_word' id='word_1_33' title='bbox 646 959 758 1033; x_wconf 74' lang='lat' dir='ltr'><strong>sancte</strong></span> <span class='ocrx_word' id='word_1_34' title='bbox 782 958 814 1013; x_wconf 91' lang='lat' dir='ltr'><strong>et</strong></span> <span class='ocrx_word' id='word_1_35' title='bbox 835 947 1005 1032; x_wconf 77' lang='lat' dir='ltr'><strong>individue</strong></span> <span class='ocrx_word' id='word_1_36' title='bbox 1028 949 1192 1012; x_wconf 74' lang='lat' dir='ltr'><strong>trinitatis.</strong></span> <span class='ocrx_word' id='word_1_37' title='bbox 1231 946 1309 1012; x_wconf 90' lang='lat' dir='ltr'><strong>Otto</strong></span> <span class='ocrx_word' id='word_1_38' title='bbox 1333 948 1444 1012; x_wconf 90' lang='lat' dir='ltr'><strong>divina</strong></span> <span class='ocrx_word' id='word_1_39' title='bbox 1464 949 1596 1014; x_wconf 87' lang='lat' dir='ltr'><strong>favente</strong></span> <span class='ocrx_word' id='word_1_40' title='bbox 1620 949 1794 1015; x_wconf 89' lang='lat' dir='ltr'><strong>clementia</strong></span> <span class='ocrx_word' id='word_1_41' title='bbox 1816 950 1872 1013; x_wconf 93' lang='lat' dir='ltr'><strong>im·</strong></span> 
     </span>
    </p>

    <p class='ocr_par' dir='ltr' id='par_1_4' title="bbox 192 1048 1873 1445">
     <span class='ocr_line' id='line_1_5' title="bbox 227 1048 1873 1136; baseline 0 -21"><span class='ocrx_word' id='word_1_42' title='bbox 227 1059 359 1136; x_wconf 90' lang='lat' dir='ltr'><strong>perator</strong></span> <span class='ocrx_word' id='word_1_43' title='bbox 389 1060 545 1134; x_wconf 87' lang='lat' dir='ltr'><strong>augustus</strong></span> <span class='ocrx_word' id='word_1_44' title='bbox 578 1052 800 1119; x_wconf 87' lang='lat' dir='ltr'><strong>Romanorum</strong></span> <span class='ocrx_word' id='word_1_45' title='bbox 830 1061 864 1116; x_wconf 92' lang='lat' dir='ltr'><strong>et</strong></span> <span class='ocrx_word' id='word_1_46' title='bbox 895 1052 1107 1117; x_wconf 82' lang='lat' dir='ltr'><strong>Francorum.</strong></span> <span class='ocrx_word' id='word_1_47' title='bbox 1211 1048 1294 1115; x_wconf 77' lang='lat' dir='ltr'><strong>Cum</strong></span> <span class='ocrx_word' id='word_1_48' title='bbox 1326 1060 1437 1135; x_wconf 77' lang='lat' dir='ltr'><strong>nostre</strong></span> <span class='ocrx_word' id='word_1_49' title='bbox 1470 1052 1668 1136; x_wconf 89' lang='lat' dir='ltr'><strong>condignum</strong></span> <span class='ocrx_word' id='word_1_50' title='bbox 1702 1062 1873 1116; x_wconf 82' lang='lat' dir='ltr'>censeatur</span> 
     </span>
     <span class='ocr_line' id='line_1_6' title="bbox 192 1152 1870 1242; baseline 0 -24"><span class='ocrx_word' id='word_1_51' title='bbox 192 1154 392 1218; x_wconf 89' lang='lat' dir='ltr'><strong>oserenitati</strong></span> <span class='ocrx_word' id='word_1_52' title='bbox 413 1152 560 1219; x_wconf 80' lang='lat' dir='ltr'><strong>honestis</strong></span> <span class='ocrx_word' id='word_1_53' title='bbox 584 1177 860 1242; x_wconf 91' lang='lat' dir='ltr'><strong>quorumcumque</strong></span> <span class='ocrx_word' id='word_1_54' title='bbox 884 1154 1066 1238; x_wconf 84' lang='lat' dir='ltr'><strong>benigniter</strong></span> <span class='ocrx_word' id='word_1_55' title='bbox 1089 1153 1225 1238; x_wconf 91' lang='lat' dir='ltr'><strong>obsequi</strong></span> <span class='ocrx_word' id='word_1_56' title='bbox 1247 1154 1432 1239; x_wconf 87' lang='lat' dir='ltr'><strong>rogatibus,</strong></span> <span class='ocrx_word' id='word_1_57' title='bbox 1463 1154 1520 1218; x_wconf 89' lang='lat' dir='ltr'><strong>sed</strong></span> <span class='ocrx_word' id='word_1_58' title='bbox 1543 1157 1695 1241; x_wconf 85' lang='lat' dir='ltr'><strong>precipue</strong></span> <span class='ocrx_word' id='word_1_59' title='bbox 1718 1154 1870 1220; x_wconf 87' lang='lat' dir='ltr'><strong>ecclesia·</strong></span> 
     </span>
     <span class='ocr_line' id='line_1_7' title="bbox 225 1253 1872 1341; baseline 0 -21"><span class='ocrx_word' id='word_1_60' title='bbox 225 1278 296 1321; x_wconf 90' lang='lat' dir='ltr'><strong>rum</strong></span> <span class='ocrx_word' id='word_1_61' title='bbox 318 1255 531 1339; x_wconf 82' lang='lat' dir='ltr'><strong>religionibus</strong></span> <span class='ocrx_word' id='word_1_62' title='bbox 554 1267 667 1322; x_wconf 89' lang='lat' dir='ltr'><strong>nostra</strong></span> <span class='ocrx_word' id='word_1_63' title='bbox 689 1259 910 1322; x_wconf 87' lang='lat' dir='ltr'><strong>munificentia</strong></span> <span class='ocrx_word' id='word_1_64' title='bbox 932 1255 1142 1322; x_wconf 85' lang='lat' dir='ltr'><strong>roborandis:</strong></span> <span class='ocrx_word' id='word_1_65' title='bbox 1169 1253 1319 1341; x_wconf 59' lang='lat' dir='ltr'><strong>[quare]¹⁸</strong></span> <span class='ocrx_word' id='word_1_66' title='bbox 1340 1254 1486 1341; x_wconf 85' lang='lat' dir='ltr'><strong>patefieri</strong></span> <span class='ocrx_word' id='word_1_67' title='bbox 1505 1256 1708 1321; x_wconf 89' lang='lat' dir='ltr'><strong>decernimus</strong></span> <span class='ocrx_word' id='word_1_68' title='bbox 1728 1258 1872 1322; x_wconf 89' lang='lat' dir='ltr'><strong>omnium</strong></span> 
     </span>
     <span class='ocr_line' id='line_1_8' title="bbox 227 1358 1871 1445; baseline 0 -23"><span class='ocrx_word' id='word_1_69' title='bbox 227 1358 387 1442; x_wconf 75' lang='lat' dir='ltr'><strong>industrie</strong></span> <span class='ocrx_word' id='word_1_70' title='bbox 409 1358 556 1424; x_wconf 90' lang='lat' dir='ltr'><strong>fidelium</strong></span> <span class='ocrx_word' id='word_1_71' title='bbox 578 1369 763 1425; x_wconf 90' lang='lat' dir='ltr'><strong>nostrorum</strong></span> <span class='ocrx_word' id='word_1_72' title='bbox 787 1370 854 1425; x_wconf 90' lang='lat' dir='ltr'><strong>tam</strong></span> <span class='ocrx_word' id='word_1_73' title='bbox 877 1361 1077 1445; x_wconf 89' lang='lat' dir='ltr'><strong>presentium</strong></span> <span class='ocrx_word' id='word_1_74' title='bbox 1100 1380 1197 1443; x_wconf 92' lang='lat' dir='ltr'><strong>quam</strong></span> <span class='ocrx_word' id='word_1_75' title='bbox 1221 1367 1253 1422; x_wconf 91' lang='lat' dir='ltr'><strong>et</strong></span> <span class='ocrx_word' id='word_1_76' title='bbox 1275 1358 1464 1440; x_wconf 87' lang='lat' dir='ltr'><strong>futurorum,</strong></span> <span class='ocrx_word' id='word_1_77' title='bbox 1489 1360 1565 1443; x_wconf 93' lang='lat' dir='ltr'><strong>quia</strong></span> <span class='ocrx_word' id='word_1_78' title='bbox 1579 1381 1639 1424; x_wconf 92' lang='lat' dir='ltr'><strong>nos</strong></span> <span class='ocrx_word' id='word_1_79' title='bbox 1656 1358 1777 1422; x_wconf 90' lang='lat' dir='ltr'><strong>salubri</strong></span> <span class='ocrx_word' id='word_1_80' title='bbox 1793 1359 1871 1444; x_wconf 91' lang='lat' dir='ltr'><strong>peti-</strong></span> 
     </span>
    </p>
   </div>
   <div class='ocr_carea' id='block_1_4' title="bbox 226 1462 1997 1548">
    <p class='ocr_par' dir='ltr' id='par_1_5' title="bbox 226 1462 1997 1548">
     <span class='ocr_line' id='line_1_9' title="bbox 226 1462 1997 1548; baseline 0.003 -22"><span class='ocrx_word' id='word_1_81' title='bbox 226 1463 313 1527; x_wconf 89' lang='lat' dir='ltr'><strong>tione</strong></span> <span class='ocrx_word' id='word_1_82' title='bbox 342 1462 492 1527; x_wconf 89' lang='lat' dir='ltr'><strong>amabilis</strong></span> <span class='ocrx_word' id='word_1_83' title='bbox 523 1465 672 1547; x_wconf 88' lang='lat' dir='ltr'><strong>coniugis</strong></span> <span class='ocrx_word' id='word_1_84' title='bbox 701 1473 811 1548; x_wconf 76' lang='lat' dir='ltr'><strong>nostro</strong></span> <span class='ocrx_word' id='word_1_85' title='bbox 834 1462 1016 1547; x_wconf 79' lang='lat' dir='ltr'><strong>Adalheide</strong></span> <span class='ocrx_word' id='word_1_86' title='bbox 1045 1463 1260 1548; x_wconf 73' lang='lat' dir='ltr'><strong>equivocique</strong></span> <span class='ocrx_word' id='word_1_87' title='bbox 1281 1464 1384 1526; x_wconf 85' lang='lat' dir='ltr'><strong>nostri</strong></span> <span class='ocrx_word' id='word_1_88' title='bbox 1407 1472 1440 1527; x_wconf 91' lang='lat' dir='ltr'><strong>et</strong></span> <span class='ocrx_word' id='word_1_89' title='bbox 1462 1464 1708 1548; x_wconf 89' lang='lat' dir='ltr'><strong>coimperatoris</strong></span> <span class='ocrx_word' id='word_1_90' title='bbox 1732 1463 1873 1546; x_wconf 86' lang='lat' dir='ltr'><strong>augusti,</strong></span> <span class='ocrx_word' id='word_1_91' title='bbox 1991 1523 1997 1531; x_wconf 93' lang='lat'>.</span> 
     </span>
    </p>
   </div>
   <div class='ocr_carea' id='block_1_5' title="bbox 176 1562 1875 3280">
    <p class='ocr_par' dir='ltr' id='par_1_6' title="bbox 176 1562 1875 3280">
     <span class='ocr_line' id='line_1_10' title="bbox 225 1562 1874 1650; baseline -0.001 -20"><span class='ocrx_word' id='word_1_92' title='bbox 225 1565 392 1630; x_wconf 90' lang='lat' dir='ltr'><strong>reverendi</strong></span> <span class='ocrx_word' id='word_1_93' title='bbox 417 1568 515 1630; x_wconf 89' lang='lat' dir='ltr'><strong>etiam</strong></span> <span class='ocrx_word' id='word_1_94' title='bbox 538 1565 714 1631; x_wconf 89' lang='lat' dir='ltr'><strong>Uvilhelmi</strong></span> <span class='ocrx_word' id='word_1_95' title='bbox 737 1567 920 1649; x_wconf 89' lang='lat' dir='ltr'><strong>Mogentini</strong></span> <span class='ocrx_word' id='word_1_96' title='bbox 944 1563 1174 1650; x_wconf 85' lang='lat' dir='ltr'><strong>archipresulis</strong></span> <span class='ocrx_word' id='word_1_97' title='bbox 1198 1562 1388 1648; x_wconf 83' lang='lat' dir='ltr'><strong>suppliciter</strong></span> <span class='ocrx_word' id='word_1_98' title='bbox 1410 1567 1541 1645; x_wconf 86' lang='lat' dir='ltr'><strong>attacti,</strong></span> <span class='ocrx_word' id='word_1_99' title='bbox 1575 1566 1746 1630; x_wconf 87' lang='lat' dir='ltr'><strong>cuiusdam</strong></span> <span class='ocrx_word' id='word_1_100' title='bbox 1769 1563 1874 1648; x_wconf 75' lang='lat' dir='ltr'><strong>insule</strong></span> 
     </span>
     <span class='ocr_line' id='line_1_11' title="bbox 178 1666 1875 1756; baseline 0.001 -26"><span class='ocrx_word' id='word_1_101' title='bbox 178 1683 209 1730; x_wconf 81' lang='grc' dir='ltr'><strong>ιο</strong></span> <span class='ocrx_word' id='word_1_102' title='bbox 227 1669 434 1735; x_wconf 90' lang='lat' dir='ltr'><strong>medietatem</strong></span> <span class='ocrx_word' id='word_1_103' title='bbox 457 1672 490 1734; x_wconf 91' lang='lat' dir='ltr'><strong>in</strong></span> <span class='ocrx_word' id='word_1_104' title='bbox 514 1669 644 1735; x_wconf 87' lang='lat' dir='ltr'><strong>Almere</strong></span> <span class='ocrx_word' id='word_1_105' title='bbox 668 1694 730 1756; x_wconf 76' lang='lat' dir='ltr'><strong>quc</strong></span> <span class='ocrx_word' id='word_1_106' title='bbox 752 1671 842 1735; x_wconf 89' lang='lat' dir='ltr'><strong>Urch</strong></span> <span class='ocrx_word' id='word_1_107' title='bbox 863 1680 1010 1753; x_wconf 90' lang='lat' dir='ltr'><strong>vocatur,</strong></span> <span class='ocrx_word' id='word_1_108' title='bbox 1033 1679 1066 1733; x_wconf 92' lang='lat' dir='ltr'><strong>et</strong></span> <span class='ocrx_word' id='word_1_109' title='bbox 1088 1666 1173 1732; x_wconf 88' lang='lat' dir='ltr'><strong>ultra</strong></span> <span class='ocrx_word' id='word_1_110' title='bbox 1195 1689 1324 1732; x_wconf 93' lang='lat' dir='ltr'><strong>amnem</strong></span> <span class='ocrx_word' id='word_1_111' title='bbox 1347 1666 1504 1735; x_wconf 84' lang='lat' dir='ltr'><strong>Uahalab</strong></span> <span class='ocrx_word' id='word_1_112' title='bbox 1527 1670 1682 1756; x_wconf 92' lang='lat' dir='ltr'><strong>quicquid</strong></span> <span class='ocrx_word' id='word_1_113' title='bbox 1704 1671 1875 1733; x_wconf 90' lang='lat' dir='ltr'><strong>interiacet</strong></span> 
     </span>
     <span class='ocr_line' id='line_1_12' title="bbox 229 1770 1873 1858; baseline -0.001 -21"><span class='ocrx_word' id='word_1_114' title='bbox 229 1794 332 1856; x_wconf 88' lang='lat' dir='ltr'><strong>usque</strong></span> <span class='ocrx_word' id='word_1_115' title='bbox 350 1773 562 1856; x_wconf 89' lang='lat' dir='ltr'><strong>Vunningam</strong></span> <span class='ocrx_word' id='word_1_116' title='bbox 585 1772 673 1858; x_wconf 92' lang='lat' dir='ltr'><strong>quod</strong></span> <span class='ocrx_word' id='word_1_117' title='bbox 698 1772 877 1838; x_wconf 79' lang='lat' dir='ltr'><strong>Gardolfus</strong></span> <span class='ocrx_word' id='word_1_118' title='bbox 898 1777 965 1838; x_wconf 89' lang='lat' dir='ltr'><strong>iam</strong></span> <span class='ocrx_word' id='word_1_119' title='bbox 989 1770 1154 1858; x_wconf 87' lang='lat' dir='ltr'><strong>quondam</strong></span> <span class='ocrx_word' id='word_1_120' title='bbox 1177 1792 1288 1836; x_wconf 88' lang='lat' dir='ltr'><strong>comes</strong></span> <span class='ocrx_word' id='word_1_121' title='bbox 1311 1773 1401 1836; x_wconf 90' lang='lat' dir='ltr'><strong>visus</strong></span> <span class='ocrx_word' id='word_1_122' title='bbox 1424 1782 1473 1836; x_wconf 89' lang='lat' dir='ltr'><strong>est</strong></span> <span class='ocrx_word' id='word_1_123' title='bbox 1494 1775 1636 1839; x_wconf 90' lang='lat' dir='ltr'><strong>tenuisse</strong></span> <span class='ocrx_word' id='word_1_124' title='bbox 1659 1774 1692 1836; x_wconf 91' lang='lat' dir='ltr'><strong>in</strong></span> <span class='ocrx_word' id='word_1_125' title='bbox 1715 1773 1873 1836; x_wconf 89' lang='lat' dir='ltr'><strong>comitatu</strong></span> 
     </span>
     <span class='ocr_line' id='line_1_13' title="bbox 225 1872 1872 1961; baseline -0.001 -22"><span class='ocrx_word' id='word_1_126' title='bbox 225 1874 363 1940; x_wconf 84' lang='lat' dir='ltr'><strong>Ekberti</strong></span> <span class='ocrx_word' id='word_1_127' title='bbox 393 1877 537 1958; x_wconf 90' lang='lat' dir='ltr'><strong>comitis,</strong></span> <span class='ocrx_word' id='word_1_128' title='bbox 572 1898 631 1961; x_wconf 90' lang='lat' dir='ltr'><strong>pro</strong></span> <span class='ocrx_word' id='word_1_129' title='bbox 661 1874 844 1942; x_wconf 87' lang='lat' dir='ltr'><strong>animarum</strong></span> <span class='ocrx_word' id='word_1_130' title='bbox 874 1887 1059 1941; x_wconf 88' lang='lat' dir='ltr'><strong>nostrarum</strong></span> <span class='ocrx_word' id='word_1_131' title='bbox 1088 1874 1232 1939; x_wconf 90' lang='lat' dir='ltr'><strong>remedio</strong></span> <span class='ocrx_word' id='word_1_132' title='bbox 1261 1883 1293 1938; x_wconf 91' lang='lat' dir='ltr'><strong>et</strong></span> <span class='ocrx_word' id='word_1_133' title='bbox 1320 1897 1496 1959; x_wconf 87' lang='lat' dir='ltr'><strong>regnorum</strong></span> <span class='ocrx_word' id='word_1_134' title='bbox 1529 1875 1682 1939; x_wconf 90' lang='lat' dir='ltr'><strong>incolomi</strong></span> <span class='ocrx_word' id='word_1_135' title='bbox 1713 1883 1799 1940; x_wconf 89' lang='lat' dir='ltr'><strong>statu</strong></span> <span class='ocrx_word' id='word_1_136' title='bbox 1828 1872 1872 1938; x_wconf 90' lang='lat' dir='ltr'><strong>ad</strong></span> 
     </span>
     <span class='ocr_line' id='line_1_14' title="bbox 226 1974 1870 2061; baseline -0.001 -19"><span class='ocrx_word' id='word_1_137' title='bbox 226 1980 459 2044; x_wconf 88' lang='lat' dir='ltr'><strong>monasterium</strong></span> <span class='ocrx_word' id='word_1_138' title='bbox 489 1981 593 2044; x_wconf 91' lang='lat' dir='ltr'><strong>sancti</strong></span> <span class='ocrx_word' id='word_1_139' title='bbox 622 1980 834 2045; x_wconf 89' lang='lat' dir='ltr'><strong>Pantaleouis</strong></span> <span class='ocrx_word' id='word_1_140' title='bbox 863 1982 896 2043; x_wconf 91' lang='lat' dir='ltr'><strong>in</strong></span> <span class='ocrx_word' id='word_1_141' title='bbox 926 1978 1081 2043; x_wconf 88' lang='lat' dir='ltr'><strong>suburbio</strong></span> <span class='ocrx_word' id='word_1_142' title='bbox 1114 1974 1249 2061; x_wconf 72' lang='lat' dir='ltr'><strong>Colonia</strong></span> <span class='ocrx_word' id='word_1_143' title='bbox 1279 1979 1374 2041; x_wconf 88' lang='lat' dir='ltr'><strong>situm</strong></span> <span class='ocrx_word' id='word_1_144' title='bbox 1404 1979 1476 2041; x_wconf 93' lang='lat' dir='ltr'><strong>usui</strong></span> <span class='ocrx_word' id='word_1_145' title='bbox 1505 1977 1643 2042; x_wconf 88' lang='lat' dir='ltr'><strong>fratrum</strong></span> <span class='ocrx_word' id='word_1_146' title='bbox 1665 1976 1787 2040; x_wconf 90' lang='lat' dir='ltr'><strong>ibidem</strong></span> <span class='ocrx_word' id='word_1_147' title='bbox 1809 1975 1870 2040; x_wconf 91' lang='lat' dir='ltr'><strong>deo</strong></span> 
     </span>
     <span class='ocr_line' id='line_1_15' title="bbox 227 2080 1871 2167; baseline -0.002 -24"><span class='ocrx_word' id='word_1_148' title='bbox 227 2082 433 2145; x_wconf 91' lang='lat' dir='ltr'><strong>servientium</strong></span> <span class='ocrx_word' id='word_1_149' title='bbox 462 2091 594 2146; x_wconf 90' lang='lat' dir='ltr'><strong>nostrae</strong></span> <span class='ocrx_word' id='word_1_150' title='bbox 622 2081 782 2166; x_wconf 89' lang='lat' dir='ltr'><strong>imperiali</strong></span> <span class='ocrx_word' id='word_1_151' title='bbox 814 2082 961 2167; x_wconf 89' lang='lat' dir='ltr'><strong>potentia</strong></span> <span class='ocrx_word' id='word_1_152' title='bbox 989 2080 1194 2145; x_wconf 89' lang='lat' dir='ltr'><strong>auctoritatis</strong></span> <span class='ocrx_word' id='word_1_153' title='bbox 1222 2083 1256 2144; x_wconf 92' lang='lat' dir='ltr'><strong>in</strong></span> <span class='ocrx_word' id='word_1_154' title='bbox 1286 2081 1454 2164; x_wconf 89' lang='lat' dir='ltr'><strong>proprium</strong></span> <span class='ocrx_word' id='word_1_155' title='bbox 1484 2102 1522 2143; x_wconf 90' lang='lat' dir='ltr'><strong>ac</strong></span> <span class='ocrx_word' id='word_1_156' title='bbox 1553 2089 1743 2165; x_wconf 90' lang='lat' dir='ltr'><strong>perpetuum</strong></span> <span class='ocrx_word' id='word_1_157' title='bbox 1776 2099 1871 2141; x_wconf 89' lang='lat' dir='ltr'><strong>usum</strong></span> 
     </span>
     <span class='ocr_line' id='line_1_16' title="bbox 176 2181 1870 2271; baseline -0.001 -27"><span class='ocrx_word' id='word_1_158' title='bbox 176 2197 208 2244; x_wconf 81' lang='lat' dir='ltr'><strong>lo</strong></span> <span class='ocrx_word' id='word_1_159' title='bbox 227 2185 448 2248; x_wconf 88' lang='lat' dir='ltr'><strong>concessimus</strong></span> <span class='ocrx_word' id='word_1_160' title='bbox 478 2184 676 2271; x_wconf 89' lang='lat' dir='ltr'><strong>firmiterque</strong></span> <span class='ocrx_word' id='word_1_161' title='bbox 706 2184 913 2267; x_wconf 86' lang='lat' dir='ltr'><strong>donavimus,</strong></span> <span class='ocrx_word' id='word_1_162' title='bbox 948 2206 1022 2248; x_wconf 90' lang='lat' dir='ltr'><strong>oum</strong></span> <span class='ocrx_word' id='word_1_163' title='bbox 1047 2184 1197 2249; x_wconf 92' lang='lat' dir='ltr'><strong>omuibus</strong></span> <span class='ocrx_word' id='word_1_164' title='bbox 1220 2183 1365 2249; x_wconf 89' lang='lat' dir='ltr'><strong>eiusdem</strong></span> <span class='ocrx_word' id='word_1_165' title='bbox 1389 2183 1586 2268; x_wconf 87' lang='lat' dir='ltr'><strong>appenditiis</strong></span> <span class='ocrx_word' id='word_1_166' title='bbox 1613 2183 1716 2267; x_wconf 91' lang='lat' dir='ltr'><strong>pratis</strong></span> <span class='ocrx_word' id='word_1_167' title='bbox 1740 2181 1870 2265; x_wconf 87' lang='lat' dir='ltr'><strong>pascuis</strong></span> 
     </span>
     <span class='ocr_line' id='line_1_17' title="bbox 226 2281 1870 2375; baseline -0.003 -25"><span class='ocrx_word' id='word_1_168' title='bbox 226 2287 464 2372; x_wconf 89' lang='lat' dir='ltr'><strong>piscationibus</strong></span> <span class='ocrx_word' id='word_1_169' title='bbox 493 2290 587 2374; x_wconf 93' lang='lat' dir='ltr'><strong>aquis</strong></span> <span class='ocrx_word' id='word_1_170' title='bbox 616 2311 838 2375; x_wconf 88' lang='lat' dir='ltr'><strong>aquarumque</strong></span> <span class='ocrx_word' id='word_1_171' title='bbox 867 2287 1057 2352; x_wconf 87' lang='lat' dir='ltr'><strong>decursibus</strong></span> <span class='ocrx_word' id='word_1_172' title='bbox 1079 2289 1142 2352; x_wconf 92' lang='lat' dir='ltr'><strong>viis</strong></span> <span class='ocrx_word' id='word_1_173' title='bbox 1165 2296 1197 2351; x_wconf 90' lang='lat' dir='ltr'><strong>et</strong></span> <span class='ocrx_word' id='word_1_174' title='bbox 1219 2288 1315 2350; x_wconf 89' lang='lat' dir='ltr'><strong>inviis</strong></span> <span class='ocrx_word' id='word_1_175' title='bbox 1344 2285 1487 2350; x_wconf 89' lang='lat' dir='ltr'><strong>exitibus</strong></span> <span class='ocrx_word' id='word_1_176' title='bbox 1510 2295 1542 2350; x_wconf 91' lang='lat' dir='ltr'><strong>et</strong></span> <span class='ocrx_word' id='word_1_177' title='bbox 1563 2284 1721 2350; x_wconf 88' lang='lat' dir='ltr'><strong>reditibus</strong></span> <span class='ocrx_word' id='word_1_178' title='bbox 1744 2281 1870 2348; x_wconf 93' lang='lat' dir='ltr'><strong>mobili·</strong></span> 
     </span>
     <span class='ocr_line' id='line_1_18' title="bbox 226 2386 1870 2477; baseline -0.001 -26"><span class='ocrx_word' id='word_1_179' title='bbox 226 2387 287 2453; x_wconf 92' lang='lat' dir='ltr'><strong>bus</strong></span> <span class='ocrx_word' id='word_1_180' title='bbox 310 2398 343 2453; x_wconf 92' lang='lat' dir='ltr'><strong>et</strong></span> <span class='ocrx_word' id='word_1_181' title='bbox 364 2389 586 2455; x_wconf 87' lang='lat' dir='ltr'><strong>immobilibus</strong></span> <span class='ocrx_word' id='word_1_182' title='bbox 610 2393 742 2477; x_wconf 86' lang='lat' dir='ltr'><strong>quesitis</strong></span> <span class='ocrx_word' id='word_1_183' title='bbox 766 2400 798 2454; x_wconf 92' lang='lat' dir='ltr'><strong>et</strong></span> <span class='ocrx_word' id='word_1_184' title='bbox 821 2391 1022 2477; x_wconf 85' lang='lat' dir='ltr'><strong>inquirendis</strong></span> <span class='ocrx_word' id='word_1_185' title='bbox 1045 2400 1076 2455; x_wconf 90' lang='lat' dir='ltr'><strong>et</strong></span> <span class='ocrx_word' id='word_1_186' title='bbox 1105 2412 1178 2455; x_wconf 91' lang='lat' dir='ltr'><strong>cum</strong></span> <span class='ocrx_word' id='word_1_187' title='bbox 1209 2389 1359 2454; x_wconf 92' lang='lat' dir='ltr'><strong>omnibus</strong></span> <span class='ocrx_word' id='word_1_188' title='bbox 1387 2390 1471 2452; x_wconf 89' lang='lat' dir='ltr'><strong>iuste</strong></span> <span class='ocrx_word' id='word_1_189' title='bbox 1499 2387 1711 2474; x_wconf 82' lang='lat' dir='ltr'><strong>legaliterque</strong></span> <span class='ocrx_word' id='word_1_190' title='bbox 1740 2386 1782 2450; x_wconf 85' lang='lat' dir='ltr'><strong>ad</strong></span> <span class='ocrx_word' id='word_1_191' title='bbox 1810 2386 1870 2471; x_wconf 77' lang='lat' dir='ltr'><strong>hec</strong></span> 
     </span>
     <span class='ocr_line' id='line_1_19' title="bbox 226 2489 1869 2575; baseline -0.001 -20"><span class='ocrx_word' id='word_1_192' title='bbox 226 2491 479 2575; x_wconf 87' lang='lat' dir='ltr'><strong>pertinentibus,</strong></span> <span class='ocrx_word' id='word_1_193' title='bbox 514 2515 553 2558; x_wconf 95' lang='lat' dir='ltr'><strong>eo</strong></span> <span class='ocrx_word' id='word_1_194' title='bbox 576 2493 728 2558; x_wconf 88' lang='lat' dir='ltr'><strong>videlicet</strong></span> <span class='ocrx_word' id='word_1_195' title='bbox 750 2496 887 2558; x_wconf 90' lang='lat' dir='ltr'><strong>rationis</strong></span> <span class='ocrx_word' id='word_1_196' title='bbox 910 2503 1022 2559; x_wconf 90' lang='lat' dir='ltr'><strong>tenore</strong></span> <span class='ocrx_word' id='word_1_197' title='bbox 1044 2503 1080 2557; x_wconf 90' lang='lat' dir='ltr'><strong>ut</strong></span> <span class='ocrx_word' id='word_1_198' title='bbox 1102 2495 1166 2556; x_wconf 91' lang='lat' dir='ltr'><strong>iam</strong></span> <span class='ocrx_word' id='word_1_199' title='bbox 1190 2492 1268 2557; x_wconf 91' lang='lat' dir='ltr'><strong>dicti</strong></span> <span class='ocrx_word' id='word_1_200' title='bbox 1292 2492 1408 2557; x_wconf 83' lang='lat' dir='ltr'><strong>fratres</strong></span> <span class='ocrx_word' id='word_1_201' title='bbox 1432 2491 1555 2556; x_wconf 92' lang='lat' dir='ltr'><strong>eisdem</strong></span> <span class='ocrx_word' id='word_1_202' title='bbox 1582 2490 1679 2556; x_wconf 90' lang='lat' dir='ltr'><strong>rebus</strong></span> <span class='ocrx_word' id='word_1_203' title='bbox 1707 2489 1869 2554; x_wconf 89' lang='lat' dir='ltr'><strong>liberrimo</strong></span> 
     </span>
     <span class='ocr_line' id='line_1_20' title="bbox 227 2593 1871 2681; baseline -0.001 -24"><span class='ocrx_word' id='word_1_204' title='bbox 227 2593 381 2679; x_wconf 89' lang='lat' dir='ltr'><strong>deinceps</strong></span> <span class='ocrx_word' id='word_1_205' title='bbox 411 2596 619 2681; x_wconf 86' lang='lat' dir='ltr'><strong>perfruantur</strong></span> <span class='ocrx_word' id='word_1_206' title='bbox 647 2596 781 2661; x_wconf 91' lang='lat' dir='ltr'><strong>arbitrio</strong></span> <span class='ocrx_word' id='word_1_207' title='bbox 813 2607 869 2662; x_wconf 91' lang='lat' dir='ltr'><strong>aut</strong></span> <span class='ocrx_word' id='word_1_208' title='bbox 899 2596 1018 2662; x_wconf 90' lang='lat' dir='ltr'><strong>habere</strong></span> <span class='ocrx_word' id='word_1_209' title='bbox 1049 2608 1106 2662; x_wconf 89' lang='lat' dir='ltr'><strong>aut</strong></span> <span class='ocrx_word' id='word_1_210' title='bbox 1138 2607 1339 2662; x_wconf 89' lang='lat' dir='ltr'><strong>commutare</strong></span> <span class='ocrx_word' id='word_1_211' title='bbox 1367 2595 1419 2660; x_wconf 88' lang='lat' dir='ltr'><strong>vel</strong></span> <span class='ocrx_word' id='word_1_212' title='bbox 1451 2594 1605 2681; x_wconf 88' lang='lat' dir='ltr'><strong>quicquid</strong></span> <span class='ocrx_word' id='word_1_213' title='bbox 1635 2595 1682 2658; x_wconf 91' lang='lat' dir='ltr'><strong>eis</strong></span> <span class='ocrx_word' id='word_1_214' title='bbox 1712 2593 1871 2679; x_wconf 89' lang='lat' dir='ltr'><strong>placuerit</strong></span> 
     </span>
     <span class='ocr_line' id='line_1_21' title="bbox 176 2697 1871 2787; baseline 0.001 -30"><span class='ocrx_word' id='word_1_215' title='bbox 176 2711 210 2758; x_wconf 78' lang='lat'><strong>20</strong></span> <span class='ocrx_word' id='word_1_216' title='bbox 227 2698 346 2762; x_wconf 84' lang='lat' dir='ltr'><strong>exinde</strong></span> <span class='ocrx_word' id='word_1_217' title='bbox 376 2700 494 2764; x_wconf 82' lang='lat' dir='ltr'><strong>facere.</strong></span> <span class='ocrx_word' id='word_1_218' title='bbox 540 2700 769 2767; x_wconf 74' lang='lat' dir='ltr'><strong>Concessimus</strong></span> <span class='ocrx_word' id='word_1_219' title='bbox 799 2704 912 2782; x_wconf 90' lang='lat' dir='ltr'><strong>etiam,</strong></span> <span class='ocrx_word' id='word_1_220' title='bbox 948 2724 1152 2787; x_wconf 89' lang='lat' dir='ltr'><strong>quocumque</strong></span> <span class='ocrx_word' id='word_1_221' title='bbox 1180 2711 1338 2765; x_wconf 90' lang='lat' dir='ltr'><strong>terrarum</strong></span> <span class='ocrx_word' id='word_1_222' title='bbox 1368 2722 1426 2785; x_wconf 93' lang='lat' dir='ltr'><strong>per</strong></span> <span class='ocrx_word' id='word_1_223' title='bbox 1456 2709 1567 2763; x_wconf 89' lang='lat' dir='ltr'><strong>nostra</strong></span> <span class='ocrx_word' id='word_1_224' title='bbox 1595 2719 1696 2780; x_wconf 89' lang='lat' dir='ltr'><strong>regna</strong></span> <span class='ocrx_word' id='word_1_225' title='bbox 1722 2697 1871 2760; x_wconf 91' lang='lat' dir='ltr'><strong>homines</strong></span> 
     </span>
     <span class='ocr_line' id='line_1_22' title="bbox 226 2799 1870 2887; baseline -0.001 -24"><span class='ocrx_word' id='word_1_226' title='bbox 226 2799 354 2864; x_wconf 91' lang='lat' dir='ltr'><strong>illorum</strong></span> <span class='ocrx_word' id='word_1_227' title='bbox 378 2824 436 2887; x_wconf 92' lang='lat' dir='ltr'><strong>pro</strong></span> <span class='ocrx_word' id='word_1_228' title='bbox 461 2806 656 2868; x_wconf 87' lang='lat' dir='ltr'><strong>necessitate</strong></span> <span class='ocrx_word' id='word_1_229' title='bbox 677 2804 729 2870; x_wconf 91' lang='lat' dir='ltr'><strong>vel</strong></span> <span class='ocrx_word' id='word_1_230' title='bbox 753 2804 894 2869; x_wconf 90' lang='lat' dir='ltr'><strong>utilitate</strong></span> <span class='ocrx_word' id='word_1_231' title='bbox 917 2805 959 2869; x_wconf 92' lang='lat' dir='ltr'><strong>ab</strong></span> <span class='ocrx_word' id='word_1_232' title='bbox 983 2807 1030 2870; x_wconf 91' lang='lat' dir='ltr'><strong>eis</strong></span> <span class='ocrx_word' id='word_1_233' title='bbox 1053 2804 1173 2869; x_wconf 84' lang='lat' dir='ltr'><strong>suerint</strong></span> <span class='ocrx_word' id='word_1_234' title='bbox 1194 2805 1393 2885; x_wconf 86' lang='lat' dir='ltr'><strong>transmissi,</strong></span> <span class='ocrx_word' id='word_1_235' title='bbox 1426 2824 1587 2886; x_wconf 86' lang='lat' dir='ltr'><strong>nusquam</strong></span> <span class='ocrx_word' id='word_1_236' title='bbox 1616 2800 1766 2864; x_wconf 88' lang='lat' dir='ltr'><strong>theloneo</strong></span> <span class='ocrx_word' id='word_1_237' title='bbox 1795 2821 1870 2862; x_wconf 90' lang='lat' dir='ltr'><strong>con-</strong></span> 
     </span>
     <span class='ocr_line' id='line_1_23' title="bbox 227 2901 1871 2993; baseline -0.002 -27"><span class='ocrx_word' id='word_1_238' title='bbox 227 2905 429 2986; x_wconf 86' lang='lat' dir='ltr'><strong>stringantur</strong></span> <span class='ocrx_word' id='word_1_239' title='bbox 451 2928 511 2970; x_wconf 94' lang='lat' dir='ltr'><strong>nec</strong></span> <span class='ocrx_word' id='word_1_240' title='bbox 535 2906 616 2971; x_wconf 93' lang='lat' dir='ltr'><strong>illud</strong></span> <span class='ocrx_word' id='word_1_241' title='bbox 643 2906 768 2972; x_wconf 89' lang='lat' dir='ltr'><strong>solvere</strong></span> <span class='ocrx_word' id='word_1_242' title='bbox 798 2932 818 2972; x_wconf 93' lang='lat' dir='ltr'><strong>a</strong></span> <span class='ocrx_word' id='word_1_243' title='bbox 848 2930 1012 2993; x_wconf 90' lang='lat' dir='ltr'><strong>quoquam</strong></span> <span class='ocrx_word' id='word_1_244' title='bbox 1040 2916 1217 2992; x_wconf 85' lang='lat' dir='ltr'><strong>cogantur,</strong></span> <span class='ocrx_word' id='word_1_245' title='bbox 1251 2906 1309 2970; x_wconf 91' lang='lat' dir='ltr'><strong>sed</strong></span> <span class='ocrx_word' id='word_1_246' title='bbox 1336 2904 1413 2970; x_wconf 93' lang='lat' dir='ltr'><strong>inde</strong></span> <span class='ocrx_word' id='word_1_247' title='bbox 1440 2904 1533 2968; x_wconf 92' lang='lat' dir='ltr'><strong>liberi</strong></span> <span class='ocrx_word' id='word_1_248' title='bbox 1564 2903 1688 2967; x_wconf 85' lang='lat' dir='ltr'><strong>vadant</strong></span> <span class='ocrx_word' id='word_1_249' title='bbox 1717 2901 1871 2986; x_wconf 92' lang='lat' dir='ltr'><strong>nulloque</strong></span> 
     </span>
     <span class='ocr_line' id='line_1_24' title="bbox 226 3007 1870 3095; baseline -0.001 -26"><span class='ocrx_word' id='word_1_250' title='bbox 226 3007 426 3091; x_wconf 88' lang='lat' dir='ltr'><strong>inquietante</strong></span> <span class='ocrx_word' id='word_1_251' title='bbox 448 3008 592 3074; x_wconf 88' lang='lat' dir='ltr'><strong>redeant.</strong></span> <span class='ocrx_word' id='word_1_252' title='bbox 637 3011 680 3074; x_wconf 83' lang='lat' dir='ltr'><strong>Et</strong></span> <span class='ocrx_word' id='word_1_253' title='bbox 702 3022 738 3075; x_wconf 92' lang='lat' dir='ltr'><strong>ut</strong></span> <span class='ocrx_word' id='word_1_254' title='bbox 759 3010 819 3095; x_wconf 74' lang='lat' dir='ltr'><strong>hec</strong></span> <span class='ocrx_word' id='word_1_255' title='bbox 841 3021 951 3095; x_wconf 71' lang='lat' dir='ltr'><strong>nostre</strong></span> <span class='ocrx_word' id='word_1_256' title='bbox 981 3011 1168 3076; x_wconf 89' lang='lat' dir='ltr'><strong>donationis</strong></span> <span class='ocrx_word' id='word_1_257' title='bbox 1198 3012 1377 3075; x_wconf 91' lang='lat' dir='ltr'><strong>auctoritas</strong></span> <span class='ocrx_word' id='word_1_258' title='bbox 1406 3009 1529 3073; x_wconf 89' lang='lat' dir='ltr'><strong>firmior</strong></span> <span class='ocrx_word' id='word_1_259' title='bbox 1558 3009 1683 3072; x_wconf 90' lang='lat' dir='ltr'><strong>cunctis</strong></span> <span class='ocrx_word' id='word_1_260' title='bbox 1711 3008 1870 3091; x_wconf 89' lang='lat' dir='ltr'><strong>perpetim</strong></span> 
     </span>
     <span class='ocr_line' id='line_1_25' title="bbox 227 3108 1870 3199; baseline 0.001 -28"><span class='ocrx_word' id='word_1_261' title='bbox 227 3108 394 3193; x_wconf 85' lang='lat' dir='ltr'><strong>credatur,</strong></span> <span class='ocrx_word' id='word_1_262' title='bbox 427 3112 512 3175; x_wconf 90' lang='lat' dir='ltr'><strong>hanc</strong></span> <span class='ocrx_word' id='word_1_263' title='bbox 543 3114 785 3198; x_wconf 88' lang='lat' dir='ltr'><strong>inscriptionem</strong></span> <span class='ocrx_word' id='word_1_264' title='bbox 813 3115 882 3178; x_wconf 90' lang='lat' dir='ltr'><strong>fieri</strong></span> <span class='ocrx_word' id='word_1_265' title='bbox 912 3115 1064 3179; x_wconf 92' lang='lat' dir='ltr'><strong>iussimus</strong></span> <span class='ocrx_word' id='word_1_266' title='bbox 1094 3113 1256 3199; x_wconf 88' lang='lat' dir='ltr'><strong>anuloque</strong></span> <span class='ocrx_word' id='word_1_267' title='bbox 1283 3122 1395 3176; x_wconf 90' lang='lat' dir='ltr'><strong>nostro</strong></span> <span class='ocrx_word' id='word_1_268' title='bbox 1426 3113 1589 3195; x_wconf 85' lang='lat' dir='ltr'><strong>signatam</strong></span> <span class='ocrx_word' id='word_1_269' title='bbox 1616 3133 1716 3175; x_wconf 89' lang='lat' dir='ltr'><strong>manu</strong></span> <span class='ocrx_word' id='word_1_270' title='bbox 1739 3109 1870 3195; x_wconf 90' lang='lat' dir='ltr'><strong>propria</strong></span> 
     </span>
     <span class='ocr_line' id='line_1_26' title="bbox 176 3210 671 3280; baseline 0.016 -9"><span class='ocrx_word' id='word_1_271' title='bbox 176 3225 210 3272; x_wconf 76' lang='lat'><strong>25</strong></span> <span class='ocrx_word' id='word_1_272' title='bbox 229 3210 343 3276; x_wconf 89' lang='lat' dir='ltr'><strong>subtus</strong></span> <span class='ocrx_word' id='word_1_273' title='bbox 367 3235 440 3276; x_wconf 88' lang='lat' dir='ltr'><strong>eam</strong></span> <span class='ocrx_word' id='word_1_274' title='bbox 460 3214 671 3280; x_wconf 84' lang='lat' dir='ltr'><strong>firmavimus.</strong></span> 
     </span>
    </p>
   </div>
   <div class='ocr_carea' id='block_1_6' title="bbox 330 3364 1643 3559">
    <p class='ocr_par' dir='ltr' id='par_1_7' title="bbox 330 3364 1643 3559">
     <span class='ocr_line' id='line_1_27' title="bbox 330 3364 1560 3455; baseline 0.003 -26"><span class='ocrx_word' id='word_1_275' title='bbox 330 3364 465 3449; x_wconf 87' lang='lat' dir='ltr'><strong>Signum</strong></span> <span class='ocrx_word' id='word_1_276' title='bbox 489 3368 599 3433; x_wconf 91' lang='lat' dir='ltr'><strong>domni</strong></span> <span class='ocrx_word' id='word_1_277' title='bbox 623 3367 755 3434; x_wconf 90' lang='lat' dir='ltr'><strong>Ottonis</strong></span> <span class='ocrx_word' id='word_1_278' title='bbox 778 3372 888 3453; x_wconf 85' lang='lat' dir='ltr'><strong>magni</strong></span> <span class='ocrx_word' id='word_1_279' title='bbox 911 3379 943 3434; x_wconf 92' lang='lat' dir='ltr'><strong>et</strong></span> <span class='ocrx_word' id='word_1_280' title='bbox 965 3370 1169 3434; x_wconf 90' lang='lat' dir='ltr'><strong>invictissimi</strong></span> <span class='ocrx_word' id='word_1_281' title='bbox 1193 3371 1397 3455; x_wconf 89' lang='lat' dir='ltr'><strong>imperatoris</strong></span> <span class='ocrx_word' id='word_1_282' title='bbox 1421 3371 1560 3455; x_wconf 86' lang='lat' dir='ltr'><strong>augusti.</strong></span> 
     </span>
     <span class='ocr_line' id='line_1_28' title="bbox 330 3469 1643 3559; baseline 0.002 -27"><span class='ocrx_word' id='word_1_283' title='bbox 330 3469 504 3535; x_wconf 87' lang='lat' dir='ltr'><strong>Livdulfus</strong></span> <span class='ocrx_word' id='word_1_284' title='bbox 527 3473 741 3538; x_wconf 89' lang='lat' dir='ltr'><strong>cancellarius</strong></span> <span class='ocrx_word' id='word_1_285' title='bbox 764 3472 913 3538; x_wconf 89' lang='lat' dir='ltr'><strong>advieem</strong></span> <span class='ocrx_word' id='word_1_286' title='bbox 935 3472 1134 3539; x_wconf 89' lang='lat' dir='ltr'><strong>Uvillihelmi</strong></span> <span class='ocrx_word' id='word_1_287' title='bbox 1158 3472 1434 3559; x_wconf 91' lang='lat' dir='ltr'><strong>archicappellani</strong></span> <span class='ocrx_word' id='word_1_288' title='bbox 1456 3474 1643 3556; x_wconf 87' lang='lat' dir='ltr'><strong>recognovi.</strong></span> 
     </span>
    </p>
   </div>
   <div class='ocr_carea' id='block_1_7' title="bbox 229 3627 1869 3794">
    <p class='ocr_par' dir='ltr' id='par_1_8' title="bbox 229 3627 1869 3794">
     <span class='ocr_line' id='line_1_29' title="bbox 331 3627 1869 3714; baseline 0.003 -29"><span class='ocrx_word' id='word_1_289' title='bbox 331 3670 446 3686; x_wconf 85' lang='grc'><strong>......</strong></span> <span class='ocrx_word' id='word_1_290' title='bbox 468 3646 555 3690; x_wconf 90' lang='lat' dir='ltr'><strong>anno</strong></span> <span class='ocrx_word' id='word_1_291' title='bbox 577 3629 668 3710; x_wconf 87' lang='lat' dir='ltr'><strong>regni</strong></span> <span class='ocrx_word' id='word_1_292' title='bbox 692 3628 802 3693; x_wconf 88' lang='lat' dir='ltr'><strong>domni</strong></span> <span class='ocrx_word' id='word_1_293' title='bbox 827 3627 958 3693; x_wconf 86' lang='lat' dir='ltr'><strong>Ottonis</strong></span> <span class='ocrx_word' id='word_1_294' title='bbox 981 3646 1079 3711; x_wconf 85' lang='lat' dir='ltr'><strong>xxx1,</strong></span> <span class='ocrx_word' id='word_1_295' title='bbox 1104 3630 1230 3714; x_wconf 90' lang='lat' dir='ltr'><strong>imperii</strong></span> <span class='ocrx_word' id='word_1_296' title='bbox 1253 3638 1361 3693; x_wconf 80' lang='lat' dir='ltr'><strong>autern</strong></span> <span class='ocrx_word' id='word_1_297' title='bbox 1385 3646 1423 3709; x_wconf 72' lang='grc' dir='ltr'><strong>νς</strong></span> <span class='ocrx_word' id='word_1_298' title='bbox 1455 3637 1563 3692; x_wconf 88' lang='lat' dir='ltr'><strong>actum</strong></span> <span class='ocrx_word' id='word_1_299' title='bbox 1586 3628 1809 3711; x_wconf 79' lang='lat' dir='ltr'><strong>Nouiomag03</strong></span> <span class='ocrx_word' id='word_1_300' title='bbox 1837 3627 1869 3689; x_wconf 92' lang='lat' dir='ltr'><strong>in</strong></span> 
     </span>
     <span class='ocr_line' id='line_1_30' title="bbox 229 3723 651 3794; baseline 0.017 -7"><span class='ocrx_word' id='word_1_301' title='bbox 229 3723 361 3789; x_wconf 89' lang='lat' dir='ltr'><strong>domino</strong></span> <span class='ocrx_word' id='word_1_302' title='bbox 386 3727 523 3792; x_wconf 86' lang='lat' dir='ltr'><strong>feliciter</strong></span> <span class='ocrx_word' id='word_1_303' title='bbox 546 3752 651 3794; x_wconf 86' lang='lat' dir='ltr'><strong>amen.</strong></span> 
     </span>
    </p>
   </div>
   <div class='ocr_carea' id='block_1_8' title="bbox 177 3973 1827 4236">
    <p class='ocr_par' dir='ltr' id='par_1_9' title="bbox 177 3973 1827 4236">
     <span class='ocr_line' id='line_1_31' title="bbox 177 3973 1090 4048; baseline 0.015 -15"><span class='ocrx_word' id='word_1_304' title='bbox 177 4002 210 4048; x_wconf 79' lang='lat'><strong>30</strong></span> <span class='ocrx_word' id='word_1_305' title='bbox 1004 3973 1090 4047; x_wconf 76' lang='lat'><strong>325.</strong></span> 
     </span>
     <span class='ocr_line' id='line_1_32' title="bbox 237 4120 1827 4236; baseline 0.008 -41"><span class='ocrx_word' id='word_1_306' title='bbox 237 4120 317 4195; x_wconf 84' lang='lat' dir='ltr'><strong>Otto</strong></span> <span class='ocrx_word' id='word_1_307' title='bbox 342 4124 482 4198; x_wconf 80' lang='lat' dir='ltr'><strong>scbenlet</strong></span> <span class='ocrx_word' id='word_1_308' title='bbox 508 4126 578 4198; x_wconf 80' lang='lat' dir='ltr'><strong>deo</strong></span> <span class='ocrx_word' id='word_1_309' title='bbox 603 4127 765 4199; x_wconf 77' lang='lat' dir='ltr'><strong>Nonacri</strong></span> <span class='ocrx_word' id='word_1_310' title='bbox 791 4154 836 4199; x_wconf 80' lang='grc'><em>66</em></span> <span class='ocrx_word' id='word_1_311' title='bbox 862 4127 977 4201; x_wconf 82' lang='lat' dir='ltr'><strong>Essen</strong></span> <span class='ocrx_word' id='word_1_312' title='bbox 1004 4128 1074 4201; x_wconf 82' lang='lat' dir='ltr'><strong>den</strong></span> <span class='ocrx_word' id='word_1_313' title='bbox 1099 4129 1186 4226; x_wconf 77' lang='lat' dir='ltr'><strong>Hos</strong></span> <span class='ocrx_word' id='word_1_314' title='bbox 1204 4126 1380 4200; x_wconf 72' lang='lat' dir='ltr'><strong>Erenaell.</strong></span> <span class='ocrx_word' id='word_1_315' title='bbox 1421 4164 1578 4236; x_wconf 58' lang='lat' dir='ltr'><strong>Duris</strong></span> <span class='ocrx_word' id='word_1_316' title='bbox 1601 4166 1664 4223; x_wconf 84' lang='lat'><strong>966</strong></span> <span class='ocrx_word' id='word_1_317' title='bbox 1685 4161 1776 4219; x_wconf 54' lang='lat' dir='ltr'><strong>Mara</strong></span> <span class='ocrx_word' id='word_1_318' title='bbox 1798 4164 1827 4219; x_wconf 78' lang='lat'><strong>1,</strong></span> 
     </span>
    </p>
   </div>
   <div class='ocr_carea' id='block_1_9' title="bbox 332 4350 1263 4431">
    <p class='ocr_par' dir='ltr' id='par_1_10' title="bbox 332 4350 1263 4431">
     <span class='ocr_line' id='line_1_33' title="bbox 332 4350 1263 4431; baseline 0.004 -23"><span class='ocrx_word' id='word_1_319' title='bbox 332 4350 579 4424; x_wconf 70' lang='lat' dir='ltr'><strong>Originaldiplom</strong></span> <span class='ocrx_word' id='word_1_320' title='bbox 600 4354 642 4410; x_wconf 81' lang='lat' dir='ltr'><strong>im</strong></span> <span class='ocrx_word' id='word_1_321' title='bbox 664 4353 691 4410; x_wconf 80' lang='grc'><em>16.</em></span> <span class='ocrx_word' id='word_1_322' title='bbox 716 4352 918 4413; x_wconf 78' lang='lat' dir='ltr'><strong>Stactsurcbio</strong></span> <span class='ocrx_word' id='word_1_323' title='bbox 937 4372 979 4412; x_wconf 77' lang='grc'><em>66</em></span> <span class='ocrx_word' id='word_1_324' title='bbox 999 4353 1185 4424; x_wconf 74' lang='lat' dir='ltr'><strong>Dttsseldorf</strong></span> <span class='ocrx_word' id='word_1_325' title='bbox 1203 4351 1214 4431; x_wconf 90' lang='lat'>(</span> <span class='ocrx_word' id='word_1_326' title='bbox 1243 4352 1263 4430; x_wconf 87' lang='lat'><strong>).</strong></span> 
     </span>
    </p>
   </div>
   <div class='ocr_carea' id='block_1_10' title="bbox 330 4484 1873 4769">
    <p class='ocr_par' dir='ltr' id='par_1_11' title="bbox 330 4484 1873 4769">
     <span class='ocr_line' id='line_1_34' title="bbox 330 4484 1873 4561; baseline -0.003 -15"><span class='ocrx_word' id='word_1_327' title='bbox 330 4489 433 4561; x_wconf 74' lang='grc'><em>161619</em></span> <span class='ocrx_word' id='word_1_328' title='bbox 454 4488 522 4549; x_wconf 85' lang='lat' dir='ltr'><strong>RA.</strong></span> <span class='ocrx_word' id='word_1_329' title='bbox 547 4486 611 4560; x_wconf 68' lang='lat' dir='ltr'><strong>18l,</strong></span> <span class='ocrx_word' id='word_1_330' title='bbox 635 4495 700 4552; x_wconf 78' lang='lat'><strong>327</strong></span> <span class='ocrx_word' id='word_1_331' title='bbox 720 4496 789 4550; x_wconf 77' lang='lat' dir='ltr'><strong>a⁰4</strong></span> <span class='ocrx_word' id='word_1_332' title='bbox 812 4509 868 4550; x_wconf 82' lang='lat' dir='ltr'><strong>uus</strong></span> <span class='ocrx_word' id='word_1_333' title='bbox 883 4490 1037 4561; x_wconf 79' lang='lat' dir='ltr'><strong>Abschrist</strong></span> <span class='ocrx_word' id='word_1_334' title='bbox 1058 4509 1100 4549; x_wconf 78' lang='grc'><em>66</em></span> <span class='ocrx_word' id='word_1_335' title='bbox 1120 4493 1191 4550; x_wconf 89' lang='grc'><em>967.</em></span> <span class='ocrx_word' id='word_1_336' title='bbox 1216 4523 1258 4532; x_wconf 90' lang='grc'>-</span> <span class='ocrx_word' id='word_1_337' title='bbox 1284 4487 1614 4561; x_wconf 72' lang='grc' dir='ltr'><em>Ονὶ9.θ6611.4,452</em></span> <span class='ocrx_word' id='word_1_338' title='bbox 1636 4504 1691 4546; x_wconf 82' lang='lat' dir='ltr'><strong>aas</strong></span> <span class='ocrx_word' id='word_1_339' title='bbox 1708 4484 1873 4545; x_wconf 76' lang='lat' dir='ltr'><strong>Olrurtalar</strong></span> 
     </span>
     <span class='ocr_line' id='line_1_35' title="bbox 330 4589 1872 4663; baseline -0.003 -14"><span class='ocrx_word' id='word_1_340' title='bbox 330 4610 370 4650; x_wconf 79' lang='lat' dir='ltr'><strong>aa</strong></span> <span class='ocrx_word' id='word_1_341' title='bbox 393 4596 464 4652; x_wconf 91' lang='grc'><em>967.</em></span> <span class='ocrx_word' id='word_1_342' title='bbox 494 4625 536 4635; x_wconf 89' lang='grc'><strong>-</strong></span> <span class='ocrx_word' id='word_1_343' title='bbox 564 4594 731 4653; x_wconf 75' lang='grc'><em>19666616</em></span> <span class='ocrx_word' id='word_1_344' title='bbox 752 4595 957 4653; x_wconf 79' lang='lat' dir='ltr'><strong>Niederrhein.</strong></span> <span class='ocrx_word' id='word_1_345' title='bbox 987 4594 1049 4653; x_wconf 87' lang='lat' dir='ltr'><strong>UB.</strong></span> <span class='ocrx_word' id='word_1_346' title='bbox 1075 4598 1104 4663; x_wconf 87' lang='lat'><strong>1,</strong></span> <span class='ocrx_word' id='word_1_347' title='bbox 1129 4594 1168 4652; x_wconf 89' lang='grc'><em>65</em></span> <span class='ocrx_word' id='word_1_348' title='bbox 1191 4600 1225 4651; x_wconf 67' lang='grc'><em>67</em></span> <span class='ocrx_word' id='word_1_349' title='bbox 1247 4598 1309 4654; x_wconf 86' lang='grc'><em>109</em></span> <span class='ocrx_word' id='word_1_350' title='bbox 1338 4611 1395 4652; x_wconf 81' lang='lat' dir='ltr'><strong>aas</strong></span> <span class='ocrx_word' id='word_1_351' title='bbox 1424 4591 1453 4650; x_wconf 80' lang='lat' dir='ltr'><strong><em>A</em></strong></span> <span class='ocrx_word' id='word_1_352' title='bbox 1476 4616 1516 4644; x_wconf 94' lang='lat'><strong><em>=</em></strong></span> <span class='ocrx_word' id='word_1_353' title='bbox 1539 4591 1661 4650; x_wconf 75' lang='grc'><em>166616</em></span> <span class='ocrx_word' id='word_1_354' title='bbox 1686 4589 1787 4648; x_wconf 72' lang='lat' dir='ltr'><strong>casca.</strong></span> <span class='ocrx_word' id='word_1_355' title='bbox 1816 4605 1872 4646; x_wconf 81' lang='lat' dir='ltr'><strong>sua</strong></span> 
     </span>
     <span class='ocr_line' id='line_1_36' title="bbox 330 4695 1429 4769; baseline 0.001 -17"><span class='ocrx_word' id='word_1_356' title='bbox 330 4695 511 4755; x_wconf 73' lang='grc'><em>1666656</em></span> <span class='ocrx_word' id='word_1_357' title='bbox 533 4702 567 4754; x_wconf 85' lang='grc'><strong>60</strong></span> <span class='ocrx_word' id='word_1_358' title='bbox 590 4698 618 4756; x_wconf 88' lang='lat'><strong>5.</strong></span> <span class='ocrx_word' id='word_1_359' title='bbox 643 4731 685 4739; x_wconf 91' lang='lat'><em>-</em></span> <span class='ocrx_word' id='word_1_360' title='bbox 708 4697 836 4755; x_wconf 70' lang='lat' dir='ltr'><strong>Boline-er</strong></span> <span class='ocrx_word' id='word_1_361' title='bbox 857 4698 929 4769; x_wconf 78' lang='grc'><em>1169.</em></span> <span class='ocrx_word' id='word_1_362' title='bbox 954 4701 1027 4757; x_wconf 85' lang='lat'><em>317.</em></span> <span class='ocrx_word' id='word_1_363' title='bbox 1051 4729 1093 4739; x_wconf 90' lang='lat'><em>-</em></span> <span class='ocrx_word' id='word_1_364' title='bbox 1116 4696 1244 4769; x_wconf 69' lang='grc'><em>8166691</em></span> <span class='ocrx_word' id='word_1_365' title='bbox 1262 4697 1333 4769; x_wconf 74' lang='lat' dir='ltr'><strong>Ray.</strong></span> <span class='ocrx_word' id='word_1_366' title='bbox 1357 4699 1429 4757; x_wconf 80' lang='lat'><em>402.</em></span> 
     </span>
    </p>
   </div>
   <div class='ocr_carea' id='block_1_11' title="bbox 329 4829 1873 5305">
    <p class='ocr_par' dir='ltr' id='par_1_12' title="bbox 329 4829 1873 5305">
     <span class='ocr_line' id='line_1_37' title="bbox 334 4829 1873 4907; baseline -0.002 -19"><span class='ocrx_word' id='word_1_367' title='bbox 334 4830 467 4901; x_wconf 84' lang='lat' dir='ltr'><strong>Versusst</strong></span> <span class='ocrx_word' id='word_1_368' title='bbox 489 4832 553 4890; x_wconf 83' lang='grc'><strong>666</strong></span> <span class='ocrx_word' id='word_1_369' title='bbox 571 4833 755 4906; x_wconf 67' lang='lat' dir='ltr'><strong>pertrahar</strong></span> <span class='ocrx_word' id='word_1_370' title='bbox 776 4851 832 4891; x_wconf 85' lang='grc'><strong>666</strong></span> <span class='ocrx_word' id='word_1_371' title='bbox 854 4834 933 4905; x_wconf 70' lang='lat' dir='ltr'><strong>LK,</strong></span> <span class='ocrx_word' id='word_1_372' title='bbox 969 4835 1088 4893; x_wconf 79' lang='lat' dir='ltr'><strong>welcher</strong></span> <span class='ocrx_word' id='word_1_373' title='bbox 1109 4834 1172 4892; x_wconf 81' lang='lat' dir='ltr'><strong>hier</strong></span> <span class='ocrx_word' id='word_1_374' title='bbox 1193 4836 1247 4892; x_wconf 81' lang='lat' dir='ltr'><strong>wic</strong></span> <span class='ocrx_word' id='word_1_375' title='bbox 1269 4833 1590 4907; x_wconf 74' lang='grc'><em>666619666666666</em></span> <span class='ocrx_word' id='word_1_376' title='bbox 1611 4831 1694 4900; x_wconf 78' lang='lat' dir='ltr'><strong>DD,</strong></span> <span class='ocrx_word' id='word_1_377' title='bbox 1718 4829 1818 4887; x_wconf 78' lang='lat' dir='ltr'><strong>indam</strong></span> <span class='ocrx_word' id='word_1_378' title='bbox 1841 4844 1873 4886; x_wconf 86' lang='lat' dir='ltr'><strong>er</strong></span> 
     </span>
     <span class='ocr_line' id='line_1_38' title="bbox 330 4929 1873 5010; baseline -0.002 -20"><span class='ocrx_word' id='word_1_379' title='bbox 330 4935 443 4992; x_wconf 78' lang='lat' dir='ltr'><strong>ullerlet</strong></span> <span class='ocrx_word' id='word_1_380' title='bbox 458 4935 690 5010; x_wconf 72' lang='lat' dir='ltr'><strong>fcrmclmdssr&#39;qe</strong></span> <span class='ocrx_word' id='word_1_381' title='bbox 713 4937 903 5009; x_wconf 72' lang='grc'><em>1766666966</em></span> <span class='ocrx_word' id='word_1_382' title='bbox 926 4940 1134 5008; x_wconf 73' lang='grc'><em>6666966166</em></span> <span class='ocrx_word' id='word_1_383' title='bbox 1155 4938 1248 5008; x_wconf 75' lang='lat' dir='ltr'><strong>surlet,</strong></span> <span class='ocrx_word' id='word_1_384' title='bbox 1273 4937 1329 4996; x_wconf 79' lang='lat' dir='ltr'><strong>dea</strong></span> <span class='ocrx_word' id='word_1_385' title='bbox 1345 4938 1450 4996; x_wconf 78' lang='lat' dir='ltr'><strong>leen</strong></span> <span class='ocrx_word' id='word_1_386' title='bbox 1465 4936 1515 4994; x_wconf 84' lang='lat' dir='ltr'><strong>des</strong></span> <span class='ocrx_word' id='word_1_387' title='bbox 1530 4936 1663 4993; x_wconf 83' lang='lat' dir='ltr'><strong>Dictates</strong></span> <span class='ocrx_word' id='word_1_388' title='bbox 1678 4932 1794 4991; x_wconf 74' lang='lat' dir='ltr'><strong>verliert</strong></span> <span class='ocrx_word' id='word_1_389' title='bbox 1809 4929 1873 4988; x_wconf 81' lang='lat' dir='ltr'><strong>aad</strong></span> 
     </span>
     <span class='ocr_line' id='line_1_39' title="bbox 330 5035 1871 5113; baseline -0.003 -19"><span class='ocrx_word' id='word_1_390' title='bbox 330 5039 363 5095; x_wconf 80' lang='lat' dir='ltr'><strong>in</strong></span> <span class='ocrx_word' id='word_1_391' title='bbox 385 5038 592 5111; x_wconf 71' lang='grc'><em>1619966666</em></span> <span class='ocrx_word' id='word_1_392' title='bbox 615 5040 663 5097; x_wconf 80' lang='lat' dir='ltr'><strong>dic</strong></span> <span class='ocrx_word' id='word_1_393' title='bbox 685 5041 977 5113; x_wconf 74' lang='lat' dir='ltr'><strong>Hauptscbluywortc</strong></span> <span class='ocrx_word' id='word_1_394' title='bbox 999 5041 1051 5099; x_wconf 83' lang='lat' dir='ltr'><strong>der</strong></span> <span class='ocrx_word' id='word_1_395' title='bbox 1071 5040 1211 5100; x_wconf 76' lang='lat' dir='ltr'><strong>Urkuade</strong></span> <span class='ocrx_word' id='word_1_396' title='bbox 1232 5040 1389 5098; x_wconf 74' lang='lat' dir='ltr'><strong>niehmmtls</strong></span> <span class='ocrx_word' id='word_1_397' title='bbox 1411 5038 1585 5097; x_wconf 73' lang='grc'><em>6596661611.</em></span> <span class='ocrx_word' id='word_1_398' title='bbox 1618 5035 1871 5106; x_wconf 73' lang='grc'><em>1761166616619-</em></span> 
     </span>
     <span class='ocr_line' id='line_1_40' title="bbox 331 5137 1871 5222; baseline -0.001 -25"><span class='ocrx_word' id='word_1_399' title='bbox 331 5141 557 5215; x_wconf 73' lang='grc'><em>6666669616,</em></span> <span class='ocrx_word' id='word_1_400' title='bbox 586 5143 626 5203; x_wconf 85' lang='lat' dir='ltr'><strong>dc</strong></span> <span class='ocrx_word' id='word_1_401' title='bbox 655 5144 707 5202; x_wconf 85' lang='lat' dir='ltr'><strong>der</strong></span> <span class='ocrx_word' id='word_1_402' title='bbox 728 5144 899 5215; x_wconf 73' lang='lat' dir='ltr'><strong>oarefferae</strong></span> <span class='ocrx_word' id='word_1_403' title='bbox 920 5145 1047 5217; x_wconf 79' lang='lat' dir='ltr'><strong>Sternpel</strong></span> <span class='ocrx_word' id='word_1_404' title='bbox 1070 5143 1121 5222; x_wconf 89' lang='lat' dir='ltr'><strong>(N.</strong></span> <span class='ocrx_word' id='word_1_405' title='bbox 1144 5143 1305 5213; x_wconf 69' lang='grc'><em>1661663,</em></span> <span class='ocrx_word' id='word_1_406' title='bbox 1328 5142 1383 5219; x_wconf 85' lang='lat'><strong>33)</strong></span> <span class='ocrx_word' id='word_1_407' title='bbox 1407 5147 1487 5201; x_wconf 81' lang='lat' dir='ltr'><strong>sonet</strong></span> <span class='ocrx_word' id='word_1_408' title='bbox 1511 5145 1570 5200; x_wconf 83' lang='lat' dir='ltr'><strong>crst</strong></span> <span class='ocrx_word' id='word_1_409' title='bbox 1591 5144 1693 5214; x_wconf 76' lang='grc'><em>396166</em></span> <span class='ocrx_word' id='word_1_410' title='bbox 1712 5137 1871 5197; x_wconf 73' lang='grc'><em>666166618-</em></span> 
     </span>
     <span class='ocr_line' id='line_1_41' title="bbox 329 5245 453 5305; baseline 0.024 -3"><span class='ocrx_word' id='word_1_411' title='bbox 329 5245 384 5302; x_wconf 85' lang='lat' dir='ltr'><strong>bar</strong></span> <span class='ocrx_word' id='word_1_412' title='bbox 405 5249 453 5305; x_wconf 76' lang='lat' dir='ltr'><strong>ist.</strong></span> 
     </span>
    </p>
   </div>
   <div class='ocr_carea' id='block_1_12' title="bbox 334 5429 1872 5511">
    <p class='ocr_par' dir='ltr' id='par_1_13' title="bbox 334 5429 1872 5511">
     <span class='ocr_line' id='line_1_42' title="bbox 334 5429 1872 5511; baseline 0 -18"><span class='ocrx_word' id='word_1_413' title='bbox 334 5433 392 5511; x_wconf 82' lang='lat' dir='ltr'>(O.)</span> <span class='ocrx_word' id='word_1_414' title='bbox 416 5431 429 5497; x_wconf 76' lang='lat' dir='ltr'><strong>t</strong></span> <span class='ocrx_word' id='word_1_415' title='bbox 452 5432 489 5495; x_wconf 94' lang='lat' dir='ltr'><strong>In</strong></span> <span class='ocrx_word' id='word_1_416' title='bbox 512 5433 642 5497; x_wconf 90' lang='lat' dir='ltr'><strong>nomine</strong></span> <span class='ocrx_word' id='word_1_417' title='bbox 666 5442 799 5496; x_wconf 88' lang='lat' dir='ltr'><strong>sanctae</strong></span> <span class='ocrx_word' id='word_1_418' title='bbox 822 5440 854 5495; x_wconf 93' lang='lat' dir='ltr'><strong>ct</strong></span> <span class='ocrx_word' id='word_1_419' title='bbox 876 5431 1064 5496; x_wconf 90' lang='lat' dir='ltr'><strong>individuae</strong></span> <span class='ocrx_word' id='word_1_420' title='bbox 1086 5433 1250 5497; x_wconf 86' lang='lat' dir='ltr'><strong>trinitatis.</strong></span> <span class='ocrx_word' id='word_1_421' title='bbox 1296 5429 1375 5496; x_wconf 90' lang='lat' dir='ltr'><strong>Otto</strong></span> <span class='ocrx_word' id='word_1_422' title='bbox 1405 5430 1517 5494; x_wconf 93' lang='lat' dir='ltr'><strong>divina</strong></span> <span class='ocrx_word' id='word_1_423' title='bbox 1544 5430 1673 5494; x_wconf 85' lang='lat' dir='ltr'><strong>favente</strong></span> <span class='ocrx_word' id='word_1_424' title='bbox 1700 5429 1872 5494; x_wconf 90' lang='lat' dir='ltr'><strong>clementia</strong></span> 
     </span>
    </p>
   </div>
   <div class='ocr_carea' id='block_1_13' title="bbox 229 5532 1871 5619">
    <p class='ocr_par' dir='ltr' id='par_1_14' title="bbox 229 5532 1871 5619">
     <span class='ocr_line' id='line_1_43' title="bbox 229 5532 1871 5619; baseline 0.001 -23"><span class='ocrx_word' id='word_1_425' title='bbox 229 5535 407 5619; x_wconf 89' lang='lat' dir='ltr'><strong>imperator</strong></span> <span class='ocrx_word' id='word_1_426' title='bbox 428 5545 586 5618; x_wconf 87' lang='lat' dir='ltr'><strong>augustus</strong></span> <span class='ocrx_word' id='word_1_427' title='bbox 609 5536 830 5601; x_wconf 88' lang='lat' dir='ltr'><strong>Romanorum</strong></span> <span class='ocrx_word' id='word_1_428' title='bbox 858 5557 898 5600; x_wconf 98' lang='lat' dir='ltr'><strong>ac</strong></span> <span class='ocrx_word' id='word_1_429' title='bbox 920 5536 1132 5600; x_wconf 81' lang='lat' dir='ltr'><strong>Francorum.</strong></span> <span class='ocrx_word' id='word_1_430' title='bbox 1232 5533 1395 5615; x_wconf 83' lang='lat' dir='ltr'><strong>Quoniam</strong></span> <span class='ocrx_word' id='word_1_431' title='bbox 1424 5535 1533 5617; x_wconf 89' lang='lat' dir='ltr'><strong>regiae</strong></span> <span class='ocrx_word' id='word_1_432' title='bbox 1561 5532 1613 5597; x_wconf 92' lang='lat' dir='ltr'><strong>vel</strong></span> <span class='ocrx_word' id='word_1_433' title='bbox 1641 5534 1871 5619; x_wconf 90' lang='lat' dir='ltr'><strong>imperatoriae</strong></span> 
     </span>
    </p>
   </div>
   <div class='ocr_carea' id='block_1_14' title="bbox 315 5721 1267 5791">
    <p class='ocr_par' dir='ltr' id='par_1_15' title="bbox 315 5721 1267 5791">
     <span class='ocr_line' id='line_1_44' title="bbox 315 5721 1267 5791; baseline 0.001 -18"><span class='ocrx_word' id='word_1_434' title='bbox 315 5721 495 5790; x_wconf 66' lang='grc'><em>1269616]</em></span> <span class='ocrx_word' id='word_1_435' title='bbox 599 5725 625 5788; x_wconf 87' lang='lat' dir='ltr'><strong>a)</strong></span> <span class='ocrx_word' id='word_1_436' title='bbox 644 5725 786 5775; x_wconf 83' lang='lat' dir='ltr'><strong>roborandi</strong></span> <span class='ocrx_word' id='word_1_437' title='bbox 804 5723 963 5791; x_wconf 82' lang='lat' dir='ltr'><strong>patefieriA</strong></span> <span class='ocrx_word' id='word_1_438' title='bbox 1067 5724 1094 5785; x_wconf 89' lang='lat' dir='ltr'><strong>h)</strong></span> <span class='ocrx_word' id='word_1_439' title='bbox 1114 5724 1218 5775; x_wconf 87' lang='lat' dir='ltr'><strong>Nakala</strong></span> <span class='ocrx_word' id='word_1_440' title='bbox 1234 5722 1267 5774; x_wconf 80' lang='grc' dir='ltr'><strong>Δ.</strong></span> 
     </span>
    </p>
   </div>
   <div class='ocr_carea' id='block_1_15' title="bbox 0 0 2254 6420">
    <p class='ocr_par' dir='ltr' id='par_1_16' title="bbox 0 0 2254 6420">
     <span class='ocr_line' id='line_1_45' title="bbox 0 0 2254 6420; baseline 0 1"><span class='ocrx_word' id='word_1_441' title='bbox 0 0 2254 6420; x_wconf 95' lang='lat' dir='ltr'><strong> </strong></span> 
     </span>
    </p>
   </div>
  </div>
 </body>
</html>
