<?xml version="1.0" encoding="UTF-8"?>
<!DOCTYPE html PUBLIC "-//W3C//DTD XHTML 1.0 Transitional//EN"
    "http://www.w3.org/TR/xhtml1/DTD/xhtml1-transitional.dtd">
<html xmlns="http://www.w3.org/1999/xhtml" xml:lang="en" lang="en">
 <head>
  <title>
</title>
<meta http-equiv="Content-Type" content="text/html;charset=utf-8" />
  <meta name='ocr-system' content='tesseract 3.04.00' />
  <meta name='ocr-capabilities' content='ocr_page ocr_carea ocr_par ocr_line ocrx_word'/>
</head>
<body>
  <div class='ocr_page' id='page_1' title='image "./conradiiheinric00ottogoog_0344.png"; bbox 0 0 4500 6420; ppageno 0'>
   <div class='ocr_carea' id='block_1_1' title="bbox 246 394 1287 488">
    <p class='ocr_par' dir='ltr' id='par_1_1' title="bbox 246 394 1287 488">
     <span class='ocr_line' id='line_1_1' title="bbox 246 394 1287 488; baseline -0.006 -1"><span class='ocrx_word' id='word_1_1' title='bbox 246 422 310 488; x_wconf 80' lang='lat'>312</span> <span class='ocrx_word' id='word_1_2' title='bbox 839 394 1287 487; x_wconf 60' lang='lat' dir='ltr'>nnr&#39;ssuuanonunn.</span> 
     </span>
    </p>
   </div>
   <div class='ocr_carea' id='block_1_2' title="bbox 238 607 1942 3791">
    <p class='ocr_par' dir='ltr' id='par_1_2' title="bbox 238 607 1942 3791">
     <span class='ocr_line' id='line_1_2' title="bbox 247 607 1890 697; baseline -0.002 -21"><span class='ocrx_word' id='word_1_3' title='bbox 247 612 380 693; x_wconf 81' lang='lat' dir='ltr'><strong>dustria,</strong></span> <span class='ocrx_word' id='word_1_4' title='bbox 405 609 544 697; x_wconf 90' lang='lat' dir='ltr'>qualiter</span> <span class='ocrx_word' id='word_1_5' title='bbox 565 612 615 675; x_wconf 91' lang='lat' dir='ltr'>vir</span> <span class='ocrx_word' id='word_1_6' title='bbox 636 608 831 674; x_wconf 90' lang='lat' dir='ltr'>venerabilis</span> <span class='ocrx_word' id='word_1_7' title='bbox 853 610 983 673; x_wconf 92' lang='lat' dir='ltr'>nomine</span> <span class='ocrx_word' id='word_1_8' title='bbox 1006 607 1241 689; x_wconf 85' lang='lat' dir='ltr'>Landwardus,</span> <span class='ocrx_word' id='word_1_9' title='bbox 1265 610 1463 693; x_wconf 72' lang='lat' dir='ltr'>episcopusa</span> <span class='ocrx_word' id='word_1_10' title='bbox 1486 609 1611 673; x_wconf 88' lang='lat' dir='ltr'>scilieet</span> <span class='ocrx_word' id='word_1_11' title='bbox 1633 608 1791 674; x_wconf 88' lang='lat' dir='ltr'>ecclesiae</span> <span class='ocrx_word' id='word_1_12' title='bbox 1815 630 1890 673; x_wconf 91' lang='lat' dir='ltr'>con-</span> 
     </span>
     <span class='ocr_line' id='line_1_3' title="bbox 246 708 1889 796; baseline -0.002 -17"><span class='ocrx_word' id='word_1_13' title='bbox 246 724 386 781; x_wconf 85' lang='lat' dir='ltr'><strong>structae</strong></span> <span class='ocrx_word' id='word_1_14' title='bbox 414 716 448 778; x_wconf 91' lang='lat' dir='ltr'>in</span> <span class='ocrx_word' id='word_1_15' title='bbox 477 713 633 778; x_wconf 81' lang='lat' dir='ltr'><strong>honorem</strong></span> <span class='ocrx_word' id='word_1_16' title='bbox 662 714 765 776; x_wconf 88' lang='lat' dir='ltr'>sancti</span> <span class='ocrx_word' id='word_1_17' title='bbox 794 712 881 776; x_wconf 90' lang='lat' dir='ltr'>Petri</span> <span class='ocrx_word' id='word_1_18' title='bbox 910 712 1067 796; x_wconf 87' lang='lat' dir='ltr'>principis</span> <span class='ocrx_word' id='word_1_19' title='bbox 1096 709 1318 795; x_wconf 88' lang='lat' dir='ltr'>apostolorum</span> <span class='ocrx_word' id='word_1_20' title='bbox 1345 713 1379 774; x_wconf 94' lang='lat' dir='ltr'>in</span> <span class='ocrx_word' id='word_1_21' title='bbox 1401 711 1474 775; x_wconf 87' lang='lat' dir='ltr'>loco</span> <span class='ocrx_word' id='word_1_22' title='bbox 1498 713 1553 796; x_wconf 93' lang='lat' dir='ltr'>qui</span> <span class='ocrx_word' id='word_1_23' title='bbox 1576 711 1695 776; x_wconf 91' lang='lat' dir='ltr'>dicitur</span> <span class='ocrx_word' id='word_1_24' title='bbox 1716 708 1889 793; x_wconf 65' lang='lat' dir='ltr'>Mindunl’,</span> 
     </span>
     <span class='ocr_line' id='line_1_4' title="bbox 245 815 1890 901; baseline -0.001 -21"><span class='ocrx_word' id='word_1_25' title='bbox 245 816 352 882; x_wconf 90' lang='lat' dir='ltr'>attulit</span> <span class='ocrx_word' id='word_1_26' title='bbox 379 819 413 881; x_wconf 93' lang='lat' dir='ltr'>in</span> <span class='ocrx_word' id='word_1_27' title='bbox 441 825 586 880; x_wconf 88' lang='lat' dir='ltr'>nostram</span> <span class='ocrx_word' id='word_1_28' title='bbox 615 815 833 899; x_wconf 80' lang='lat' dir='ltr'>praesentiam</span> <span class='ocrx_word' id='word_1_29' title='bbox 861 815 998 899; x_wconf 84' lang='lat' dir='ltr'>piissimi</span> <span class='ocrx_word' id='word_1_30' title='bbox 1029 815 1185 898; x_wconf 83' lang='lat' dir='ltr'>genitoris</span> <span class='ocrx_word' id='word_1_31' title='bbox 1214 815 1317 878; x_wconf 86' lang='lat' dir='ltr'>nostri</span> <span class='ocrx_word' id='word_1_32' title='bbox 1346 822 1613 901; x_wconf 87' lang='lat' dir='ltr'>caeterorumque</span> <span class='ocrx_word' id='word_1_33' title='bbox 1646 824 1890 880; x_wconf 89' lang='lat' dir='ltr'>antecessorum</span> 
     </span>
     <span class='ocr_line' id='line_1_5' title="bbox 243 915 1891 1003; baseline -0.002 -19"><span class='ocrx_word' id='word_1_34' title='bbox 243 929 428 985; x_wconf 91' lang='lat' dir='ltr'>nostrorum</span> <span class='ocrx_word' id='word_1_35' title='bbox 450 940 562 1003; x_wconf 82' lang='lat' dir='ltr'>regum</span> <span class='ocrx_word' id='word_1_36' title='bbox 585 919 772 1003; x_wconf 88' lang='lat' dir='ltr'>conscripta</span> <span class='ocrx_word' id='word_1_37' title='bbox 794 919 826 981; x_wconf 93' lang='lat' dir='ltr'>in</span> <span class='ocrx_word' id='word_1_38' title='bbox 850 915 967 1002; x_wconf 93' lang='lat' dir='ltr'>quibus</span> <span class='ocrx_word' id='word_1_39' title='bbox 991 917 1218 981; x_wconf 88' lang='lat' dir='ltr'>continebatur</span> <span class='ocrx_word' id='word_1_40' title='bbox 1229 925 1250 999; x_wconf 74' lang='lat'>⁰,</span> <span class='ocrx_word' id='word_1_41' title='bbox 1286 915 1425 1001; x_wconf 77' lang='lat' dir='ltr'>qualiter</span> <span class='ocrx_word' id='word_1_42' title='bbox 1451 917 1514 1000; x_wconf 89' lang='lat' dir='ltr'>ipsi</span> <span class='ocrx_word' id='word_1_43' title='bbox 1543 917 1710 1000; x_wconf 79' lang='lat' dir='ltr'><strong>praefatae</strong></span> <span class='ocrx_word' id='word_1_44' title='bbox 1732 916 1891 981; x_wconf 88' lang='lat' dir='ltr'>ecclesiae</span> 
     </span>
     <span class='ocr_line' id='line_1_6' title="bbox 243 1019 1925 1106; baseline -0.002 -19"><span class='ocrx_word' id='word_1_45' title='bbox 243 1045 293 1088; x_wconf 91' lang='lat' dir='ltr'>res</span> <span class='ocrx_word' id='word_1_46' title='bbox 323 1045 397 1086; x_wconf 90' lang='lat' dir='ltr'>cum</span> <span class='ocrx_word' id='word_1_47' title='bbox 427 1021 577 1086; x_wconf 90' lang='lat' dir='ltr'>omnibus</span> <span class='ocrx_word' id='word_1_48' title='bbox 606 1022 639 1084; x_wconf 95' lang='lat' dir='ltr'>in</span> <span class='ocrx_word' id='word_1_49' title='bbox 669 1022 749 1105; x_wconf 89' lang='lat' dir='ltr'>ipsis</span> <span class='ocrx_word' id='word_1_50' title='bbox 777 1019 875 1085; x_wconf 90' lang='lat' dir='ltr'>rebus</span> <span class='ocrx_word' id='word_1_51' title='bbox 906 1022 1158 1086; x_wconf 79' lang='lat' dir='ltr'>consistentibus</span> <span class='ocrx_word' id='word_1_52' title='bbox 1188 1021 1248 1086; x_wconf 91' lang='lat' dir='ltr'>sub</span> <span class='ocrx_word' id='word_1_53' title='bbox 1277 1020 1406 1086; x_wconf 91' lang='lat' dir='ltr'>illorum</span> <span class='ocrx_word' id='word_1_54' title='bbox 1435 1031 1628 1106; x_wconf 84' lang='lat' dir='ltr'>recepenmt</span> <span class='ocrx_word' id='word_1_55' title='bbox 1652 1020 1925 1102; x_wconf 64' lang='lat' dir='ltr'>mundeburdae</span> 
     </span>
     <span class='ocr_line' id='line_1_7' title="bbox 243 1123 1890 1212; baseline -0.001 -22"><span class='ocrx_word' id='word_1_56' title='bbox 243 1137 459 1212; x_wconf 80' lang='lat' dir='ltr'>precatusque</span> <span class='ocrx_word' id='word_1_57' title='bbox 482 1133 532 1188; x_wconf 88' lang='lat' dir='ltr'>est</span> <span class='ocrx_word' id='word_1_58' title='bbox 553 1123 833 1189; x_wconf 87' lang='lat' dir='ltr'>mansuetudinem</span> <span class='ocrx_word' id='word_1_59' title='bbox 856 1133 1016 1205; x_wconf 89' lang='lat' dir='ltr'>nostram,</span> <span class='ocrx_word' id='word_1_60' title='bbox 1051 1132 1087 1189; x_wconf 91' lang='lat' dir='ltr'>ut</span> <span class='ocrx_word' id='word_1_61' title='bbox 1108 1123 1170 1188; x_wconf 90' lang='lat' dir='ltr'>hoc</span> <span class='ocrx_word' id='word_1_62' title='bbox 1193 1125 1300 1207; x_wconf 87' lang='lat' dir='ltr'>ipsum</span> <span class='ocrx_word' id='word_1_63' title='bbox 1323 1146 1343 1186; x_wconf 88' lang='lat' dir='ltr'>a</span> <span class='ocrx_word' id='word_1_64' title='bbox 1366 1132 1497 1188; x_wconf 83' lang='lat' dir='ltr'>nostrae</span> <span class='ocrx_word' id='word_1_65' title='bbox 1519 1124 1695 1210; x_wconf 89' lang='lat' dir='ltr'>imperialis</span> <span class='ocrx_word' id='word_1_66' title='bbox 1718 1126 1890 1210; x_wconf 86' lang='lat' dir='ltr'>potestatis</span> 
     </span>
     <span class='ocr_line' id='line_1_8' title="bbox 242 1226 1889 1295; baseline -0.002 0"><span class='ocrx_word' id='word_1_67' title='bbox 242 1251 403 1295; x_wconf 86' lang='lat' dir='ltr'>consensu</span> <span class='ocrx_word' id='word_1_68' title='bbox 436 1228 506 1293; x_wconf 90' lang='lat' dir='ltr'>fieri</span> <span class='ocrx_word' id='word_1_69' title='bbox 540 1250 607 1293; x_wconf 91' lang='lat' dir='ltr'>nou</span> <span class='ocrx_word' id='word_1_70' title='bbox 640 1250 873 1293; x_wconf 89' lang='lat' dir='ltr'>recusaremus.</span> <span class='ocrx_word' id='word_1_71' title='bbox 918 1228 986 1293; x_wconf 87' lang='lat' dir='ltr'>Nos</span> <span class='ocrx_word' id='word_1_72' title='bbox 1017 1238 1125 1292; x_wconf 90' lang='lat' dir='ltr'>autem</span> <span class='ocrx_word' id='word_1_73' title='bbox 1156 1226 1196 1292; x_wconf 94' lang='lat' dir='ltr'>ob</span> <span class='ocrx_word' id='word_1_74' title='bbox 1228 1250 1371 1292; x_wconf 90' lang='lat' dir='ltr'>amorem</span> <span class='ocrx_word' id='word_1_75' title='bbox 1402 1227 1453 1292; x_wconf 90' lang='lat' dir='ltr'>dei</span> <span class='ocrx_word' id='word_1_76' title='bbox 1487 1238 1519 1291; x_wconf 92' lang='lat' dir='ltr'>et</span> <span class='ocrx_word' id='word_1_77' title='bbox 1550 1228 1728 1293; x_wconf 89' lang='lat' dir='ltr'>remedium</span> <span class='ocrx_word' id='word_1_78' title='bbox 1761 1232 1889 1293; x_wconf 89' lang='lat' dir='ltr'>animae</span> 
     </span>
     <span class='ocr_line' id='line_1_9' title="bbox 242 1333 1889 1417; baseline -0.001 -20"><span class='ocrx_word' id='word_1_79' title='bbox 242 1342 374 1398; x_wconf 91' lang='lat' dir='ltr'>nostrae</span> <span class='ocrx_word' id='word_1_80' title='bbox 396 1353 435 1396; x_wconf 89' lang='lat' dir='ltr'>ac</span> <span class='ocrx_word' id='word_1_81' title='bbox 458 1334 502 1417; x_wconf 93' lang='lat' dir='ltr'>pii</span> <span class='ocrx_word' id='word_1_82' title='bbox 525 1333 680 1415; x_wconf 87' lang='lat' dir='ltr'>genitoris</span> <span class='ocrx_word' id='word_1_83' title='bbox 701 1333 803 1395; x_wconf 93' lang='lat' dir='ltr'>nostri</span> <span class='ocrx_word' id='word_1_84' title='bbox 827 1340 1093 1415; x_wconf 89' lang='lat' dir='ltr'>caeterorumque</span> <span class='ocrx_word' id='word_1_85' title='bbox 1116 1340 1358 1395; x_wconf 89' lang='lat' dir='ltr'>antecessorum</span> <span class='ocrx_word' id='word_1_86' title='bbox 1380 1338 1565 1395; x_wconf 89' lang='lat' dir='ltr'>nostrorum</span> <span class='ocrx_word' id='word_1_87' title='bbox 1594 1352 1707 1415; x_wconf 90' lang='lat' dir='ltr'>regum</span> <span class='ocrx_word' id='word_1_88' title='bbox 1734 1351 1796 1395; x_wconf 92' lang='lat' dir='ltr'>nec</span> <span class='ocrx_word' id='word_1_89' title='bbox 1823 1352 1889 1395; x_wconf 91' lang='lat' dir='ltr'>non</span> 
     </span>
     <span class='ocr_line' id='line_1_10' title="bbox 240 1431 1890 1521; baseline -0.003 -19"><span class='ocrx_word' id='word_1_90' title='bbox 240 1446 273 1502; x_wconf 94' lang='lat' dir='ltr'>et</span> <span class='ocrx_word' id='word_1_91' title='bbox 299 1459 358 1521; x_wconf 95' lang='lat' dir='ltr'>pro</span> <span class='ocrx_word' id='word_1_92' title='bbox 388 1445 519 1501; x_wconf 89' lang='lat' dir='ltr'>nostrae</span> <span class='ocrx_word' id='word_1_93' title='bbox 547 1433 706 1499; x_wconf 83' lang='lat' dir='ltr'>mercedis</span> <span class='ocrx_word' id='word_1_94' title='bbox 735 1443 909 1517; x_wconf 88' lang='lat' dir='ltr'>augmento</span> <span class='ocrx_word' id='word_1_95' title='bbox 939 1442 1093 1518; x_wconf 90' lang='lat' dir='ltr'>paternos</span> <span class='ocrx_word' id='word_1_96' title='bbox 1121 1455 1227 1497; x_wconf 89' lang='lat' dir='ltr'>mores</span> <span class='ocrx_word' id='word_1_97' title='bbox 1258 1441 1427 1517; x_wconf 90' lang='lat' dir='ltr'>sequentes</span> <span class='ocrx_word' id='word_1_98' title='bbox 1450 1440 1483 1496; x_wconf 89' lang='lat' dir='ltr'>et</span> <span class='ocrx_word' id='word_1_99' title='bbox 1504 1431 1698 1517; x_wconf 86' lang='lat' dir='ltr'>benignitati</span> <span class='ocrx_word' id='word_1_100' title='bbox 1721 1435 1791 1499; x_wconf 91' lang='lat' dir='ltr'>eius</span> <span class='ocrx_word' id='word_1_101' title='bbox 1813 1454 1890 1497; x_wconf 90' lang='lat' dir='ltr'>con-</span> 
     </span>
     <span class='ocr_line' id='line_1_11' title="bbox 242 1534 1942 1621; baseline -0.006 -17"><span class='ocrx_word' id='word_1_102' title='bbox 242 1542 416 1604; x_wconf 87' lang='lat' dir='ltr'>sentientes</span> <span class='ocrx_word' id='word_1_103' title='bbox 440 1541 486 1603; x_wconf 92' lang='lat' dir='ltr'>ita</span> <span class='ocrx_word' id='word_1_104' title='bbox 507 1538 577 1603; x_wconf 85' lang='lat' dir='ltr'>lieri</span> <span class='ocrx_word' id='word_1_105' title='bbox 600 1538 812 1602; x_wconf 85' lang='lat' dir='ltr'>decrevimus.</span> <span class='ocrx_word' id='word_1_106' title='bbox 857 1536 1099 1620; x_wconf 87' lang='lat' dir='ltr'>Praecipientes</span> <span class='ocrx_word' id='word_1_107' title='bbox 1122 1558 1199 1620; x_wconf 90' lang='lat' dir='ltr'>ergo</span> <span class='ocrx_word' id='word_1_108' title='bbox 1229 1535 1378 1600; x_wconf 89' lang='lat' dir='ltr'>iubemus</span> <span class='ocrx_word' id='word_1_109' title='bbox 1406 1544 1442 1599; x_wconf 90' lang='lat' dir='ltr'>ut</span> <span class='ocrx_word' id='word_1_110' title='bbox 1468 1534 1576 1600; x_wconf 89' lang='lat' dir='ltr'>nullus</span> <span class='ocrx_word' id='word_1_111' title='bbox 1609 1536 1709 1601; x_wconf 88' lang='lat' dir='ltr'>iudex</span> <span class='ocrx_word' id='word_1_112' title='bbox 1738 1534 1889 1621; x_wconf 91' lang='lat' dir='ltr'>publicus</span> <span class='ocrx_word' id='word_1_113' title='bbox 1909 1547 1942 1595; x_wconf 85' lang='lat' dir='ltr'>lo</span> 
     </span>
     <span class='ocr_line' id='line_1_12' title="bbox 241 1637 1889 1726; baseline -0.002 -20"><span class='ocrx_word' id='word_1_114' title='bbox 241 1641 293 1706; x_wconf 91' lang='lat' dir='ltr'>vel</span> <span class='ocrx_word' id='word_1_115' title='bbox 322 1640 474 1726; x_wconf 91' lang='lat' dir='ltr'>quislibet</span> <span class='ocrx_word' id='word_1_116' title='bbox 501 1663 543 1704; x_wconf 85' lang='lat' dir='ltr'>ex</span> <span class='ocrx_word' id='word_1_117' title='bbox 570 1640 741 1705; x_wconf 89' lang='lat' dir='ltr'>iudiciaria</span> <span class='ocrx_word' id='word_1_118' title='bbox 771 1649 932 1724; x_wconf 80' lang='lat' dir='ltr'>potestate</span> <span class='ocrx_word' id='word_1_119' title='bbox 960 1641 995 1702; x_wconf 93' lang='lat' dir='ltr'>iu</span> <span class='ocrx_word' id='word_1_120' title='bbox 1021 1637 1178 1702; x_wconf 87' lang='lat' dir='ltr'>ecclesias</span> <span class='ocrx_word' id='word_1_121' title='bbox 1201 1649 1257 1703; x_wconf 93' lang='lat' dir='ltr'>aut</span> <span class='ocrx_word' id='word_1_122' title='bbox 1279 1637 1353 1703; x_wconf 93' lang='lat' dir='ltr'>loca</span> <span class='ocrx_word' id='word_1_123' title='bbox 1376 1638 1428 1703; x_wconf 89' lang='lat' dir='ltr'>vel</span> <span class='ocrx_word' id='word_1_124' title='bbox 1451 1659 1548 1722; x_wconf 82' lang='lat' dir='ltr'>agros</span> <span class='ocrx_word' id='word_1_125' title='bbox 1572 1661 1629 1703; x_wconf 89' lang='lat' dir='ltr'>seu</span> <span class='ocrx_word' id='word_1_126' title='bbox 1650 1638 1792 1724; x_wconf 87' lang='lat' dir='ltr'>reliquas</span> <span class='ocrx_word' id='word_1_127' title='bbox 1815 1661 1889 1725; x_wconf 93' lang='lat' dir='ltr'>pos·</span> 
     </span>
     <span class='ocr_line' id='line_1_13' title="bbox 243 1740 1891 1828; baseline -0.001 -20"><span class='ocrx_word' id='word_1_128' title='bbox 243 1745 405 1808; x_wconf 88' lang='lat' dir='ltr'>sessiones</span> <span class='ocrx_word' id='word_1_129' title='bbox 428 1745 493 1807; x_wconf 88' lang='lat' dir='ltr'>iam</span> <span class='ocrx_word' id='word_1_130' title='bbox 516 1743 622 1807; x_wconf 89' lang='lat' dir='ltr'>dictae</span> <span class='ocrx_word' id='word_1_131' title='bbox 645 1742 804 1807; x_wconf 90' lang='lat' dir='ltr'>ecclesiae</span> <span class='ocrx_word' id='word_1_132' title='bbox 828 1764 909 1828; x_wconf 87' lang='lat' dir='ltr'>quas</span> <span class='ocrx_word' id='word_1_133' title='bbox 931 1763 1017 1805; x_wconf 88' lang='lat' dir='ltr'>nunc</span> <span class='ocrx_word' id='word_1_134' title='bbox 1041 1741 1126 1805; x_wconf 85' lang='lat' dir='ltr'>infra</span> <span class='ocrx_word' id='word_1_135' title='bbox 1149 1740 1306 1805; x_wconf 89' lang='lat' dir='ltr'>ditionem</span> <span class='ocrx_word' id='word_1_136' title='bbox 1327 1744 1419 1827; x_wconf 90' lang='lat' dir='ltr'>regni</span> <span class='ocrx_word' id='word_1_137' title='bbox 1441 1744 1543 1807; x_wconf 90' lang='lat' dir='ltr'>nostri</span> <span class='ocrx_word' id='word_1_138' title='bbox 1573 1741 1699 1826; x_wconf 88' lang='lat' dir='ltr'>legibus</span> <span class='ocrx_word' id='word_1_139' title='bbox 1722 1742 1891 1826; x_wconf 89' lang='lat' dir='ltr'>possideat</span> 
     </span>
     <span class='ocr_line' id='line_1_14' title="bbox 241 1843 1889 1932; baseline 0.001 -21"><span class='ocrx_word' id='word_1_140' title='bbox 241 1847 293 1911; x_wconf 89' lang='lat' dir='ltr'>vel</span> <span class='ocrx_word' id='word_1_141' title='bbox 317 1869 401 1932; x_wconf 90' lang='lat' dir='ltr'>quae</span> <span class='ocrx_word' id='word_1_142' title='bbox 424 1846 578 1931; x_wconf 90' lang='lat' dir='ltr'>deinceps</span> <span class='ocrx_word' id='word_1_143' title='bbox 601 1847 634 1909; x_wconf 94' lang='lat' dir='ltr'>in</span> <span class='ocrx_word' id='word_1_144' title='bbox 657 1847 728 1910; x_wconf 91' lang='lat' dir='ltr'>iura</span> <span class='ocrx_word' id='word_1_145' title='bbox 751 1848 820 1910; x_wconf 89' lang='lat' dir='ltr'>eius</span> <span class='ocrx_word' id='word_1_146' title='bbox 844 1846 953 1909; x_wconf 90' lang='lat' dir='ltr'>divina</span> <span class='ocrx_word' id='word_1_147' title='bbox 976 1846 1081 1929; x_wconf 86' lang='lat' dir='ltr'>pietas</span> <span class='ocrx_word' id='word_1_148' title='bbox 1099 1843 1238 1909; x_wconf 91' lang='lat' dir='ltr'>voluerit</span> <span class='ocrx_word' id='word_1_149' title='bbox 1260 1848 1381 1929; x_wconf 87' lang='lat' dir='ltr'>augeri,</span> <span class='ocrx_word' id='word_1_150' title='bbox 1405 1846 1448 1910; x_wconf 90' lang='lat' dir='ltr'>ad</span> <span class='ocrx_word' id='word_1_151' title='bbox 1470 1869 1587 1912; x_wconf 88' lang='lat' dir='ltr'>causas</span> <span class='ocrx_word' id='word_1_152' title='bbox 1608 1846 1778 1911; x_wconf 90' lang='lat' dir='ltr'>iudiciario</span> <span class='ocrx_word' id='word_1_153' title='bbox 1800 1868 1889 1913; x_wconf 89' lang='lat' dir='ltr'>more</span> 
     </span>
     <span class='ocr_line' id='line_1_15' title="bbox 242 1945 1889 2033; baseline 0 -19"><span class='ocrx_word' id='word_1_154' title='bbox 242 1949 422 2015; x_wconf 90' lang='lat' dir='ltr'>audiendas</span> <span class='ocrx_word' id='word_1_155' title='bbox 440 1949 493 2013; x_wconf 92' lang='lat' dir='ltr'>vel</span> <span class='ocrx_word' id='word_1_156' title='bbox 510 1949 603 2014; x_wconf 85' lang='lat' dir='ltr'>freda</span> <span class='ocrx_word' id='word_1_157' title='bbox 625 1948 788 2033; x_wconf 88' lang='lat' dir='ltr'>exigenda</span> <span class='ocrx_word' id='word_1_158' title='bbox 811 1949 996 2013; x_wconf 89' lang='lat' dir='ltr'>mansiones</span> <span class='ocrx_word' id='word_1_159' title='bbox 1017 1945 1071 2011; x_wconf 90' lang='lat' dir='ltr'>vel</span> <span class='ocrx_word' id='word_1_160' title='bbox 1094 1945 1254 2032; x_wconf 65' lang='lat' dir='ltr'>paratas(l</span> <span class='ocrx_word' id='word_1_161' title='bbox 1275 1948 1444 2013; x_wconf 83' lang='lat' dir='ltr'>faciendas</span> <span class='ocrx_word' id='word_1_162' title='bbox 1467 1959 1523 2014; x_wconf 90' lang='lat' dir='ltr'>aut</span> <span class='ocrx_word' id='word_1_163' title='bbox 1545 1948 1753 2015; x_wconf 90' lang='lat' dir='ltr'>fideiussores</span> <span class='ocrx_word' id='word_1_164' title='bbox 1776 1950 1889 2016; x_wconf 90' lang='lat' dir='ltr'>tollen-</span> 
     </span>
     <span class='ocr_line' id='line_1_16' title="bbox 242 2049 1941 2135; baseline 0 -21"><span class='ocrx_word' id='word_1_165' title='bbox 242 2049 301 2116; x_wconf 92' lang='lat' dir='ltr'>dos</span> <span class='ocrx_word' id='word_1_166' title='bbox 330 2061 387 2115; x_wconf 90' lang='lat' dir='ltr'>aut</span> <span class='ocrx_word' id='word_1_167' title='bbox 414 2051 561 2116; x_wconf 87' lang='lat' dir='ltr'>homines</span> <span class='ocrx_word' id='word_1_168' title='bbox 591 2053 693 2135; x_wconf 90' lang='lat' dir='ltr'>ipsius</span> <span class='ocrx_word' id='word_1_169' title='bbox 721 2050 857 2134; x_wconf 74' lang='lat' dir='ltr'>ecclesie</span> <span class='ocrx_word' id='word_1_170' title='bbox 887 2061 1001 2116; x_wconf 91' lang='lat' dir='ltr'>contra</span> <span class='ocrx_word' id='word_1_171' title='bbox 1028 2053 1187 2115; x_wconf 90' lang='lat' dir='ltr'>rationem</span> <span class='ocrx_word' id='word_1_172' title='bbox 1215 2050 1455 2135; x_wconf 86' lang='lat' dir='ltr'>distringendos</span> <span class='ocrx_word' id='word_1_173' title='bbox 1484 2076 1544 2117; x_wconf 93' lang='lat' dir='ltr'>nec</span> <span class='ocrx_word' id='word_1_174' title='bbox 1571 2052 1656 2118; x_wconf 88' lang='lat' dir='ltr'>ullas</span> <span class='ocrx_word' id='word_1_175' title='bbox 1678 2054 1888 2120; x_wconf 86' lang='lat' dir='ltr'>redibitiones</span> <span class='ocrx_word' id='word_1_176' title='bbox 1909 2067 1941 2115; x_wconf 79' lang='lat'>15</span> 
     </span>
     <span class='ocr_line' id='line_1_17' title="bbox 241 2154 1889 2242; baseline 0.001 -24"><span class='ocrx_word' id='word_1_177' title='bbox 241 2155 293 2218; x_wconf 92' lang='lat' dir='ltr'>vel</span> <span class='ocrx_word' id='word_1_178' title='bbox 322 2156 495 2219; x_wconf 89' lang='lat' dir='ltr'>inusitatas</span> <span class='ocrx_word' id='word_1_179' title='bbox 526 2156 715 2219; x_wconf 89' lang='lat' dir='ltr'>occasiones</span> <span class='ocrx_word' id='word_1_180' title='bbox 737 2154 950 2242; x_wconf 89' lang='lat' dir='ltr'>requirendas</span> <span class='ocrx_word' id='word_1_181' title='bbox 973 2154 1039 2220; x_wconf 94' lang='lat' dir='ltr'>ullo</span> <span class='ocrx_word' id='word_1_182' title='bbox 1063 2176 1207 2241; x_wconf 93' lang='lat' dir='ltr'>unquam</span> <span class='ocrx_word' id='word_1_183' title='bbox 1230 2163 1376 2240; x_wconf 89' lang='lat' dir='ltr'>tempore</span> <span class='ocrx_word' id='word_1_184' title='bbox 1399 2155 1524 2239; x_wconf 86' lang='lat' dir='ltr'>ingredi</span> <span class='ocrx_word' id='word_1_185' title='bbox 1548 2155 1668 2219; x_wconf 89' lang='lat' dir='ltr'>audeat</span> <span class='ocrx_word' id='word_1_186' title='bbox 1689 2156 1741 2219; x_wconf 89' lang='lat' dir='ltr'>vel</span> <span class='ocrx_word' id='word_1_187' title='bbox 1764 2178 1803 2219; x_wconf 91' lang='lat' dir='ltr'>ea</span> <span class='ocrx_word' id='word_1_188' title='bbox 1827 2179 1889 2242; x_wconf 78' lang='lat' dir='ltr'>que</span> 
     </span>
     <span class='ocr_line' id='line_1_18' title="bbox 242 2257 1889 2344; baseline 0.003 -24"><span class='ocrx_word' id='word_1_189' title='bbox 242 2279 342 2342; x_wconf 89' lang='lat' dir='ltr'>supra</span> <span class='ocrx_word' id='word_1_190' title='bbox 364 2266 544 2322; x_wconf 89' lang='lat' dir='ltr'>memorata</span> <span class='ocrx_word' id='word_1_191' title='bbox 566 2267 642 2322; x_wconf 88' lang='lat' dir='ltr'>sunt</span> <span class='ocrx_word' id='word_1_192' title='bbox 666 2259 796 2343; x_wconf 91' lang='lat' dir='ltr'>penitus</span> <span class='ocrx_word' id='word_1_193' title='bbox 822 2259 954 2340; x_wconf 85' lang='lat' dir='ltr'>exigere</span> <span class='ocrx_word' id='word_1_194' title='bbox 980 2268 1155 2342; x_wconf 74' lang='lat' dir='ltr'>presumat.</span> <span class='ocrx_word' id='word_1_195' title='bbox 1199 2257 1397 2323; x_wconf 91' lang='lat' dir='ltr'>Hominibus</span> <span class='ocrx_word' id='word_1_196' title='bbox 1427 2280 1555 2344; x_wconf 92' lang='lat' dir='ltr'>quoque</span> <span class='ocrx_word' id='word_1_197' title='bbox 1583 2258 1777 2323; x_wconf 89' lang='lat' dir='ltr'>famulatum</span> <span class='ocrx_word' id='word_1_198' title='bbox 1805 2262 1889 2325; x_wconf 92' lang='lat' dir='ltr'>eius·</span> 
     </span>
     <span class='ocr_line' id='line_1_19' title="bbox 242 2360 1888 2446; baseline 0 -21"><span class='ocrx_word' id='word_1_199' title='bbox 242 2361 317 2426; x_wconf 94' lang='lat' dir='ltr'>dem</span> <span class='ocrx_word' id='word_1_200' title='bbox 339 2364 524 2427; x_wconf 82' lang='lat' dir='ltr'>monasterii</span> <span class='ocrx_word' id='word_1_201' title='bbox 547 2361 741 2425; x_wconf 87' lang='lat' dir='ltr'>facientibus</span> <span class='ocrx_word' id='word_1_202' title='bbox 764 2362 818 2446; x_wconf 93' lang='lat' dir='ltr'>qui</span> <span class='ocrx_word' id='word_1_203' title='bbox 843 2361 1007 2425; x_wconf 87' lang='lat' dir='ltr'>Saxonice</span> <span class='ocrx_word' id='word_1_204' title='bbox 1029 2360 1173 2425; x_wconf 89' lang='lat' dir='ltr'>malman</span> <span class='ocrx_word' id='word_1_205' title='bbox 1196 2360 1364 2442; x_wconf 89' lang='lat' dir='ltr'>dicuntur,</span> <span class='ocrx_word' id='word_1_206' title='bbox 1398 2362 1602 2446; x_wconf 87' lang='lat' dir='ltr'>praedictum</span> <span class='ocrx_word' id='word_1_207' title='bbox 1628 2361 1888 2426; x_wconf 88' lang='lat' dir='ltr'>mundeburdum</span> 
     </span>
     <span class='ocr_line' id='line_1_20' title="bbox 241 2465 1888 2551; baseline 0.001 -22"><span class='ocrx_word' id='word_1_208' title='bbox 241 2474 274 2529; x_wconf 90' lang='lat' dir='ltr'>et</span> <span class='ocrx_word' id='word_1_209' title='bbox 296 2467 465 2530; x_wconf 89' lang='lat' dir='ltr'>tuitionem</span> <span class='ocrx_word' id='word_1_210' title='bbox 487 2474 633 2531; x_wconf 89' lang='lat' dir='ltr'>nostram</span> <span class='ocrx_word' id='word_1_211' title='bbox 656 2465 902 2548; x_wconf 88' lang='lat' dir='ltr'>constituimus,</span> <span class='ocrx_word' id='word_1_212' title='bbox 936 2475 972 2529; x_wconf 94' lang='lat' dir='ltr'>ut</span> <span class='ocrx_word' id='word_1_213' title='bbox 994 2468 1093 2530; x_wconf 89' lang='lat' dir='ltr'>etiam</span> <span class='ocrx_word' id='word_1_214' title='bbox 1120 2487 1231 2529; x_wconf 91' lang='lat' dir='ltr'>coram</span> <span class='ocrx_word' id='word_1_215' title='bbox 1260 2465 1350 2530; x_wconf 92' lang='lat' dir='ltr'>nulla</span> <span class='ocrx_word' id='word_1_216' title='bbox 1378 2466 1548 2530; x_wconf 90' lang='lat' dir='ltr'>iudiciaria</span> <span class='ocrx_word' id='word_1_217' title='bbox 1575 2474 1737 2551; x_wconf 88' lang='lat' dir='ltr'>potestate</span> <span class='ocrx_word' id='word_1_218' title='bbox 1765 2468 1888 2531; x_wconf 83' lang='lat' dir='ltr'>exami-</span> 
     </span>
     <span class='ocr_line' id='line_1_21' title="bbox 241 2568 1940 2655; baseline 0.002 -23"><span class='ocrx_word' id='word_1_219' title='bbox 241 2580 358 2633; x_wconf 90' lang='lat' dir='ltr'>nentur</span> <span class='ocrx_word' id='word_1_220' title='bbox 379 2571 440 2633; x_wconf 93' lang='lat' dir='ltr'>nisi</span> <span class='ocrx_word' id='word_1_221' title='bbox 465 2592 576 2634; x_wconf 91' lang='lat' dir='ltr'>coram</span> <span class='ocrx_word' id='word_1_222' title='bbox 599 2570 753 2655; x_wconf 87' lang='lat' dir='ltr'>episeopo</span> <span class='ocrx_word' id='word_1_223' title='bbox 778 2579 836 2634; x_wconf 92' lang='lat' dir='ltr'>aut</span> <span class='ocrx_word' id='word_1_224' title='bbox 859 2568 1021 2633; x_wconf 87' lang='lat' dir='ltr'>advocato</span> <span class='ocrx_word' id='word_1_225' title='bbox 1046 2591 1142 2654; x_wconf 88' lang='lat' dir='ltr'>quem</span> <span class='ocrx_word' id='word_1_226' title='bbox 1164 2569 1310 2633; x_wconf 89' lang='lat' dir='ltr'>eiusdem</span> <span class='ocrx_word' id='word_1_227' title='bbox 1332 2568 1396 2633; x_wconf 91' lang='lat' dir='ltr'>loci</span> <span class='ocrx_word' id='word_1_228' title='bbox 1420 2572 1594 2655; x_wconf 90' lang='lat' dir='ltr'>episcopus</span> <span class='ocrx_word' id='word_1_229' title='bbox 1613 2569 1756 2654; x_wconf 88' lang='lat' dir='ltr'>elegerit.</span> <span class='ocrx_word' id='word_1_230' title='bbox 1791 2569 1888 2650; x_wconf 76' lang='lat' dir='ltr'>Quic·</span> <span class='ocrx_word' id='word_1_231' title='bbox 1906 2588 1940 2636; x_wconf 80' lang='lat'>20</span> 
     </span>
     <span class='ocr_line' id='line_1_22' title="bbox 241 2671 1888 2757; baseline 0.002 -23"><span class='ocrx_word' id='word_1_232' title='bbox 241 2671 320 2756; x_wconf 94' lang='lat' dir='ltr'>quid</span> <span class='ocrx_word' id='word_1_233' title='bbox 346 2694 424 2736; x_wconf 91' lang='lat' dir='ltr'>vero</span> <span class='ocrx_word' id='word_1_234' title='bbox 453 2672 553 2737; x_wconf 86' lang='lat' dir='ltr'>fiscus</span> <span class='ocrx_word' id='word_1_235' title='bbox 581 2672 701 2737; x_wconf 83' lang='lat' dir='ltr'>exinde</span> <span class='ocrx_word' id='word_1_236' title='bbox 732 2694 863 2757; x_wconf 91' lang='lat' dir='ltr'>sperare</span> <span class='ocrx_word' id='word_1_237' title='bbox 893 2674 1050 2755; x_wconf 89' lang='lat' dir='ltr'>potuerit,</span> <span class='ocrx_word' id='word_1_238' title='bbox 1080 2694 1139 2756; x_wconf 92' lang='lat' dir='ltr'>pro</span> <span class='ocrx_word' id='word_1_239' title='bbox 1163 2682 1296 2735; x_wconf 90' lang='lat' dir='ltr'>aeterna</span> <span class='ocrx_word' id='word_1_240' title='bbox 1317 2674 1577 2736; x_wconf 88' lang='lat' dir='ltr'>remuneratione</span> <span class='ocrx_word' id='word_1_241' title='bbox 1600 2672 1706 2738; x_wconf 87' lang='lat' dir='ltr'>dietae</span> <span class='ocrx_word' id='word_1_242' title='bbox 1729 2672 1888 2738; x_wconf 87' lang='lat' dir='ltr'>ecclesiae</span> 
     </span>
     <span class='ocr_line' id='line_1_23' title="bbox 240 2774 1889 2861; baseline 0.002 -23"><span class='ocrx_word' id='word_1_243' title='bbox 240 2774 284 2838; x_wconf 88' lang='lat' dir='ltr'>ad</span> <span class='ocrx_word' id='word_1_244' title='bbox 307 2775 469 2860; x_wconf 88' lang='lat' dir='ltr'>stipendia</span> <span class='ocrx_word' id='word_1_245' title='bbox 492 2798 672 2861; x_wconf 93' lang='lat' dir='ltr'>pauperum</span> <span class='ocrx_word' id='word_1_246' title='bbox 695 2785 727 2840; x_wconf 89' lang='lat' dir='ltr'>et</span> <span class='ocrx_word' id='word_1_247' title='bbox 748 2774 922 2840; x_wconf 89' lang='lat' dir='ltr'>luminaria</span> <span class='ocrx_word' id='word_1_248' title='bbox 945 2774 1194 2840; x_wconf 79' lang='lat' dir='ltr'>concinnanda⁰</span> <span class='ocrx_word' id='word_1_249' title='bbox 1217 2779 1448 2859; x_wconf 86' lang='lat' dir='ltr'>concessimus,</span> <span class='ocrx_word' id='word_1_250' title='bbox 1473 2778 1598 2861; x_wconf 87' lang='lat' dir='ltr'>etipse</span> <span class='ocrx_word' id='word_1_251' title='bbox 1621 2779 1794 2861; x_wconf 89' lang='lat' dir='ltr'>episcopus</span> <span class='ocrx_word' id='word_1_252' title='bbox 1814 2799 1889 2841; x_wconf 91' lang='lat' dir='ltr'>cum</span> 
     </span>
     <span class='ocr_line' id='line_1_24' title="bbox 240 2875 1887 2963; baseline 0.002 -23"><span class='ocrx_word' id='word_1_253' title='bbox 240 2875 392 2941; x_wconf 89' lang='lat' dir='ltr'>omnibus</span> <span class='ocrx_word' id='word_1_254' title='bbox 418 2876 514 2941; x_wconf 90' lang='lat' dir='ltr'>rebus</span> <span class='ocrx_word' id='word_1_255' title='bbox 543 2879 610 2942; x_wconf 89' lang='lat' dir='ltr'>suis</span> <span class='ocrx_word' id='word_1_256' title='bbox 639 2887 750 2942; x_wconf 88' lang='lat' dir='ltr'>nostro</span> <span class='ocrx_word' id='word_1_257' title='bbox 773 2877 913 2942; x_wconf 88' lang='lat' dir='ltr'>fideliter</span> <span class='ocrx_word' id='word_1_258' title='bbox 935 2890 1050 2963; x_wconf 91' lang='lat' dir='ltr'>pareat</span> <span class='ocrx_word' id='word_1_259' title='bbox 1073 2880 1208 2963; x_wconf 88' lang='lat' dir='ltr'>imperio</span> <span class='ocrx_word' id='word_1_260' title='bbox 1232 2888 1264 2943; x_wconf 88' lang='lat' dir='ltr'>et</span> <span class='ocrx_word' id='word_1_261' title='bbox 1287 2879 1346 2943; x_wconf 91' lang='lat' dir='ltr'>sub</span> <span class='ocrx_word' id='word_1_262' title='bbox 1370 2891 1482 2945; x_wconf 91' lang='lat' dir='ltr'>nostra</span> <span class='ocrx_word' id='word_1_263' title='bbox 1505 2882 1665 2944; x_wconf 86' lang='lat' dir='ltr'>consistat</span> <span class='ocrx_word' id='word_1_264' title='bbox 1688 2881 1887 2962; x_wconf 85' lang='lat' dir='ltr'>defensione,</span> 
     </span>
     <span class='ocr_line' id='line_1_25' title="bbox 240 2982 1887 3071; baseline 0.002 -28"><span class='ocrx_word' id='word_1_265' title='bbox 240 2990 399 3063; x_wconf 90' lang='lat' dir='ltr'>quatenus</span> <span class='ocrx_word' id='word_1_266' title='bbox 427 2982 534 3066; x_wconf 92' lang='lat' dir='ltr'>ipsum</span> <span class='ocrx_word' id='word_1_267' title='bbox 562 2982 743 3067; x_wconf 88' lang='lat' dir='ltr'>fratresque</span> <span class='ocrx_word' id='word_1_268' title='bbox 772 2982 916 3046; x_wconf 89' lang='lat' dir='ltr'>eiusdem</span> <span class='ocrx_word' id='word_1_269' title='bbox 944 2982 1007 3047; x_wconf 91' lang='lat' dir='ltr'>loci</span> <span class='ocrx_word' id='word_1_270' title='bbox 1037 3005 1096 3068; x_wconf 93' lang='lat' dir='ltr'>pro</span> <span class='ocrx_word' id='word_1_271' title='bbox 1125 2983 1220 3047; x_wconf 92' lang='lat' dir='ltr'>uobis</span> <span class='ocrx_word' id='word_1_272' title='bbox 1246 2987 1383 3067; x_wconf 87' lang='lat' dir='ltr'>coniuge</span> <span class='ocrx_word' id='word_1_273' title='bbox 1406 2983 1561 3071; x_wconf 90' lang='lat' dir='ltr'>proleque</span> <span class='ocrx_word' id='word_1_274' title='bbox 1584 2994 1697 3048; x_wconf 89' lang='lat' dir='ltr'>nostra</span> <span class='ocrx_word' id='word_1_275' title='bbox 1720 2983 1887 3049; x_wconf 91' lang='lat' dir='ltr'>domiuum</span> 
     </span>
     <span class='ocr_line' id='line_1_26' title="bbox 239 3083 1939 3172; baseline 0.001 -26"><span class='ocrx_word' id='word_1_276' title='bbox 239 3083 354 3148; x_wconf 87' lang='lat' dir='ltr'>melius</span> <span class='ocrx_word' id='word_1_277' title='bbox 383 3085 562 3169; x_wconf 84' lang='lat' dir='ltr'>iugiterque</span> <span class='ocrx_word' id='word_1_278' title='bbox 593 3107 731 3150; x_wconf 84' lang='lat' dir='ltr'>exorare</span> <span class='ocrx_word' id='word_1_279' title='bbox 759 3085 908 3150; x_wconf 86' lang='lat' dir='ltr'>delectet.</span> <span class='ocrx_word' id='word_1_280' title='bbox 952 3086 1122 3150; x_wconf 89' lang='lat' dir='ltr'>Fratribus</span> <span class='ocrx_word' id='word_1_281' title='bbox 1155 3095 1264 3151; x_wconf 90' lang='lat' dir='ltr'>autem</span> <span class='ocrx_word' id='word_1_282' title='bbox 1294 3087 1437 3151; x_wconf 90' lang='lat' dir='ltr'>eiusdem</span> <span class='ocrx_word' id='word_1_283' title='bbox 1469 3087 1533 3151; x_wconf 90' lang='lat' dir='ltr'>loci</span> <span class='ocrx_word' id='word_1_284' title='bbox 1565 3088 1703 3172; x_wconf 85' lang='lat' dir='ltr'>praefati</span> <span class='ocrx_word' id='word_1_285' title='bbox 1738 3087 1887 3152; x_wconf 90' lang='lat' dir='ltr'>dedimus</span> <span class='ocrx_word' id='word_1_286' title='bbox 1905 3102 1939 3148; x_wconf 76' lang='lat' dir='ltr'>aa</span> 
     </span>
     <span class='ocr_line' id='line_1_27' title="bbox 239 3185 1888 3275; baseline 0.003 -26"><span class='ocrx_word' id='word_1_287' title='bbox 239 3185 406 3250; x_wconf 87' lang='lat' dir='ltr'>licentiam</span> <span class='ocrx_word' id='word_1_288' title='bbox 429 3186 568 3270; x_wconf 86' lang='lat' dir='ltr'>eligendi</span> <span class='ocrx_word' id='word_1_289' title='bbox 591 3198 756 3273; x_wconf 91' lang='lat' dir='ltr'>pastorem</span> <span class='ocrx_word' id='word_1_290' title='bbox 778 3189 861 3253; x_wconf 89' lang='lat' dir='ltr'>inter</span> <span class='ocrx_word' id='word_1_291' title='bbox 885 3212 918 3252; x_wconf 94' lang='lat' dir='ltr'>se</span> <span class='ocrx_word' id='word_1_292' title='bbox 942 3188 1200 3275; x_wconf 87' lang='lat' dir='ltr'>qualemcunque</span> <span class='ocrx_word' id='word_1_293' title='bbox 1222 3190 1398 3273; x_wconf 89' lang='lat' dir='ltr'>voluerint,</span> <span class='ocrx_word' id='word_1_294' title='bbox 1432 3193 1478 3254; x_wconf 90' lang='lat' dir='ltr'>ita</span> <span class='ocrx_word' id='word_1_295' title='bbox 1506 3201 1615 3255; x_wconf 84' lang='lat' dir='ltr'>tamen</span> <span class='ocrx_word' id='word_1_296' title='bbox 1644 3192 1670 3254; x_wconf 90' lang='lat' dir='ltr'>si</span> <span class='ocrx_word' id='word_1_297' title='bbox 1699 3191 1774 3254; x_wconf 89' lang='lat' dir='ltr'>talis</span> <span class='ocrx_word' id='word_1_298' title='bbox 1805 3193 1888 3254; x_wconf 88' lang='lat' dir='ltr'>inter</span> 
     </span>
     <span class='ocr_line' id='line_1_28' title="bbox 240 3291 1888 3377; baseline 0.002 -24"><span class='ocrx_word' id='word_1_299' title='bbox 240 3312 298 3354; x_wconf 90' lang='lat' dir='ltr'>eos</span> <span class='ocrx_word' id='word_1_300' title='bbox 319 3291 503 3354; x_wconf 89' lang='lat' dir='ltr'>inveniatur</span> <span class='ocrx_word' id='word_1_301' title='bbox 525 3292 580 3375; x_wconf 86' lang='lat' dir='ltr'>qui</span> <span class='ocrx_word' id='word_1_302' title='bbox 603 3294 670 3354; x_wconf 85' lang='lat' dir='ltr'>vita</span> <span class='ocrx_word' id='word_1_303' title='bbox 693 3301 725 3354; x_wconf 92' lang='lat' dir='ltr'>et</span> <span class='ocrx_word' id='word_1_304' title='bbox 746 3291 891 3355; x_wconf 90' lang='lat' dir='ltr'>moribus</span> <span class='ocrx_word' id='word_1_305' title='bbox 915 3292 1072 3377; x_wconf 92' lang='lat' dir='ltr'>probatus</span> <span class='ocrx_word' id='word_1_306' title='bbox 1096 3291 1267 3358; x_wconf 87' lang='lat' dir='ltr'>habeatur.</span> <span class='ocrx_word' id='word_1_307' title='bbox 1300 3295 1345 3359; x_wconf 85' lang='lat' dir='ltr'>Et</span> <span class='ocrx_word' id='word_1_308' title='bbox 1367 3305 1401 3358; x_wconf 92' lang='lat' dir='ltr'>ut</span> <span class='ocrx_word' id='word_1_309' title='bbox 1423 3291 1530 3358; x_wconf 76' lang='lat' dir='ltr'>baecf</span> <span class='ocrx_word' id='word_1_310' title='bbox 1550 3305 1681 3359; x_wconf 85' lang='lat' dir='ltr'>nostrae</span> <span class='ocrx_word' id='word_1_311' title='bbox 1704 3297 1888 3359; x_wconf 87' lang='lat' dir='ltr'>concessio-</span> 
     </span>
     <span class='ocr_line' id='line_1_29' title="bbox 239 3392 1887 3482; baseline 0.002 -27"><span class='ocrx_word' id='word_1_312' title='bbox 239 3394 289 3455; x_wconf 92' lang='lat' dir='ltr'>nis</span> <span class='ocrx_word' id='word_1_313' title='bbox 313 3395 492 3457; x_wconf 87' lang='lat' dir='ltr'>auctoritas</span> <span class='ocrx_word' id='word_1_314' title='bbox 515 3392 692 3477; x_wconf 89' lang='lat' dir='ltr'>pleniorem</span> <span class='ocrx_word' id='word_1_315' title='bbox 719 3395 752 3456; x_wconf 92' lang='lat' dir='ltr'>in</span> <span class='ocrx_word' id='word_1_316' title='bbox 784 3393 833 3457; x_wconf 92' lang='lat' dir='ltr'>dei</span> <span class='ocrx_word' id='word_1_317' title='bbox 866 3397 996 3459; x_wconf 90' lang='lat' dir='ltr'>nomine</span> <span class='ocrx_word' id='word_1_318' title='bbox 1028 3394 1173 3459; x_wconf 88' lang='lat' dir='ltr'>obtineat</span> <span class='ocrx_word' id='word_1_319' title='bbox 1202 3397 1402 3479; x_wconf 87' lang='lat' dir='ltr'>firmitatem,</span> <span class='ocrx_word' id='word_1_320' title='bbox 1437 3399 1590 3462; x_wconf 87' lang='lat' dir='ltr'>iussimus</span> <span class='ocrx_word' id='word_1_321' title='bbox 1622 3397 1793 3482; x_wconf 88' lang='lat' dir='ltr'>praelibati</span> <span class='ocrx_word' id='word_1_322' title='bbox 1823 3396 1887 3462; x_wconf 87' lang='lat' dir='ltr'>loci</span> 
     </span>
     <span class='ocr_line' id='line_1_30' title="bbox 239 3495 1887 3584; baseline 0.002 -25"><span class='ocrx_word' id='word_1_323' title='bbox 239 3498 394 3581; x_wconf 87' lang='lat' dir='ltr'>episcopo</span> <span class='ocrx_word' id='word_1_324' title='bbox 418 3495 481 3559; x_wconf 89' lang='lat' dir='ltr'>hoc</span> <span class='ocrx_word' id='word_1_325' title='bbox 504 3518 660 3580; x_wconf 88' lang='lat' dir='ltr'>praeseus</span> <span class='ocrx_word' id='word_1_326' title='bbox 682 3506 893 3581; x_wconf 88' lang='lat' dir='ltr'>praeceptum</span> <span class='ocrx_word' id='word_1_327' title='bbox 916 3498 1079 3562; x_wconf 86' lang='lat' dir='ltr'>conscribi</span> <span class='ocrx_word' id='word_1_328' title='bbox 1103 3508 1244 3562; x_wconf 71' lang='lat' dir='ltr'>manusg</span> <span class='ocrx_word' id='word_1_329' title='bbox 1274 3510 1404 3564; x_wconf 90' lang='lat' dir='ltr'>nostrae</span> <span class='ocrx_word' id='word_1_330' title='bbox 1427 3501 1638 3584; x_wconf 90' lang='lat' dir='ltr'>inscriptione</span> <span class='ocrx_word' id='word_1_331' title='bbox 1661 3500 1887 3564; x_wconf 87' lang='lat' dir='ltr'>confirmatum</span> 
     </span>
     <span class='ocr_line' id='line_1_31' title="bbox 240 3600 1938 3688; baseline -0.001 -24"><span class='ocrx_word' id='word_1_332' title='bbox 240 3600 352 3665; x_wconf 90' lang='lat' dir='ltr'>subtus</span> <span class='ocrx_word' id='word_1_333' title='bbox 382 3611 414 3664; x_wconf 91' lang='lat' dir='ltr'>et</span> <span class='ocrx_word' id='word_1_334' title='bbox 442 3600 553 3665; x_wconf 92' lang='lat' dir='ltr'>annuli</span> <span class='ocrx_word' id='word_1_335' title='bbox 584 3603 684 3665; x_wconf 90' lang='lat' dir='ltr'>nostri</span> <span class='ocrx_word' id='word_1_336' title='bbox 714 3603 928 3686; x_wconf 89' lang='lat' dir='ltr'>impressione</span> <span class='ocrx_word' id='word_1_337' title='bbox 956 3601 1160 3666; x_wconf 88' lang='lat' dir='ltr'>corroborari</span> <span class='ocrx_word' id='word_1_338' title='bbox 1190 3626 1249 3688; x_wconf 92' lang='lat' dir='ltr'>pro</span> <span class='ocrx_word' id='word_1_339' title='bbox 1280 3604 1331 3668; x_wconf 93' lang='lat' dir='ltr'>dei</span> <span class='ocrx_word' id='word_1_340' title='bbox 1361 3626 1471 3667; x_wconf 90' lang='lat' dir='ltr'>amore</span> <span class='ocrx_word' id='word_1_341' title='bbox 1499 3613 1531 3666; x_wconf 89' lang='lat' dir='ltr'>et</span> <span class='ocrx_word' id='word_1_342' title='bbox 1560 3603 1736 3667; x_wconf 89' lang='lat' dir='ltr'>stabilitate</span> <span class='ocrx_word' id='word_1_343' title='bbox 1758 3604 1884 3687; x_wconf 91' lang='lat' dir='ltr'>imperii</span> <span class='ocrx_word' id='word_1_344' title='bbox 1905 3615 1938 3663; x_wconf 82' lang='lat'>³0</span> 
     </span>
     <span class='ocr_line' id='line_1_32' title="bbox 238 3704 1386 3791; baseline 0.003 -25"><span class='ocrx_word' id='word_1_345' title='bbox 238 3706 341 3768; x_wconf 91' lang='lat' dir='ltr'>nostri</span> <span class='ocrx_word' id='word_1_346' title='bbox 365 3715 397 3767; x_wconf 89' lang='lat' dir='ltr'>et</span> <span class='ocrx_word' id='word_1_347' title='bbox 419 3704 643 3768; x_wconf 90' lang='lat' dir='ltr'>incolumitate</span> <span class='ocrx_word' id='word_1_348' title='bbox 666 3713 779 3769; x_wconf 88' lang='lat' dir='ltr'>nostra</span> <span class='ocrx_word' id='word_1_349' title='bbox 801 3714 833 3768; x_wconf 90' lang='lat' dir='ltr'>et</span> <span class='ocrx_word' id='word_1_350' title='bbox 856 3715 986 3768; x_wconf 86' lang='lat' dir='ltr'>aeterno</span> <span class='ocrx_word' id='word_1_351' title='bbox 1011 3707 1155 3789; x_wconf 90' lang='lat' dir='ltr'>praemio</span> <span class='ocrx_word' id='word_1_352' title='bbox 1179 3708 1386 3791; x_wconf 75' lang='lat' dir='ltr'>precipimus.</span> 
     </span>
    </p>
   </div>
   <div class='ocr_carea' id='block_1_3' title="bbox 343 3821 1653 4015">
    <p class='ocr_par' dir='ltr' id='par_1_3' title="bbox 343 3821 1653 4015">
     <span class='ocr_line' id='line_1_33' title="bbox 343 3821 1198 3911; baseline 0.004 -24"><span class='ocrx_word' id='word_1_353' title='bbox 343 3823 478 3906; x_wconf 85' lang='lat' dir='ltr'>Signum</span> <span class='ocrx_word' id='word_1_354' title='bbox 502 3822 613 3887; x_wconf 90' lang='lat' dir='ltr'>domni</span> <span class='ocrx_word' id='word_1_355' title='bbox 636 3821 767 3887; x_wconf 89' lang='lat' dir='ltr'>Ottonis</span> <span class='ocrx_word' id='word_1_356' title='bbox 789 3825 853 3904; x_wconf 87' lang='lat' dir='ltr'>(M.)</span> <span class='ocrx_word' id='word_1_357' title='bbox 876 3826 1079 3889; x_wconf 87' lang='lat' dir='ltr'>invictissimi</span> <span class='ocrx_word' id='word_1_358' title='bbox 1103 3829 1198 3911; x_wconf 90' lang='lat' dir='ltr'>regis.</span> 
     </span>
     <span class='ocr_line' id='line_1_34' title="bbox 343 3924 1653 4015; baseline 0.002 -24"><span class='ocrx_word' id='word_1_359' title='bbox 343 3924 533 3991; x_wconf 83' lang='lat' dir='ltr'>Lintulfush</span> <span class='ocrx_word' id='word_1_360' title='bbox 557 3927 773 3991; x_wconf 87' lang='lat' dir='ltr'>cancellarius</span> <span class='ocrx_word' id='word_1_361' title='bbox 795 3928 944 3992; x_wconf 86' lang='lat' dir='ltr'>advicern</span> <span class='ocrx_word' id='word_1_362' title='bbox 966 3929 1129 3994; x_wconf 91' lang='lat' dir='ltr'>Brunonis</span> <span class='ocrx_word' id='word_1_363' title='bbox 1152 3928 1429 4015; x_wconf 90' lang='lat' dir='ltr'>archicappellani</span> <span class='ocrx_word' id='word_1_364' title='bbox 1452 3932 1653 4011; x_wconf 83' lang='lat' dir='ltr'>recognovit.</span> 
     </span>
    </p>
   </div>
   <div class='ocr_carea' id='block_1_4' title="bbox 239 4045 1936 4318">
    <p class='ocr_par' dir='ltr' id='par_1_4' title="bbox 239 4045 1936 4318">
     <span class='ocr_line' id='line_1_35' title="bbox 341 4045 1883 4131; baseline 0.003 -22"><span class='ocrx_word' id='word_1_365' title='bbox 341 4046 431 4110; x_wconf 90' lang='lat' dir='ltr'>Data</span> <span class='ocrx_word' id='word_1_366' title='bbox 447 4063 507 4109; x_wconf 86' lang='lat' dir='ltr'>v11.</span> <span class='ocrx_word' id='word_1_367' title='bbox 523 4047 595 4112; x_wconf 90' lang='lat' dir='ltr'>idus</span> <span class='ocrx_word' id='word_1_368' title='bbox 618 4045 705 4111; x_wconf 76' lang='lat' dir='ltr'>iun.i</span> <span class='ocrx_word' id='word_1_369' title='bbox 727 4071 813 4113; x_wconf 90' lang='lat' dir='ltr'>anno</span> <span class='ocrx_word' id='word_1_370' title='bbox 838 4048 1022 4113; x_wconf 84' lang='lat' dir='ltr'>dominicae</span> <span class='ocrx_word' id='word_1_371' title='bbox 1045 4051 1278 4114; x_wconf 89' lang='lat' dir='ltr'>incarnationis</span> <span class='ocrx_word' id='word_1_372' title='bbox 1301 4065 1482 4131; x_wconf 75' lang='lat' dir='ltr'>Dccccm,</span> <span class='ocrx_word' id='word_1_373' title='bbox 1505 4050 1682 4114; x_wconf 88' lang='lat' dir='ltr'>indictione</span> <span class='ocrx_word' id='word_1_374' title='bbox 1701 4047 1773 4129; x_wconf 56' lang='lat' dir='ltr'>lvi,</span> <span class='ocrx_word' id='word_1_375' title='bbox 1797 4073 1883 4116; x_wconf 92' lang='lat' dir='ltr'>anno</span> 
     </span>
     <span class='ocr_line' id='line_1_36' title="bbox 239 4149 1936 4234; baseline 0.003 -22"><span class='ocrx_word' id='word_1_376' title='bbox 239 4152 330 4234; x_wconf 88' lang='lat' dir='ltr'>regni</span> <span class='ocrx_word' id='word_1_377' title='bbox 354 4151 548 4213; x_wconf 87' lang='lat' dir='ltr'>serenissimi</span> <span class='ocrx_word' id='word_1_378' title='bbox 571 4152 657 4233; x_wconf 84' lang='lat' dir='ltr'>regis</span> <span class='ocrx_word' id='word_1_379' title='bbox 682 4150 812 4216; x_wconf 88' lang='lat' dir='ltr'>Ottonis</span> <span class='ocrx_word' id='word_1_380' title='bbox 836 4169 929 4234; x_wconf 68' lang='lat' dir='ltr'>xxn,</span> <span class='ocrx_word' id='word_1_381' title='bbox 965 4163 1074 4217; x_wconf 92' lang='lat' dir='ltr'>aetum</span> <span class='ocrx_word' id='word_1_382' title='bbox 1101 4149 1313 4234; x_wconf 81' lang='lat' dir='ltr'>Burcheim¹3</span> <span class='ocrx_word' id='word_1_383' title='bbox 1347 4155 1381 4215; x_wconf 93' lang='lat' dir='ltr'>in</span> <span class='ocrx_word' id='word_1_384' title='bbox 1409 4150 1528 4216; x_wconf 81' lang='lat' dir='ltr'>Christi</span> <span class='ocrx_word' id='word_1_385' title='bbox 1556 4154 1687 4216; x_wconf 89' lang='lat' dir='ltr'>nomine</span> <span class='ocrx_word' id='word_1_386' title='bbox 1717 4152 1885 4216; x_wconf 82' lang='lat' dir='ltr'>feliciterm</span> <span class='ocrx_word' id='word_1_387' title='bbox 1903 4170 1936 4217; x_wconf 82' lang='lat'>35</span> 
     </span>
     <span class='ocr_line' id='line_1_37' title="bbox 239 4276 344 4318; baseline 0.01 -2"><span class='ocrx_word' id='word_1_388' title='bbox 239 4276 344 4318; x_wconf 87' lang='lat' dir='ltr'>amen.</span> 
     </span>
    </p>
   </div>
   <div class='ocr_carea' id='block_1_5' title="bbox 1020 4426 1105 4500">
    <p class='ocr_par' dir='ltr' id='par_1_5' title="bbox 1020 4426 1105 4500">
     <span class='ocr_line' id='line_1_38' title="bbox 1020 4426 1105 4500; baseline -0.012 -1"><span class='ocrx_word' id='word_1_389' title='bbox 1020 4426 1105 4500; x_wconf 78' lang='lat'>228.</span> 
     </span>
    </p>
   </div>
   <div class='ocr_carea' id='block_1_6' title="bbox 240 4559 1886 4782">
    <p class='ocr_par' dir='ltr' id='par_1_6' title="bbox 240 4559 1886 4782">
     <span class='ocr_line' id='line_1_39' title="bbox 249 4559 1886 4663; baseline 0.001 -26"><span class='ocrx_word' id='word_1_390' title='bbox 249 4559 329 4637; x_wconf 83' lang='lat' dir='ltr'>Otto</span> <span class='ocrx_word' id='word_1_391' title='bbox 351 4562 491 4636; x_wconf 77' lang='lat' dir='ltr'>sclronlrt</span> <span class='ocrx_word' id='word_1_392' title='bbox 508 4563 588 4635; x_wconf 70' lang='lat' dir='ltr'>dervi</span> <span class='ocrx_word' id='word_1_393' title='bbox 605 4563 895 4637; x_wconf 73' lang='lat' dir='ltr'>Nonncnllostcr</span> <span class='ocrx_word' id='word_1_394' title='bbox 912 4591 957 4637; x_wconf 78' lang='lat' dir='ltr'>zu</span> <span class='ocrx_word' id='word_1_395' title='bbox 978 4564 1226 4663; x_wconf 70' lang='lat' dir='ltr'>ercdlinbnrq</span> <span class='ocrx_word' id='word_1_396' title='bbox 1249 4565 1319 4637; x_wconf 80' lang='lat' dir='ltr'>den</span> <span class='ocrx_word' id='word_1_397' title='bbox 1341 4565 1457 4637; x_wconf 75' lang='lat' dir='ltr'>disiaci·</span> <span class='ocrx_word' id='word_1_398' title='bbox 1477 4591 1557 4638; x_wconf 75' lang='lat' dir='ltr'>zunr</span> <span class='ocrx_word' id='word_1_399' title='bbox 1579 4564 1748 4637; x_wconf 78' lang='lat' dir='ltr'>Wiutom</span> <span class='ocrx_word' id='word_1_400' title='bbox 1770 4567 1886 4638; x_wconf 67' lang='lat' dir='ltr'>scinci·</span> 
     </span>
     <span class='ocr_line' id='line_1_40' title="bbox 240 4684 1886 4782; baseline 0 -27"><span class='ocrx_word' id='word_1_401' title='bbox 240 4684 374 4755; x_wconf 81' lang='lat' dir='ltr'>Mutter</span> <span class='ocrx_word' id='word_1_402' title='bbox 402 4684 578 4756; x_wconf 81' lang='lat' dir='ltr'>Motbildc</span> <span class='ocrx_word' id='word_1_403' title='bbox 604 4685 797 4782; x_wconf 70' lang='lat' dir='ltr'>pcbbripen</span> <span class='ocrx_word' id='word_1_404' title='bbox 825 4684 911 4782; x_wconf 86' lang='lat' dir='ltr'>Hof</span> <span class='ocrx_word' id='word_1_405' title='bbox 940 4686 1092 4760; x_wconf 82' lang='lat' dir='ltr'>dosclbst</span> <span class='ocrx_word' id='word_1_406' title='bbox 1119 4687 1219 4759; x_wconf 76' lang='lat' dir='ltr'>racbst</span> <span class='ocrx_word' id='word_1_407' title='bbox 1246 4685 1311 4759; x_wconf 82' lang='lat' dir='ltr'>der</span> <span class='ocrx_word' id='word_1_408' title='bbox 1341 4685 1591 4759; x_wconf 73' lang='lat' dir='ltr'>‚lucobslcircbc</span> <span class='ocrx_word' id='word_1_409' title='bbox 1621 4686 1701 4757; x_wconf 81' lang='lat' dir='ltr'>und</span> <span class='ocrx_word' id='word_1_410' title='bbox 1734 4687 1886 4760; x_wconf 79' lang='lat' dir='ltr'>ondcrm</span> 
     </span>
    </p>
   </div>
   <div class='ocr_carea' id='block_1_7' title="bbox 239 4803 1937 4921">
    <p class='ocr_par' dir='ltr' id='par_1_7' title="bbox 239 4803 1937 4921">
     <span class='ocr_line' id='line_1_41' title="bbox 239 4803 1937 4921; baseline 0.023 -48"><span class='ocrx_word' id='word_1_411' title='bbox 239 4803 415 4875; x_wconf 77' lang='lat' dir='ltr'>Zubeter.</span> <span class='ocrx_word' id='word_1_412' title='bbox 1386 4846 1587 4921; x_wconf 60' lang='lat' dir='ltr'>ortulanum</span> <span class='ocrx_word' id='word_1_413' title='bbox 1610 4850 1671 4906; x_wconf 85' lang='lat' dir='ltr'>oor</span> <span class='ocrx_word' id='word_1_414' title='bbox 1697 4846 1767 4905; x_wconf 77' lang='lat' dir='ltr'>Jou</span> <span class='ocrx_word' id='word_1_415' title='bbox 1789 4850 1840 4905; x_wconf 83' lang='lat'>15.</span> <span class='ocrx_word' id='word_1_416' title='bbox 1903 4863 1937 4911; x_wconf 71' lang='lat' dir='ltr'>io</span> 
     </span>
    </p>
   </div>
   <div class='ocr_carea' id='block_1_8' title="bbox 343 5010 1198 5095">
    <p class='ocr_par' dir='ltr' id='par_1_8' title="bbox 343 5010 1198 5095">
     <span class='ocr_line' id='line_1_42' title="bbox 343 5010 1198 5095; baseline 0.007 -26"><span class='ocrx_word' id='word_1_417' title='bbox 343 5010 589 5084; x_wconf 74' lang='lat' dir='ltr'>Oriyiaoldrplora</span> <span class='ocrx_word' id='word_1_418' title='bbox 610 5014 653 5070; x_wconf 80' lang='lat' dir='ltr'>im</span> <span class='ocrx_word' id='word_1_419' title='bbox 674 5013 702 5071; x_wconf 78' lang='lat' dir='ltr'>lc.</span> <span class='ocrx_word' id='word_1_420' title='bbox 727 5012 928 5074; x_wconf 80' lang='lat' dir='ltr'>Stautscrcbiv</span> <span class='ocrx_word' id='word_1_421' title='bbox 949 5035 990 5075; x_wconf 81' lang='lat' dir='ltr'>ru</span> <span class='ocrx_word' id='word_1_422' title='bbox 1012 5016 1117 5074; x_wconf 81' lang='lat' dir='ltr'>Berlin</span> <span class='ocrx_word' id='word_1_423' title='bbox 1140 5014 1198 5095; x_wconf 90' lang='lat' dir='ltr'>(A).</span> 
     </span>
    </p>
   </div>
   <div class='ocr_carea' id='block_1_9' title="bbox 339 5149 1884 5332">
    <p class='ocr_par' dir='ltr' id='par_1_9' title="bbox 339 5149 1884 5332">
     <span class='ocr_line' id='line_1_43' title="bbox 339 5149 1884 5231; baseline 0.006 -25"><span class='ocrx_word' id='word_1_424' title='bbox 339 5150 463 5207; x_wconf 80' lang='lat' dir='ltr'>Kettncr</span> <span class='ocrx_word' id='word_1_425' title='bbox 478 5149 547 5207; x_wconf 85' lang='lat' dir='ltr'>Ant.</span> <span class='ocrx_word' id='word_1_426' title='bbox 564 5150 718 5225; x_wconf 76' lang='lat' dir='ltr'>Qucdtinb.</span> <span class='ocrx_word' id='word_1_427' title='bbox 736 5154 798 5212; x_wconf 82' lang='lat'>693</span> <span class='ocrx_word' id='word_1_428' title='bbox 814 5155 861 5212; x_wconf 79' lang='lat' dir='ltr'>eit.</span> <span class='ocrx_word' id='word_1_429' title='bbox 878 5170 934 5211; x_wconf 73' lang='lat' dir='ltr'>ores</span> <span class='ocrx_word' id='word_1_430' title='bbox 949 5155 985 5212; x_wconf 91' lang='lat' dir='ltr'>A.</span> <span class='ocrx_word' id='word_1_431' title='bbox 1003 5188 1044 5196; x_wconf 91' lang='lat'>-</span> <span class='ocrx_word' id='word_1_432' title='bbox 1060 5156 1157 5213; x_wconf 59' lang='lat' dir='ltr'>droth</span> <span class='ocrx_word' id='word_1_433' title='bbox 1172 5153 1235 5214; x_wconf 79' lang='lat' dir='ltr'>OD.</span> <span class='ocrx_word' id='word_1_434' title='bbox 1251 5154 1403 5231; x_wconf 75' lang='lat' dir='ltr'>Quodliab.</span> <span class='ocrx_word' id='word_1_435' title='bbox 1420 5160 1459 5214; x_wconf 92' lang='grc'>11</span> <span class='ocrx_word' id='word_1_436' title='bbox 1477 5162 1511 5212; x_wconf 82' lang='lat' dir='ltr'>n⁰</span> <span class='ocrx_word' id='word_1_437' title='bbox 1526 5160 1566 5215; x_wconf 83' lang='lat'>15</span> <span class='ocrx_word' id='word_1_438' title='bbox 1583 5174 1639 5215; x_wconf 84' lang='lat' dir='ltr'>aus</span> <span class='ocrx_word' id='word_1_439' title='bbox 1654 5157 1690 5215; x_wconf 90' lang='lat' dir='ltr'>A.</span> <span class='ocrx_word' id='word_1_440' title='bbox 1710 5190 1753 5199; x_wconf 91' lang='lat'>—</span> <span class='ocrx_word' id='word_1_441' title='bbox 1776 5158 1884 5215; x_wconf 79' lang='lat' dir='ltr'>Heinr-</span> 
     </span>
     <span class='ocr_line' id='line_1_44' title="bbox 339 5251 1844 5332; baseline 0.007 -22"><span class='ocrx_word' id='word_1_442' title='bbox 339 5271 430 5311; x_wconf 77' lang='lat' dir='ltr'>rnona</span> <span class='ocrx_word' id='word_1_443' title='bbox 453 5251 515 5312; x_wconf 78' lang='lat'>01).</span> <span class='ocrx_word' id='word_1_444' title='bbox 539 5251 659 5312; x_wconf 77' lang='lat' dir='ltr'>Antult.</span> <span class='ocrx_word' id='word_1_445' title='bbox 684 5259 713 5325; x_wconf 86' lang='lat'>1,</span> <span class='ocrx_word' id='word_1_446' title='bbox 736 5259 781 5315; x_wconf 88' lang='grc'>22</span> <span class='ocrx_word' id='word_1_447' title='bbox 801 5262 835 5312; x_wconf 85' lang='lat' dir='ltr'>a⁰</span> <span class='ocrx_word' id='word_1_448' title='bbox 858 5261 897 5315; x_wconf 85' lang='lat'>31</span> <span class='ocrx_word' id='word_1_449' title='bbox 922 5276 978 5315; x_wconf 75' lang='lat' dir='ltr'>(tus</span> <span class='ocrx_word' id='word_1_450' title='bbox 1001 5258 1040 5320; x_wconf 89' lang='lat' dir='ltr'>A.</span> <span class='ocrx_word' id='word_1_451' title='bbox 1063 5293 1104 5301; x_wconf 96' lang='lat'>—</span> <span class='ocrx_word' id='word_1_452' title='bbox 1127 5258 1256 5316; x_wconf 78' lang='lat' dir='ltr'>Bohmer</span> <span class='ocrx_word' id='word_1_453' title='bbox 1277 5260 1347 5331; x_wconf 69' lang='lat' dir='ltr'>lieo.</span> <span class='ocrx_word' id='word_1_454' title='bbox 1371 5261 1444 5317; x_wconf 82' lang='grc'><em>247.</em></span> <span class='ocrx_word' id='word_1_455' title='bbox 1468 5293 1509 5302; x_wconf 92' lang='grc'>-</span> <span class='ocrx_word' id='word_1_456' title='bbox 1532 5259 1660 5331; x_wconf 78' lang='lat' dir='ltr'>Stumpf</span> <span class='ocrx_word' id='word_1_457' title='bbox 1677 5261 1747 5332; x_wconf 72' lang='lat' dir='ltr'>lieo.</span> <span class='ocrx_word' id='word_1_458' title='bbox 1770 5264 1844 5320; x_wconf 78' lang='lat'>290.</span> 
     </span>
    </p>
   </div>
   <div class='ocr_carea' id='block_1_10' title="bbox 320 5417 1934 5751">
    <p class='ocr_par' dir='ltr' id='par_1_10' title="bbox 320 5417 1934 5751">
     <span class='ocr_line' id='line_1_45' title="bbox 320 5417 1890 5493; baseline 0.004 -22"><span class='ocrx_word' id='word_1_459' title='bbox 320 5417 380 5471; x_wconf 80' lang='lat'>227.</span> <span class='ocrx_word' id='word_1_460' title='bbox 410 5419 504 5487; x_wconf 82' lang='lat' dir='ltr'>[Foltz]</span> <span class='ocrx_word' id='word_1_461' title='bbox 609 5425 634 5481; x_wconf 88' lang='lat' dir='ltr'>a)</span> <span class='ocrx_word' id='word_1_462' title='bbox 655 5427 846 5490; x_wconf 88' lang='lat' dir='ltr'>episeopus-</span> <span class='ocrx_word' id='word_1_463' title='bbox 864 5429 980 5491; x_wconf 85' lang='lat' dir='ltr'>praemio</span> <span class='ocrx_word' id='word_1_464' title='bbox 999 5426 1286 5492; x_wconf 75' lang='lat' dir='ltr'>prqcipimusfeleltin</span> <span class='ocrx_word' id='word_1_465' title='bbox 1304 5424 1346 5478; x_wconf 56' lang='grc' dir='ltr'>ΒΩ</span> <span class='ocrx_word' id='word_1_466' title='bbox 1445 5429 1474 5489; x_wconf 92' lang='lat' dir='ltr'>b)</span> <span class='ocrx_word' id='word_1_467' title='bbox 1492 5444 1520 5478; x_wconf 81' lang='lat' dir='ltr'>ao</span> <span class='ocrx_word' id='word_1_468' title='bbox 1537 5428 1675 5480; x_wconf 56' lang='lat' dir='ltr'>amburere</span> <span class='ocrx_word' id='word_1_469' title='bbox 1692 5428 1758 5478; x_wconf 80' lang='lat' dir='ltr'>norb</span> <span class='ocrx_word' id='word_1_470' title='bbox 1778 5428 1890 5493; x_wconf 76' lang='lat' dir='ltr'>Stunrps</span> 
     </span>
     <span class='ocr_line' id='line_1_46' title="bbox 407 5489 1934 5561; baseline 0.003 -21"><span class='ocrx_word' id='word_1_471' title='bbox 407 5489 469 5554; x_wconf 74' lang='lat' dir='ltr'>Req.</span> <span class='ocrx_word' id='word_1_472' title='bbox 495 5492 557 5553; x_wconf 78' lang='lat'>596,</span> <span class='ocrx_word' id='word_1_473' title='bbox 588 5493 699 5542; x_wconf 83' lang='lat' dir='ltr'>Mindim</span> <span class='ocrx_word' id='word_1_474' title='bbox 723 5492 745 5544; x_wconf 92' lang='lat' dir='ltr'>A</span> <span class='ocrx_word' id='word_1_475' title='bbox 861 5498 886 5555; x_wconf 78' lang='lat' dir='ltr'>c)</span> <span class='ocrx_word' id='word_1_476' title='bbox 910 5497 1112 5546; x_wconf 85' lang='lat' dir='ltr'>continebantur</span> <span class='ocrx_word' id='word_1_477' title='bbox 1134 5495 1157 5545; x_wconf 97' lang='lat' dir='ltr'>A</span> <span class='ocrx_word' id='word_1_478' title='bbox 1278 5497 1304 5555; x_wconf 88' lang='lat' dir='ltr'>d)</span> <span class='ocrx_word' id='word_1_479' title='bbox 1331 5496 1443 5561; x_wconf 85' lang='lat' dir='ltr'>paradas</span> <span class='ocrx_word' id='word_1_480' title='bbox 1467 5495 1489 5547; x_wconf 92' lang='lat' dir='ltr'>A</span> <span class='ocrx_word' id='word_1_481' title='bbox 1605 5500 1630 5560; x_wconf 80' lang='lat' dir='ltr'>a)</span> <span class='ocrx_word' id='word_1_482' title='bbox 1658 5499 1837 5548; x_wconf 85' lang='lat' dir='ltr'>continuanda</span> <span class='ocrx_word' id='word_1_483' title='bbox 1860 5497 1934 5547; x_wconf 76' lang='lat' dir='ltr'>Aeo</span> 
     </span>
     <span class='ocr_line' id='line_1_47' title="bbox 405 5559 1883 5629; baseline 0.006 -22"><span class='ocrx_word' id='word_1_484' title='bbox 405 5559 425 5618; x_wconf 81' lang='lat' dir='ltr'>f)</span> <span class='ocrx_word' id='word_1_485' title='bbox 445 5560 496 5609; x_wconf 89' lang='lat' dir='ltr'>boc</span> <span class='ocrx_word' id='word_1_486' title='bbox 520 5559 543 5608; x_wconf 89' lang='lat' dir='ltr'>A</span> <span class='ocrx_word' id='word_1_487' title='bbox 651 5564 680 5628; x_wconf 88' lang='lat' dir='ltr'>g)</span> <span class='ocrx_word' id='word_1_488' title='bbox 698 5561 755 5612; x_wconf 80' lang='lat' dir='ltr'>hier·</span> <span class='ocrx_word' id='word_1_489' title='bbox 778 5561 879 5626; x_wconf 71' lang='lat' dir='ltr'>begiant</span> <span class='ocrx_word' id='word_1_490' title='bbox 904 5561 942 5615; x_wconf 76' lang='lat' dir='ltr'>B!</span> <span class='ocrx_word' id='word_1_491' title='bbox 1050 5566 1077 5624; x_wconf 82' lang='lat' dir='ltr'>b)</span> <span class='ocrx_word' id='word_1_492' title='bbox 1096 5565 1135 5626; x_wconf 79' lang='lat' dir='ltr'>E,</span> <span class='ocrx_word' id='word_1_493' title='bbox 1162 5563 1296 5615; x_wconf 82' lang='lat' dir='ltr'>Lintulfus</span> <span class='ocrx_word' id='word_1_494' title='bbox 1320 5564 1357 5625; x_wconf 87' lang='lat' dir='ltr'>A,</span> <span class='ocrx_word' id='word_1_495' title='bbox 1384 5566 1519 5615; x_wconf 83' lang='lat' dir='ltr'>Luitulius</span> <span class='ocrx_word' id='word_1_496' title='bbox 1544 5565 1624 5615; x_wconf 77' lang='lat'><em>131132</em></span> <span class='ocrx_word' id='word_1_497' title='bbox 1731 5570 1749 5628; x_wconf 87' lang='lat' dir='ltr'>i)</span> <span class='ocrx_word' id='word_1_498' title='bbox 1769 5565 1883 5629; x_wconf 67' lang='lat' dir='ltr'>WB,</span> 
     </span>
     <span class='ocr_line' id='line_1_48' title="bbox 401 5626 1883 5747; baseline 0.006 -71"><span class='ocrx_word' id='word_1_499' title='bbox 401 5626 472 5744; x_wconf 54' lang='lat' dir='ltr'>{aar</span> <span class='ocrx_word' id='word_1_500' title='bbox 490 5628 621 5747; x_wconf 47' lang='grc' dir='ltr'>ἊῙΒΒ</span> <span class='ocrx_word' id='word_1_501' title='bbox 662 5631 691 5692; x_wconf 82' lang='lat' dir='ltr'>k)</span> <span class='ocrx_word' id='word_1_502' title='bbox 710 5631 855 5682; x_wconf 85' lang='lat' dir='ltr'>indictione</span> <span class='ocrx_word' id='word_1_503' title='bbox 873 5645 904 5682; x_wconf 76' lang='lat' dir='ltr'>tv</span> <span class='ocrx_word' id='word_1_504' title='bbox 916 5631 985 5695; x_wconf 74' lang='lat' dir='ltr'>fetu</span> <span class='ocrx_word' id='word_1_505' title='bbox 1002 5633 1032 5680; x_wconf 80' lang='lat' dir='ltr'>in</span> <span class='ocrx_word' id='word_1_506' title='bbox 1050 5632 1158 5683; x_wconf 70' lang='lat'><em>313213</em></span> <span class='ocrx_word' id='word_1_507' title='bbox 1258 5633 1279 5694; x_wconf 91' lang='lat' dir='ltr'>l)</span> <span class='ocrx_word' id='word_1_508' title='bbox 1296 5632 1411 5695; x_wconf 72' lang='lat' dir='ltr'>B¹B2E,</span> <span class='ocrx_word' id='word_1_509' title='bbox 1437 5633 1611 5685; x_wconf 83' lang='lat' dir='ltr'>BurehemA</span> <span class='ocrx_word' id='word_1_510' title='bbox 1713 5640 1749 5698; x_wconf 88' lang='lat' dir='ltr'>m)</span> <span class='ocrx_word' id='word_1_511' title='bbox 1768 5635 1802 5698; x_wconf 73' lang='lat' dir='ltr'>lt,</span> <span class='ocrx_word' id='word_1_512' title='bbox 1827 5637 1883 5685; x_wconf 84' lang='lat' dir='ltr'>soe·</span> 
     </span>
     <span class='ocr_line' id='line_1_49' title="bbox 420 5698 627 5751; baseline 0.029 -6"><span class='ocrx_word' id='word_1_513' title='bbox 420 5698 495 5746; x_wconf 87' lang='lat' dir='ltr'>iciter</span> <span class='ocrx_word' id='word_1_514' title='bbox 621 5736 627 5751; x_wconf 92' lang='lat'>.</span> 
     </span>
    </p>
   </div>
   <div class='ocr_carea' id='block_1_11' title="bbox 0 0 2254 6420">
    <p class='ocr_par' dir='ltr' id='par_1_11' title="bbox 0 0 2254 6420">
     <span class='ocr_line' id='line_1_50' title="bbox 0 0 2254 6420; baseline 0 4"><span class='ocrx_word' id='word_1_515' title='bbox 0 0 2254 6420; x_wconf 95' lang='lat' dir='ltr'> </span> 
     </span>
    </p>
   </div>
  </div>
 </body>
</html>
