4298 6414
920 452 1115 509 KONRAD
1139 454 1161 507 Ι.
1188 448 1260 507 913.
1879 452 1916 514 ll

279 626 406 715 <legerer
427 639 460 694 et
482 631 673 713 regulatorss
692 608 823 697 doinino
847 630 997 695 militare.
1021 632 1220 696 Thcloneum
1245 635 1337 697 iuxta
1357 637 1508 720 antiquas
1531 645 1772 704 antecessorum
1793 651 1917 706 nostro-

279 757 337 800 rum
358 736 590 799 concessiones
612 734 654 799 ab
678 736 725 800 eis
747 735 799 799 vel
823 756 935 800 eorum
957 735 1142 799 hominibus
1171 759 1229 821 pcr
1259 759 1371 801 onmes
1399 741 1490 824 regni
1518 743 1619 805 nostri
1652 743 1732 807 lines
1757 767 1861 829 neque
1886 747 1917 809 in

280 836 472 922 urbaneque
495 838 529 902 in
551 839 606 902 via
627 838 797 924 nequead
820 848 936 923 pontes
960 862 1017 904 seu
1040 839 1167 925 aliquas
1191 842 1360 906 stricturas
1389 844 1570 927 accipiatur
1592 845 1644 909 vel
1675 856 1838 931 queratur.
1874 849 1918 912 Et

280 952 308 1007 ut
328 941 388 1007 hoc
414 953 627 1027 praeceptum
655 941 782 1007 firmum
812 952 910 1028 atque
935 942 1051 1007 stabile
1074 945 1248 1026 consistat,
1280 967 1378 1009 mauu
1402 956 1513 1010 nostra
1537 947 1616 1012 illud
1640 948 1754 1014 subtus
1776 951 1917 1017 firmavi·

258 1060 338 1111 tinus
360 1055 392 1109 et
414 1044 513 1110 anulo
537 1056 649 1111 nostro
673 1047 907 1130 consingnarig
935 1048 1098 1110 iussimus.

366 1211 380 1293 3
403 1210 539 1295 Signum
563 1208 673 1274 domni
696 1207 882 1275 Chuouradi
909 1211 998 1285 (MP.)
1012 1207 1026 1247 ¹¹
1054 1211 1249 1274 serenissimi
1277 1212 1372 1292 regis.
1396 1210 1410 1292 3

366 1329 532 1414 3b‘alonss
556 1332 703 1395 notarius
731 1329 880 1394 advicem
911 1330 1071 1413 Piligrimi
1099 1330 1352 1416 archicapellani
1383 1335 1575 1416 recognovit
1603 1344 1635 1398 et
1662 1334 1675 1416 3
1721 1340 1790 1407 (SR.
1820 1338 1916 1405 Nh'ssrl

1734 1432 1740 1443 '
1782 1443 1838 1506 tsi.
1864 1446 1914 1507 nt

367 1596 458 1659 Data
480 1613 545 1660 1111.
569 1594 612 1659 id.
635 1609 716 1660 ma'r.
740 1618 826 1660 anno
851 1598 1083 1660 incarnationis
1107 1596 1227 1661 domini
1252 1613 1437 1681 Decccmu,
1462 1600 1637 1666 indictione
1654 1621 1675 1681 1,
1700 1627 1785 1667 armo
1807 1616 1914 1669 curtem

247 1710 269 1757 ιο
280 1700 356 1784 regui
371 1698 483 1765 domni
500 1698 688 1764 Chuonradi
704 1700 790 1784 regis
806 1717 850 1781 113
873 1710 982 1765 actum
1007 1698 1185 1784 Argentina
1210 1703 1359 1784 eivitate3
1383 1705 1415 1768 in
1439 1703 1490 1768 dei
1512 1707 1641 1770 nomine
1657 1707 1794 1771 feliciter
1809 1731 1914 1772 amen.

1066 1976 1125 2053 18.

277 2147 422 2220 h'ourocl
447 2146 593 2219 certciht
618 2147 697 2220 (loru
725 2147 856 2220 wieder
881 2148 1116 2245 auoblu‘tuffip
1140 2148 1376 2244 pcaomdcucn
1398 2148 1539 2223 Klostcr
1561 2150 1695 2225 horuch
1714 2154 1825 2249 ,qlcioh
1848 2156 1913 2227 sei-

278 2296 332 2342 aen
360 2269 597 2368 Vorpir'upcru
624 2268 682 2342 aa
709 2268 923 2343 Iruunmitctt
947 2269 1027 2343 arno
1052 2269 1119 2342 das
1146 2268 1352 2344 Wohlrccht.
1489 2307 1606 2367 Lm,
1629 2311 1693 2369 913
1715 2311 1795 2371 ΜΗ·
1818 2315 1869 2371 22.

366 2512 467 2572 Codes
485 2511 690 2573 Lourcsham.
714 2513 765 2572 des
788 2518 837 2574 12.
863 2512 912 2573 Jh.
936 2513 958 2585 f.
984 2515 1024 2571 14
1048 2513 1090 2571 im
1114 2513 1142 2571 lt.
1167 2512 1383 2573 Retchsorclu'v
1405 2531 1446 2571 aa
1468 2514 1622 2573 Mil-acheo
1647 2512 1711 2592 (A).

367 2677 431 2736 CD.
455 2677 792 2748 Lorarisheim.1,112
813 2676 924 2736 aaran.
948 2712 988 2720 —
1014 2678 1078 2741 (VD.
1102 2677 1305 2736 Laurcshum.
1332 2682 1361 2748 1,
1385 2681 1447 2737 109
1472 2686 1506 2736 u⁰
1529 2681 1569 2738 61
1593 2677 1696 2738 orrsA
1721 2703 1760 2731 =
1785 2679 1915 2739 Ititluucr

365 2781 403 2840 Α.
428 2782 520 2842 Conr.
546 2783 585 2840 21
609 2786 644 2837 u⁰
669 2781 716 2840 17.
742 2815 782 2824 —
810 2781 894 2840 Mora
922 2784 1023 2843 Gerar.
1051 2781 1101 2841 SS.
1126 2783 1179 2852 21,
1201 2783 1266 2840 386
1288 2799 1347 2840 oras
1369 2780 1407 2842 Α.
1437 2815 1478 2826 -
1508 2782 1639 2841 Bouana·
1661 2784 1735 2856 Rea.
1758 2782 1837 2856 Imp.
1863 2786 1912 2850 16,

366 2883 442 2957 Περ.
466 2884 544 2944 Kar.
570 2886 663 2945 1218.

362 3048 442 3108 Dem
464 3047 616 3117 Dictator,
641 3049 891 3108 rruhrschciab'ch
914 3050 986 3118 SD,
1011 3050 1062 3107 hut
1086 3050 1142 3108 (tus
1166 3050 1206 3110 D.
1223 3049 1350 3122 rlruclfs
1367 3067 1432 3108 eoru
1447 3051 1478 3110 J.
1495 3052 1559 3110 888
1583 3050 1725 3129 (Bitlrrucr
1740 3053 1815 3124 Ilcp.
1835 3052 1910 3109 Kor.

366 3150 462 3228 1037)
487 3152 674 3226 eorpctepcra
699 3152 755 3212 dos
771 3152 880 3226 jedoelt
903 3170 936 3211 so
961 3154 1058 3226 coertio
1081 3152 1203 3212 hcrzrrtat
1225 3152 1347 3211 uorclm
1370 3154 1411 3211 ist
1434 3152 1507 3210 desc
1523 3171 1581 3211 corr
1597 3156 1681 3212 einer
1699 3154 1914 3226 Becciclmuup

364 3256 419 3314 (ter
442 3255 614 3314 enttehnten
636 3257 736 3317 Worte
759 3259 801 3316 im
823 3258 933 3317 Druck
954 3257 1119 3331 obpeseheo
1142 3258 1262 3316 rociaco
1289 3252 1410 3316 tranare.
1450 3257 1492 3317 Oh
1516 3257 1572 3316 ctus
1596 3257 1842 3331 apparaturam
1869 3259 1911 3316 iu-

365 3361 458 3420 victus
482 3359 703 3434 arsprztaqtich
725 3361 798 3419 oder
821 3360 935 3420 Zutlt-at
957 3361 1010 3420 des
1033 3365 1119 3419 soast
1139 3377 1279 3434 penetres
1302 3359 1514 3420 Abschreibers
1540 3362 1596 3429 ist,
1632 3361 1707 3420 losst
1735 3361 1800 3419 sich
1828 3361 1912 3419 nieht

364 3458 567 3524 eatscltciclerr.

466 3648 504 3713 ln
533 3650 663 3714 nomine
693 3659 804 3734 sancte
834 3662 866 3714 et
895 3650 1060 3735 individue:
1091 3651 1254 3714 trinitatis.
1291 3649 1487 3717 Chuuradus
1516 3650 1627 3715 divina
1655 3661 1818 3715 arrnuentc
1850 3651 1912 3716 cle-

269 3753 383 3815 mentia
412 3775 471 3816 rex
501 3753 650 3816 invictus.
740 3751 773 3816 Si
798 3776 876 3837 erga
899 3753 971 3818 loca
996 3754 1114 3818 (livinis
1137 3752 1278 3817 cultibus
1307 3758 1494 3840 mancipata
1524 3763 1556 3818 ct
1582 3754 1700 3818 fratres
1728 3756 1759 3818 in
1790 3755 1910 3820 eisdem

228 3853 345 3919 calceis
368 3856 430 3920 deo
450 3856 646 3921 famulantes
669 3867 803 3942 propter
826 3857 877 3921 ‹loi
901 3880 1044 3922 amorem
1067 3856 1227 3921 beneficia
1252 3869 1411 3941 oportuna
1436 3859 1606 3943 largimur,
1637 3859 1794 3943 premium
1817 3858 1912 3922 uobis

268 3959 351 4043 apud
374 3959 470 4024 deum
492 3970 601 4045 eterne
624 3963 893 4025 remunerationis
916 3962 1049 4047 rependi
1074 3985 1138 4026 non
1161 3960 1348 4026 diffidimus.
1385 3962 1592 4046 Quapropter
1609 3964 1751 4026 onmium
1767 3962 1910 4026 fidelium

268 4077 447 4130 nostrorum
469 4067 668 4150 presentium
698 4064 822 4129 scilieet
851 4076 883 4129 ct
911 4067 1091 4130 futurorum
1122 4067 1286 4150 sagacitas
1319 4088 1376 4150 pro
1406 4075 1494 4129 certo
1524 4069 1717 4151 comperiat,
1753 4077 1912 4152 ‹pratenus

267 4192 323 4233 nos
345 4170 397 4233 dei
421 4191 549 4255 semper
571 4170 720 4233 timorem
743 4191 800 4254 pre
824 4168 926 4233 oculis
949 4169 1107 4233 habentes
1131 4178 1163 4232 et
1185 4169 1367 4253 cogitantes
1391 4169 1554 4254 quomodo
1572 4169 1622 4233 dei
1641 4172 1805 4234 servitium
1823 4192 1912 4235 more

267 4280 504 4336 antecessonun
528 4280 728 4354 nostrorum,
751 4295 864 4357 regum
886 4272 1040 4336 videlicet
1063 4281 1096 4337 ct
1117 4273 1364 4356 imperatorum,
1398 4273 1428 4335 iu
1455 4272 1604 4336 omnibus
1628 4272 1911 4356 locupletaremus,

224 4388 252 4435 :tc
268 4376 348 4440 unde
379 4377 505 4460 imperii
533 4377 635 4440 nostri
669 4375 831 4441 stabilitas
861 4377 904 4441 ad
932 4399 1067 4461 presens
1096 4376 1278 4440 firmaretur
1308 4384 1340 4438 ct
1367 4385 1477 4459 eterne
1511 4375 1721 4440 beatitudinis
1756 4376 1911 4460 gaudium

266 4478 356 4543 nobis
384 4478 595 4561 tribueretur,
624 4482 857 4544 monasterium
881 4480 1084 4544 Laurosham
1107 4478 1195 4564 quod
1219 4487 1268 4541 est
1291 4487 1512 4542 constructum
1537 4478 1715 4543 inhonore
1740 4477 1912 4545 beatorum

266 4584 484 4669 apostolorum
506 4583 593 4647 Petri
617 4593 649 4647 et
670 4584 780 4665 Pauli,
816 4584 869 4649 ubi
894 4594 926 4649 et
949 4593 1081 4649 sanctus
1104 4584 1265 4647 Nazarius
1289 4565 1503 4666 corporaliter
1524 4582 1715 4666 requiescit,
1752 4581 1839 4667 (prod
1862 4591 1912 4646 est

267 4689 359 4753 situm
374 4689 406 4751 in
423 4709 509 4773 pago
525 4689 675 4753 Renense
698 4712 795 4774 super
818 4688 952 4753 fluvium
975 4688 1128 4772 Wisgoz,
1153 4710 1173 4751 a
1196 4688 1271 4773 iugo
1296 4686 1400 4769 aliene
1424 4686 1597 4771 potestatis
1621 4706 1684 4769 quo
1708 4684 1809 4748 multo
1833 4694 1910 4748 tem-

266 4812 339 4874 pore
368 4790 560 4876 obpressum
590 4793 707 4876 iniuste
735 4792 910 4856 videbatur
939 4790 1140 4856 absolvimus
1171 4801 1203 4853 et
1232 4791 1337 4854 cidem
1367 4789 1503 4854 cenobio
1527 4812 1616 4853 more
1642 4788 1910 4873 predecessorum

222 4914 251 4960 35
266 4904 445 4959 nostrorum
473 4896 686 4959 immunitatis
715 4905 813 4980 atque
843 4896 987 4959 tuitionis
1017 4894 1103 4959 dona
1133 4916 1190 4978 pro
1221 4893 1320 4957 <livini
1351 4893 1457 4957 cultus
1484 4914 1593 4956 artiore
1616 4900 1649 4954 et
1671 4893 1777 4974 anime
1801 4899 1910 4975 nostre:

266 4998 403 5062 remedio
432 5000 670 5082 concessimus,
706 5021 747 5063 ea
775 4999 927 5064 videlicet
955 5001 1080 5063 ratione
1108 5006 1145 5061 ut
1173 4997 1323 5061 monachi
1352 4996 1428 5060 inibi
1453 5005 1692 5059 commorantes
1716 4991 1911 5077 Christoque

268 5101 359 5186 digne
388 5103 609 5168 deservientes
638 5124 723 5166 nunc
746 5106 834 5167 etin
857 5112 1049 5188 perpetuum
1072 5101 1207 5167 liberam
1232 5113 1264 5166 et
1287 5124 1433 5167 securam
1463 5099 1606 5164 habeant
1635 5107 1829 5183 potestatem
1854 5096 1909 5161 ab·

268 5203 372 5271 batem
395 5208 479 5271 inter
502 5228 536 5269 se
559 5205 751 5290 regulariter
774 5206 913 5291 eligendi
938 5208 993 5292 qui
1016 5207 1060 5272 ad
1083 5206 1133 5271 dei
1159 5208 1323 5272 servitium
1347 5214 1557 5289 nostrumque
1581 5202 1716 5266 idoneus
1739 5211 1909 5286 appareat.

367 5409 405 5463 17.
432 5412 556 5477 Occepere
572 5411 753 5463 besclrre'tnkten
772 5411 870 5464 Rouana
887 5412 997 5465 schreibt
1016 5412 1070 5465 SR.
1088 5429 1138 5465 cort
1156 5412 1212 5463 bier
1232 5429 1266 5461 aa
1287 5413 1412 5478 pedrosa
1433 5411 1487 5462 raud
1509 5409 1581 5460 kant
1604 5407 1648 5458 eto
1672 5406 1755 5458 Wortc
1778 5406 1911 5471 retlipla'chst

223 5479 255 5527 40
432 5481 465 5531 aa
551 5480 620 5548 ΒΜ
708 5483 735 5543 h)
753 5483 795 5531 eiu
816 5481 887 5532 ntea
904 5483 949 5533 aa
967 5481 1115 5533 Haudmats
1132 5482 1184 5545 aas
1195 5481 1284 5533 Ram
1369 5484 1388 5542 i)
1409 5479 1462 5531 SB.
1481 5482 1515 5529 ist
1534 5478 1582 5529 der
1599 5477 1683 5528 Noton
1706 5476 1839 5542 rtakuudt'p
1857 5475 1911 5525 arnt

432 5549 556 5612 adelrad,
582 5549 708 5602 aielleicht
731 5550 814 5600 durch
836 5551 885 5600 olas
904 5551 956 5602 SR.
976 5552 1046 5601 aines
1063 5568 1113 5602 corr
1131 5551 1258 5601 Bimatra
1274 5551 1476 5614 recognoscam
1492 5547 1615 5612 Dlploau
1632 5545 1740 5610 Arsam
1757 5546 1820 5596 oder
1837 5544 1910 5597 lard-

432 5619 494 5684 ποίῳ
511 5620 648 5684 caelarunt,
665 5619 709 5669 dte
725 5625 789 5670 crete
810 5618 874 5670 Note
890 5635 918 5669 so
938 5621 984 5670 rote
1000 5622 1038 5670 sie
1052 5619 1100 5680 fiir
1117 5620 1244 5670 &nautas
1258 5618 1368 5684 qcbitdct
1385 5636 1417 5668 zar
1434 5617 1536 5668 aserdan
1548 5618 1651 5683 pfleqte.

367 5722 407 5777 18.
435 5722 553 5790 [Sickell.

315 5834 498 5879 &nemimem
512 5836 529 5877 1.
1679 5828 1698 5885 8
