4500 6420
248 433 313 500 598
840 441 1292 500 KAISERURKUNDEN.

248 635 280 689 et
301 622 475 688 universali
498 644 585 708 papa
606 623 694 688 beati
716 624 803 687 Petri
825 623 965 708 apostoli
990 625 1094 687 vicem
1118 631 1249 707 gerente
1272 631 1304 686 et
1326 644 1385 707 per
1406 621 1586 707 apostolice
1610 644 1668 705 sue
1686 620 1894 685 auctoritatis

248 726 451 812 privilegium
475 726 696 807 confirmante,
720 748 794 790 cum
818 726 945 811 prefata
967 725 1102 791 abbatia
1124 724 1220 808 sie[ut
1241 727 1390 810 primitus
1412 727 1446 790 in
1469 745 1614 808 regnum,
1637 726 1684 788 ita
1710 732 1743 787 et
1767 721 1895 808 ιιιι]ιιο0

133 860 136 866 ·
246 832 280 894 in
302 832 472 916 imperium
496 829 645 895 dotamus
669 827 895 915 s[ublimamus
918 840 951 893 et
973 827 1245 912 corrobo]ramus,
1279 829 1496 913 precipientes
1518 826 1671 891 videlicet
1694 835 1725 890 et
1748 847 1806 910 per
1827 824 1893 889 hoc

246 943 358 1016 nostre
387 934 592 998 auctoritatis
621 932 827 1017 privilegium
855 932 1038 995 firmissime
1068 929 1289 1014 decernente[s
1312 940 1349 994 ut
1370 930 1457 997 idem
1480 928 1584 1013 loeus]
1615 930 1668 994 cui
1694 927 1893 994 venerabilis

247 1038 297 1100 vir
317 1034 507 1101 Williherus
531 1035 634 1100 abbas
658 1037 723 1099 iam
745 1056 874 1120 preesse
897 1033 1085 1115 dinoscitur,
1109 1057 1129 1097 a
1151 1036 1241 1118 regni
1266 1033 1341 1098 dote
1365 1055 1569 1118 quacumque
1591 1042 1660 1097 arte
1683 1031 1735 1097 vel
1759 1033 1928 1116 ingenioo

247 1160 423 1224 numquam
447 1137 606 1203 avellatur
631 1160 692 1202 nee
722 1137 820 1202 alicui
851 1136 919 1221 sedi
947 1137 1000 1201 vel
1028 1138 1186 1220 aecclesie
1215 1159 1275 1201 nec
1304 1135 1402 1200 alicui
1431 1135 1675 1220 aecclesiastice
1703 1136 1772 1199 sive
1800 1157 1892 1199 mun·

247 1240 331 1326 dane
355 1263 492 1326 persone
514 1239 637 1304 famula
660 1249 717 1304 aut
739 1240 914 1326 appendex
937 1263 1091 1327 umquam
1114 1240 1297 1322 subiaceat,
1329 1240 1386 1305 sed
1416 1242 1500 1305 sicut
1532 1239 1591 1305 sub
1623 1237 1892 1324 predecessorum

246 1354 432 1411 nostrorum
461 1349 508 1410 sic
537 1344 596 1410 sub
625 1354 736 1409 nostro
767 1366 895 1429 quoque
926 1367 1213 1429 successorumque
1243 1355 1427 1409 nostrorum
1457 1343 1686 1409 mundiburdio
1719 1353 1752 1408 et
1782 1342 1892 1407 defen-

246 1449 336 1513 sione
370 1459 402 1513 et
435 1447 614 1532 apostolice
649 1447 736 1531 sedis
770 1447 883 1512 dotata
917 1448 1094 1511 munimine
1124 1447 1166 1512 ab
1197 1448 1284 1512 omni
1319 1446 1572 1532 perturbationis
1606 1445 1757 1511 molestia
1789 1445 1892 1509 libera

246 1575 374 1638 semper
396 1563 428 1618 et
449 1554 601 1618 immunis
624 1560 823 1636 permaneat.
869 1552 1082 1617 Decernimus
1111 1554 1209 1617 etiam
1239 1561 1336 1635 atque
1359 1552 1585 1615 constituimus
1607 1559 1644 1614 ut
1666 1549 1811 1635 prefatus
1834 1547 1945 1613 ab-10

245 1656 306 1722 bas
337 1678 513 1741 omnesque
542 1657 591 1720 sui
621 1677 826 1719 successores
857 1654 1001 1739 predicte
1031 1655 1161 1738 coniugi
1183 1664 1310 1738 nostre,
1334 1652 1514 1737 Adelheide
1537 1652 1661 1717 scilieet
1682 1653 1890 1737 imperatrici,

246 1758 383 1844 aliisque
412 1767 487 1844 post
515 1757 606 1823 illam
633 1759 753 1842 reginis
782 1758 833 1822 vel
862 1757 1124 1842 imperatricibus
1147 1756 1190 1821 ad
1214 1756 1374 1842 capellam
1397 1756 1441 1820 ad
1463 1779 1609 1821 mensam
1632 1758 1665 1819 in
1688 1756 1778 1819 curia
1800 1755 1891 1838 regia

246 1864 389 1926 serviant
411 1872 443 1926 et
466 1862 631 1926 servitium
655 1860 742 1946 quod
765 1862 798 1924 in
824 1860 965 1925 seeundo
990 1881 1117 1945 semper
1138 1882 1225 1925 anno
1249 1859 1289 1923 de
1312 1859 1427 1924 eadem
1449 1858 1582 1924 abbatia
1599 1859 1743 1923 dictante
1760 1857 1892 1921 iusticia

246 1965 353 2031 daturi
376 1973 461 2045 sunt,
493 1963 555 2028 sibi
578 1962 763 2028 exhibeant.
809 1963 876 2047 Ipsi
899 1985 977 2027 vero
1002 1964 1268 2047 quotiescumque
1292 1962 1335 2026 ad
1357 1962 1502 2047 regalem
1524 1964 1647 2026 curiam
1670 1962 1824 2041 venerint,
1850 1959 1890 2024 de

245 2069 336 2151 regia
364 2090 477 2132 mensa
505 2076 683 2152 pascantur
711 2077 743 2130 et
771 2067 854 2131 inter
882 2066 1021 2130 curiales
1051 2076 1083 2130 et
1106 2065 1305 2130 domesticos
1327 2067 1414 2149 regis
1437 2076 1470 2129 et
1491 2066 1600 2148 regine
1625 2064 1680 2150 qui
1701 2066 1790 2146 regio
1814 2062 1888 2126 cibo
1910 2080 1942 2131 lo

244 2182 436 2254 vescuntur,
466 2193 531 2236 non
559 2171 661 2235 infimi
690 2192 817 2255 semper
843 2169 1041 2252 habeantur,
1072 2178 1168 2255 prout
1198 2168 1292 2234 decet
1320 2168 1410 2233 illum
1442 2169 1697 2234 sacratissimum
1726 2167 1835 2232 locum
1857 2176 1890 2230 et

245 2275 430 2360 provisores
449 2296 488 2338 ac
507 2276 672 2338 ministros
695 2273 781 2338 illius
800 2273 975 2357 aecclesie,
999 2296 1057 2358 per
1073 2296 1169 2359 quam
1186 2274 1295 2337 cuncti
1309 2295 1402 2357 reges
1419 2282 1450 2336 et
1465 2274 1677 2356 imperatores
1693 2293 1750 2356 per
1765 2270 1889 2334 vicissi-

244 2376 371 2441 tudines
394 2386 578 2461 temporum
601 2396 674 2440 eum
698 2377 765 2440 suis
788 2375 981 2459 coniugibus
1004 2378 1039 2439 in
1061 2396 1197 2458 regnum
1219 2384 1252 2439 et
1270 2376 1441 2460 imperium
1458 2398 1585 2460 semper
1601 2373 1888 2440 confirmabuntur.

245 2479 423 2545 Statuimus
453 2481 584 2564 insuper
615 2488 647 2543 et
677 2478 738 2542 hac
764 2489 876 2544 nostra
900 2478 1058 2564 imperiali
1081 2480 1275 2544 auctoritate
1299 2479 1341 2543 ad
1364 2479 1563 2563 prebendam
1586 2478 1722 2542 fratrum
1744 2478 1779 2543 in
1801 2486 1889 2540 ante·

245 2583 331 2648 dicto
354 2584 550 2648 monasterio
575 2582 635 2647 deo
660 2583 846 2667 sanctisque
870 2583 939 2646 eius
963 2580 1179 2646 servientibus
1203 2580 1415 2646 corroborare
1438 2582 1639 2646 decrevimus
1656 2580 1810 2666 quicquid
1826 2578 1885 2644 sub
1905 2595 1939 2644 to

243 2683 505 2750 antecessoribus
533 2685 652 2748 nostris
680 2681 914 2764 Constantino,
937 2684 1145 2768 Dagoberto,
1169 2684 1325 2770 Pippino,
1348 2684 1490 2763 Karolo,
1516 2684 1654 2749 Arnulm
1678 2695 1710 2748 et
1732 2685 1887 2749 Heinrico

244 2797 336 2873 patre
359 2797 470 2853 nostro
495 2787 539 2853 ad
561 2796 676 2851 nostra
697 2809 800 2872 usque
824 2796 970 2872 tempora
994 2786 1037 2852 ad
1060 2784 1307 2871 peculiaritemd
1329 2786 1460 2852 illorum
1482 2789 1516 2851 in
1538 2787 1706 2852 aecclesiis
1729 2796 1786 2851 aut
1807 2787 1889 2852 locis

244 2890 356 2956 subter
377 2891 498 2955 notatis
522 2892 683 2976 pertinere
705 2889 888 2971 videbatur,
912 2898 948 2955 ut
970 2913 1012 2954 ex
1034 2891 1085 2954 his
1108 2891 1228 2955 victum
1252 2900 1349 2975 atque
1373 2891 1526 2955 vestitum
1550 2900 1800 2977 consequantur,
1826 2890 1889 2955 hoc

243 3007 294 3058 est
316 2993 436 3078 Apula,
460 2993 664 3076 Suaueheim,
689 2993 932 3075 Euemesheim,
956 2991 1166 3074 Manncndal,
1190 2993 1354 3075 Narheim,
1383 2993 1590 3075 Bukinbeim,
1618 2993 1780 3075 Alcontia,
1808 2993 1889 3071 ‚Sce-

243 3095 421 3180 ringesfelt,
438 3095 662 3178 Vkinesheim,
678 3095 856 3176 Basinbah,
874 3095 1028 3179 Siemera,
1050 3095 1352 3178 Gunthereshusun,
1376 3097 1542 3181 Ruosbah,
1566 3097 1770 3177 Holzhusun,
1795 3096 1888 3161 Fole·
1907 3113 1942 3164 25

242 3198 445 3282 maresbuch,
469 3199 649 3281 Riuenaha,
673 3199 811 3280 Loauia,
834 3198 1048 3283 Windingun,
1072 3199 1268 3282 Ochisheim,
1292 3200 1536 3283 Ratheresdorf,
1555 3201 1681 3281 Bustat,
1698 3200 1888 3282 Meisbratlr,

242 3303 368 3385 Ebeno,
392 3304 530 3368 Decima
545 3313 577 3367 et
591 3302 697 3368 Vallis
712 3325 787 3367 eum
804 3305 871 3367 suis
888 3304 1092 3386 pertinentiis
1111 3304 1315 3386 Markedcth,
1334 3304 1516 3387 Daleheim,
1540 3305 1711 3385 Linniche,
1734 3304 1888 3385 ltlierske,

241 3405 432 3490 Euerlinga,
456 3405 540 3470 Fula
563 3415 595 3469 et
618 3405 706 3490 quod
728 3406 761 3469 in
786 3427 871 3490 pago
895 3404 1054 3470 Salnense
1076 3406 1127 3471 vel
1151 3407 1339 3471 incivitate
1366 3407 1504 3472 Metensi
1533 3407 1585 3471 vel
1615 3408 1826 3472 circumcirca
1855 3409 1889 3471 in

243 3508 321 3573 villa
336 3508 459 3574 Wilere
474 3511 507 3572 in
524 3509 626 3573 vineis
650 3518 707 3573 aut
730 3509 818 3592 agris
840 3508 961 3574 habere
976 3508 1127 3574 videntur
1149 3510 1200 3574 vel
1224 3510 1257 3574 in
1280 3532 1365 3595 pago
1383 3510 1550 3595 Nahgovve
1573 3514 1605 3575 in
1628 3510 1679 3575 his
1702 3509 1886 3576 aecclesiis:

243 3611 506 3694 Gozolueshoim,
529 3610 692 3693 Albucho,
712 3609 928 3694 Wieldistein,
948 3612 1142 3696 Wienheim,
1166 3623 1223 3678 aut
1246 3616 1339 3679 iuxta
1361 3615 1534 3681 Mosellam
1560 3614 1796 3696 Diedenhown,
1820 3615 1888 3677 sive
1906 3630 1940 3678 30

244 3715 332 3800 quod
355 3713 440 3780 ultra
458 3713 606 3779 Rhenum
632 3715 664 3778 in
686 3723 776 3778 curte
800 3737 861 3800 que
884 3713 1037 3780 Priehina
1059 3726 1197 3781 vocatur
1219 3738 1294 3781 eum
1317 3719 1467 3784 omnibus
1491 3718 1629 3784 adeam
1652 3717 1888 3803 pertinentibus

242 3828 374 3882 sanctus
403 3818 602 3882 Maximinus
632 3816 753 3882 habere
784 3817 926 3901 videtur,
957 3819 1194 3905 Murmirdinga
1218 3831 1250 3885 et
1273 3821 1514 3906 Druhdildinga
1545 3846 1607 3908 que
1636 3822 1679 3887 ad
1709 3821 1826 3886 cellam
1855 3823 1887 3886 in

240 3923 375 3986 Tauena
397 3923 542 4006 aspicere
566 3920 755 4005 probantur.
789 3922 882 3986 Haec
905 3924 1004 4005 igitur
1025 3922 1099 3986 loca
1123 3932 1155 3986 et
1179 3922 1450 4008 possle]ss[io]ues
1474 3936 1505 3989 et
1529 3948 1640 3990 omnes
1660 3927 1763 3989 saneti
1782 3925 1888 3988 Maxi·

240 4024 318 4088 mini
348 4023 525 4088 aecclesias
554 4046 629 4088 cum
659 4023 794 4089 decimis
822 4035 854 4088 et
884 4025 993 4090 salicis
1022 4025 1294 4090 decimationibus
1323 4026 1367 4092 ad
1395 4028 1594 4113 prebendam
1623 4028 1761 4093 fratrum
1790 4027 1888 4092 etad

239 4149 316 4192 usus
346 4127 509 4212 hospitum
539 4130 783 4212 peregrinorum
812 4151 851 4192 ac
882 4150 1060 4212 pauperum
1090 4128 1278 4213 delegamus
1302 4140 1334 4194 et
1357 4131 1616 4196 corroboramus
1655 4132 1698 4195 Et
1720 4142 1756 4195 ut
1777 4129 1886 4197 nullus
1905 4144 1938 4193 35

241 4251 466 4294 successorum
488 4241 672 4296 nostrorum
695 4252 806 4314 regum
824 4230 875 4294 vel
898 4233 1134 4316 imperatorum
1156 4254 1261 4317 neque
1284 4233 1388 4299 abbas
1411 4233 1555 4320 aliquam
1579 4234 1618 4298 de
1642 4235 1796 4319 predictis
1819 4257 1888 4298 eur-

241 4343 306 4397 tsm
329 4332 380 4396 vel
403 4333 597 4398 aecclesiam
620 4336 772 4420 cuiquam
794 4333 992 4399 beneficiare
1015 4344 1197 4418 presumat,
1229 4357 1287 4419 per
1309 4337 1371 4401 hoe
1394 4348 1503 4421 nostre
1527 4339 1731 4402 auctoritatis
1755 4358 1888 4422 precep-

238 4448 307 4499 tum
329 4437 511 4501 firmissime
535 4438 740 4522 precipimus.
779 4438 822 4501 Et
845 4448 880 4501 ut
902 4436 964 4500 hoc
989 4436 1077 4522 quod
1100 4438 1143 4502 ad
1166 4438 1322 4503 honorem
1345 4442 1435 4523 regni
1458 4443 1560 4504 nostri
1585 4451 1617 4504 et
1639 4441 1765 4524 imperii
1789 4450 1821 4503 et
1844 4439 1887 4504 ad

239 4537 411 4603 utilitatem
434 4537 577 4602 eiusdem
600 4537 665 4604 loci
689 4540 876 4623 statuimus,
911 4541 1039 4605 firmum
1063 4563 1191 4626 semper
1214 4552 1246 4607 et
1269 4541 1385 4607 stabile
1409 4553 1613 4627 permaneat,
1649 4554 1772 4607 cartam
1801 4542 1886 4607 hanc

239 4640 314 4706 inde
336 4641 499 4707 conscribi
524 4653 556 4707 st
578 4642 674 4727 sigilli
697 4646 800 4707 nostri
824 4645 1037 4728 impressione
1060 4646 1213 4709 iussimus
1237 4646 1394 4730 insigniri·
1903 4658 1937 4706 ιο

338 4915 547 4997 llLiudolfus
571 4917 785 4981 cancellarius
808 4918 959 4984 advicem
982 4919 1183 4986 Uuillihelmi
1206 4923 1393 5006 recognovi.
1417 4919 1431 5001 ξ
1757 4926 1814 5004 (SI.
1834 4925 1884 5002 D.)

340 5072 431 5136 Data
537 5082 658 5136 θιιιιιιο
683 5072 843 5156 dominice
873 5074 1108 5137 incarnationis
1136 5064 1338 5158 Dcccctxil,
1373 5076 1550 5142 indictione
1575 5095 1605 5158 v,
1641 5098 1726 5141 anno
1758 5078 1885 5161 imperii

239 5173 349 5239 domni
366 5173 496 5240 Ottonis
519 5193 546 5258 1,
570 5177 661 5260 regni
685 5197 762 5239 vero
787 5176 984 5239 serenissimi
1007 5177 1093 5258 regis
1111 5175 1242 5242 Ottonis
1265 5179 1323 5244 filii
1345 5180 1415 5244 eius
1438 5197 1482 5261 113
1505 5189 1616 5243 actum
1634 5179 1753 5262 Rom03
1776 5181 1809 5243 in
1834 5180 1886 5244 dei

241 5278 371 5341 nomine
393 5277 531 5361 feliciter
553 5300 658 5342 amen.
1903 5301 1937 5349 to

323 5463 381 5517 442.
408 5466 518 5597 &separe
528 5466 651 5586 Iqichkdie
668 5468 785 5516 weiteren
803 5466 990 5532 Erqiirrzrmqeu
1012 5469 1080 5519 rroclt
1104 5470 1157 5521 Bc
1256 5472 1282 5532 d)
1303 5472 1325 5522 A
1347 5478 1408 5522 otutt
1432 5472 1642 5537 peculiaritatem
1749 5486 1772 5531 c)
1792 5490 1886 5522 tenoru-

406 5550 437 5598 9e
498 5551 511 5585 e
602 5551 622 5585 e.
