4298 6414
232 441 296 506 200
829 448 1276 506 KAISERURKUNDEN.

232 640 363 695 maneat
385 640 417 695 et
438 653 458 694 a
482 629 532 694 dei
555 633 739 715 nostrisque
761 628 912 694 fidelibus
935 631 1043 693 verius
1066 628 1233 710 credatur,
1255 650 1354 692 manu
1376 629 1509 713 propria
1532 635 1645 693 nostra
1668 625 1782 691 subtus
1804 648 1869 692 eam

231 734 430 798 firmavimus
453 734 615 820 anuloque
637 743 749 798 nostro
773 732 908 816 sigillari
932 734 1095 797 iussimus.

304 896 308 906 ’
332 869 346 951 ξ
368 871 504 956 Signum
527 871 636 936 domni
661 869 792 935 Ottonis
815 870 879 951 (M.)
900 869 1105 933 invictissimi
1130 871 1225 953 regis.
1249 868 1263 949 1

332 972 346 1053 1
368 974 458 1038 Bnm
474 973 688 1038 cancellarius
704 973 852 1037 advicem
868 971 1024 1036 Rodberti
1040 971 1293 1058 archicapellani
1310 970 1524 1056 recog[nov]i.
1542 973 1557 1055 ᾖ
1578 977 1635 1047 (SI.
1649 976 1700 1047 D.)
1715 974 1785 1051 (SR
1800 981 1869 1048 ΝΚ.)

333 1110 422 1175 Data
438 1120 515 1175 vx.⁶
529 1111 596 1175 kal.
612 1110 676 1175 feb.
693 1109 805 1195 an[n]o
822 1110 943 1174 domini
960 1125 1102 1192 Dccccn,
1120 1107 1319 1175 indictiones
1339 1127 1399 1190 v11,
1422 1119 1577 1194 regnante
1593 1111 1649 1195 pio
1665 1130 1741 1191 rege
1757 1108 1867 1174 Ottone

233 1213 343 1297 [ann]o
368 1224 455 1296 vx⁰;
478 1223 587 1279 actum
609 1214 848 1297 Basenvillare3
871 1217 904 1278 in
927 1214 1058 1279 domino
1081 1213 1218 1279 feliciter
1241 1235 1347 1277 amen.

1014 1401 1098 1473 118.

239 1555 319 1631 Ouo
347 1557 507 1656 besidtipt
532 1559 611 1630 dem
632 1557 778 1631 Kloster
800 1554 1138 1654 Stablo-Malmcdp
1159 1555 1252 1629 nodi
1275 1555 1355 1628 dem
1380 1552 1649 1661 Wortlantder
1679 1551 1867 1633 Urbeoden

228 1679 345 1750 seiner
368 1677 576 1776 Vorpc‘inper
599 1678 720 1751 dassen
742 1677 976 1751 Besitzstend.
1360 1709 1538 1781 Bfflmf
1556 1712 1619 1772 950
1641 1709 1781 1768 pm,
1801 1714 1829 1768 1.

332 1899 493 1961 Olmrtulnr
514 1919 569 1960 eron
592 1901 693 1961 Stablo
715 1918 771 1959 aus
794 1900 859 1958 dem
875 1899 1000 1974 Assone
1022 1901 1071 1959 des
1094 1905 1145 1961 13.
1163 1900 1216 1960 Jb.
1240 1900 1264 1971 s.
1281 1896 1333 1960 30'
1356 1901 1399 1957 im
1420 1900 1447 1958 b.
1465 1899 1669 1960 Staoborcbiv
1689 1917 1730 1956 eu
1752 1897 1866 1958 Dissel-
1899 1905 1915 1949 1

331 2002 434 2084 dors(
464 2002 485 2081 ).
509 2038 550 2047 —
575 2002 737 2064 Oliannlar
758 2022 813 2062 seo
836 2004 936 2064 Stablo
959 2022 1015 2063 asts
1038 2005 1102 2063 ders
1124 2003 1210 2063 moe
1232 2002 1282 2061 des
1304 2005 1355 2062 15.
1373 2002 1427 2062 Jb.
1451 2002 1475 2074 f.
1493 2000 1543 2061 40'
1566 2004 1608 2060 im
1630 2002 1657 2060 k.
1676 2000 1869 2061 Stoatsorcbir

329 2126 369 2166 ss
392 2107 517 2165 Briissel
541 2106 605 2184 (D).
634 2141 675 2150 —
705 2105 867 2167 Olaecrtqu--r
888 2125 953 2166 vom
981 2107 1014 2167 J.
1039 2110 1125 2166 1187
1152 2106 1176 2177 s.
1201 2108 1244 2165 52
1266 2105 1375 2164 abendo
1398 2104 1463 2185 (Ε).
1492 2139 1535 2149 -
1562 2106 1738 2178 Repbtram
1766 2103 1870 2161 archivi

330 2210 514 2269 Stnbalensis
536 2228 592 2269 ans
615 2210 681 2269 dem
704 2207 789 2269 Dede
812 2211 861 2269 des
884 2214 935 2270 18.
953 2210 1006 2269 Jb.
1025 2228 1058 2283 p.
1082 2213 1147 2269 248
1168 2210 1211 2266 im
1233 2210 1260 2267 k.
1279 2208 1481 2268 Stactsarcbio
1501 2227 1541 2267 su
1563 2206 1751 2278 Dasscldorf
1768 2204 1780 2285 (
1810 2204 1830 2284 ).

330 2350 469 2407 Martiae
494 2349 562 2409 Colt.
585 2353 616 2420 2,
641 2353 682 2409 43
704 2367 761 2408 ons
777 2351 852 2422 jetet
873 2350 953 2408 nield
975 2350 1058 2408 melis
1079 2348 1301 2420 ausrtssdbarem
1322 2347 1390 2408 MS.
1413 2365 1469 2406 son
1489 2346 1650 2420 Moimcdy.
1675 2379 1717 2389 -
1749 2344 1871 2404 Bbbmer

329 2452 400 2524 Rep.
425 2455 496 2511 169.
520 2485 563 2496 --
586 2451 714 2525 Stumps
731 2454 803 2525 nep.
828 2456 900 2512 183.
1886 2463 1915 2508 t-

331 2589 453 2647 Genesis
474 2589 539 2646 und
559 2590 621 2647 siclt
643 2591 687 2648 bis
710 2589 771 2660 aus
789 2591 842 2648 das
866 2590 1163 2663 Einpnnpsprotolroll
1185 2588 1384 2648 erstreclrende
1398 2588 1607 2661 Nocbbildmsp
1622 2587 1673 2646 des
1688 2586 1728 2646 D.
1745 2587 1869 2659 Ltsdwip

329 2692 379 2751 des
401 2694 562 2751 Frommen
584 2693 621 2752 L.
644 2697 695 2756 24.
736 2695 801 2752 Zur
823 2695 997 2768 Ertldrnnp
1020 2695 1072 2752 der
1097 2693 1273 2752 Ortsnamea
1295 2693 1350 2766 apl.
1375 2692 1614 2766 Greadpupnape
1635 2692 1669 2748 in
1691 2688 1784 2750 Mein.
1808 2707 1870 2748 cors-

330 2795 436 2854 ronnc‘s
453 2796 573 2869 public's
591 2816 653 2870 pur
675 2796 852 2856 inenormis
874 2798 972 2871 ropaic
995 2798 1030 2855 de
1052 2796 1195 2870 Belpique
1216 2799 1268 2866 26,
1292 2800 1333 2855 14
1355 2795 1387 2867 ff.

431 2981 469 3043 In
496 2982 626 3044 nomine
653 2980 801 3045 dominis
828 2980 880 3045 dei
903 2992 936 3045 et
958 2980 1130 3045 salvatoris
1153 2981 1254 3044 nostri
1278 2980 1353 3044 Iesu
1376 2978 1507 3044 Christi.
1553 2977 1631 3044 Otto
1656 2978 1769 3042 divina
1792 2977 1870 3043 ordi·

226 3091 324 3146 nante
352 3082 559 3168 providentia
587 3106 655 3148 rex.
756 3100 923 3163 Imperialem
952 3099 1135 3149 celsitudinem
1163 3099 1239 3148 decet
1267 3098 1483 3161 predecessorum
1513 3113 1620 3148 suorum
1651 3098 1695 3162 pie
1723 3097 1796 3146 facts
1820 3111 1870 3145 non
1884 3095 1915 3142 21

226 3201 310 3250 solum
333 3203 523 3252 inviolabiliter
545 3217 714 3264 conservare,
749 3202 795 3252 sed
818 3204 897 3252 etiam
920 3218 1030 3252 censure
1053 3218 1100 3252 sue
1123 3202 1245 3251 alacriter
1267 3203 1425 3251 auctoritate
1448 3200 1611 3252 confirmare.
1649 3201 1753 3251 Idcirco
1783 3205 1869 3251 notum

225 3307 260 3354 sit
282 3308 398 3355 omnium
421 3306 537 3357 fidelium
560 3313 709 3357 nostrorum
732 3307 876 3368 industrie,
899 3307 963 3370 quia
986 3289 1083 3353 Odllo
1107 3305 1178 3354 abba
1200 3320 1232 3354 ex
1255 3305 1414 3354 monasterio
1437 3287 1607 3354 Stabulausb
1630 3310 1657 3354 et
1677 3304 1869 3354 Malmundario

225 3425 273 3459 nec
296 3425 350 3458 non
372 3416 398 3459 et
420 3411 542 3460 monachi
566 3412 593 3459 in
616 3410 713 3460 eisdem
736 3410 855 3459 cenobiis
878 3410 1052 3458 consistentes
1076 3407 1228 3457 detulerunt
1251 3408 1328 3457 nobis
1351 3413 1504 3472 preceptum
1527 3391 1714 3456 110110111θίο
1737 3394 1869 3477 impera·

225 3499 305 3561 toris
328 3508 360 3561 01
383 3513 511 3563 llilderici
535 3515 603 3578 regis
630 3515 657 3562 in
679 3529 731 3576 qno
755 3512 954 3573 continebatur,
985 3510 1099 3576 qualiter
1121 3513 1162 3560 vir
1184 3518 1292 3560 sanctus
1314 3510 1456 3560 Remaclns
1478 3510 1581 3561 scilicet
1603 3512 1711 3561 nomine
1734 3512 1780 3576 qni
1803 3525 1869 3559 nnnc

224 3617 251 3664 in
274 3615 365 3664 endem
389 3617 548 3665 monasterio
571 3616 727 3680 requiescit,
761 3615 900 3665 detulisset
930 3599 1057 3682 prefato
1081 3595 1264 3662 childerico
1287 3600 1355 3681 regi
1385 3615 1568 3678 preceptiones
1597 3612 1723 3679 Sigiberti
1749 3614 1819 3680 regis
1842 3615 1866 3661 in
1882 3614 1915 3662 25

224 3718 321 3782 ‹piibus
350 3723 406 3766 erat
435 3720 576 3777 insertum,
611 3717 724 3782 qualiter
754 3718 860 3768 easdem
889 3717 1000 3768 cellulas
1027 3733 1096 3767 novo
1121 3733 1200 3781 opere
1223 3718 1414 3767 construxisset
1437 3722 1463 3768 et
1486 3718 1518 3767 do
1541 3733 1591 3767 sua
1613 3718 1711 3767 foreste
1735 3717 1867 3767 duodecim

225 3821 317 3885 leugas
338 3820 456 3884 undique
478 3826 644 3870 mensuratas
666 3836 713 3869 seu
736 3804 812 3885 qned
839 3820 908 3870 infra
931 3826 1019 3882 erant,
1049 3836 1097 3884 pro
1121 3820 1211 3869 (livino
1235 3835 1324 3870 amore
1347 3823 1530 3872 concessisset.
1573 3806 1618 3871 Et
1639 3821 1777 3886 predictus
1798 3826 1868 3887 pater

224 3924 307 3988 magis
330 3923 442 3987 diligens
464 3925 553 3988 quiete
576 3923 681 3973 domino
705 3926 803 3973 servire
825 3939 904 3989 quam
928 3923 1091 3973 tumultuosa
1114 3924 1196 3974 seculi
1222 3925 1396 3975 fluctuatione
1424 3927 1526 3990 perpeti
1555 3925 1713 3989 deprecatus
1741 3930 1782 3974 est
1809 3939 1866 3974 enn-

224 4026 281 4076 dem
306 4026 484 4076 Clrildericum
507 4042 609 4092 regem,
643 4033 674 4076 ut
695 4029 731 4074 VI
755 4027 846 4091 leugas
870 4030 908 4077 eis
931 4029 1097 4078 subtraheret
1120 4034 1227 4093 propter
1249 4029 1430 4093 quietudinem
1453 4029 1642 4079 monachorum
1665 4028 1765 4078 ibidem
1788 4029 1867 4079 consi·

223 4132 348 4180 utentium
371 4135 397 4179 et
419 4133 455 4178 VI
478 4131 516 4180 cis
539 4146 586 4195 per
607 4135 761 4194 preceptum
784 4146 861 4179 sunm
885 4130 1051 4180 confirmaret
1072 4137 1152 4196 atque
1175 4131 1293 4197 undique
1316 4134 1448 4199 designari
1471 4135 1589 4197 iuberet,
1623 4135 1693 4183 sicut
1724 4139 1751 4184 et
1780 4127 1867 4185 idem‘
1882 4127 1910 4175 ³⁰

223 4250 269 4283 rex
299 4234 411 4284 libenter
441 4234 527 4284 facere
557 4236 725 4299 procuravit,
758 4234 786 4283 id
809 4239 848 4284 est
872 4234 903 4283 de
926 4236 1086 4285 monasterio
1109 4235 1305 4286 Malmnndario
1328 4253 1412 4302 usque
1435 4236 1539 4286 Siccum
1563 4251 1699 4301 campum,
1734 4236 1767 4287 de
1795 4236 1867 4286 Sicco

223 4352 315 4401 campo
344 4353 390 4402 per
419 4339 488 4387 viam
517 4338 745 4388 Mausuuariscam
779 4353 862 4401 usque
891 4338 939 4387 ubi
961 4322 1128 4389 Warchinas
1158 4339 1287 4401 decurrit,
1322 4345 1348 4389 et
1376 4339 1408 4390 de
1436 4341 1496 4404 ipsa
1516 4322 1686 4390 warchinaf
1714 4355 1799 4405 usque
1824 4339 1867 4388 ubi

222 4435 389 4490 Stembaclig
411 4443 560 4507 consurgit,
583 4449 609 4492 et
631 4442 664 4493 de
687 4423 854 4492 Stombnchh
877 4457 961 4506 usque
984 4441 1018 4490 ad
1033 4442 1208 4504 Amblaviam,
1232 4441 1327 4491 deinde
1350 4458 1454 4491 sursum
1476 4457 1524 4507 per
1537 4440 1705 4492 Amblaviem
1728 4457 1776 4506 per
1798 4441 1867 4493 illam

221 4544 346 4593 forestem
368 4544 400 4593 de
422 4527 572 4610 Vvlfbergi
594 4547 640 4595 ubi
664 4544 801 4595 Saurbacb
824 4546 922 4610 surgit,
957 4544 1052 4595 deindo
1075 4547 1121 4595 ubi
1144 4545 1290 4595 Didolones
1313 4545 1416 4595 rivulus
1438 4546 1589 4611 consurgit,
1623 4544 1685 4596 inde
1707 4560 1755 4610 per
1782 4546 1866 4610 ipsum

221 4648 338 4697 rivulum
360 4663 445 4712 nsque
467 4648 495 4696 in
517 4647 628 4697 Retham
651 4653 678 4698 et
700 4648 733 4698 de
754 4649 841 4698 Retha
863 4664 910 4713 per
932 4648 1005 4698 illam
1027 4649 1150 4699 forestem
1174 4665 1225 4714 que
1248 4655 1354 4712 separat
1376 4649 1527 4711 Chelmino,
1555 4649 1685 4699 Roborito
1708 4656 1735 4699 et
1756 4649 1867 4700 Audasi·
1883 4645 1912 4694 ³5

220 4750 315 4801 villare
326 4733 348 4812 ¹¹,
382 4767 429 4815 per
449 4752 534 4815 ipsam
556 4752 669 4801 mediam
691 4752 815 4802 forestem
837 4768 921 4817 usque
944 4752 1033 4802 locum
1055 4754 1101 4818 qui
1124 4753 1222 4802 dicitur
1247 4752 1454 4816 Iocundafania,
1488 4751 1632 4828 et'deinde
1652 4768 1702 4817 per
1723 4734 1867 4804 Alsenam¹

220 4870 272 4920 que
294 4855 444 4919 propinqua
465 4859 505 4904 est
531 4854 615 4904 eidem
638 4857 812 4917 monasterio,
848 4862 874 4906 et
895 4856 956 4906 inde
979 4872 1026 4920 per
1048 4857 1132 4921 ipsam
1155 4838 1300 4906 Alsenam¹
1325 4872 1410 4921 usque
1433 4857 1478 4906 ubi
1502 4857 1529 4904 in
1552 4855 1668 4905 Glanum
1691 4855 1808 4906 rivulum
1830 4856 1866 4906 in-

220 4958 351 5024 greditur,
386 4964 412 5008 et
442 4958 536 5008 deinde
566 4958 637 5008 ultra
667 4958 781 5008 Glanum
811 4975 895 5024 usque
923 4960 956 5008 ad
980 4960 1074 5010 Albam
1103 4960 1201 5010 fontem
1214 4954 1234 4982 ¹²¹
1257 4964 1283 5008 et
1306 4959 1338 5009 de
1360 4959 1430 5008 Alba
1451 4959 1524 5009 fonte
1547 4928 1631 5023 usque
1654 4959 1689 5008 ad
1710 4958 1866 5009 Amblavem

220 5064 295 5112 iuxta
316 5062 404 5112 locum
423 5057 630 5127 Sicginiauiao¹¹
653 5062 698 5110 nbi
718 5055 897 5112 Gerelaicus⁰
915 5078 1028 5112 vennam
1051 5063 1153 5125 habuit,
1177 5067 1203 5112 et
1225 5060 1287 5110 inde
1310 5077 1356 5126 per
1378 5063 1461 5126 ipsam
1484 5059 1641 5110 Amblavsm
1664 5061 1712 5111 ubi
1729 5060 1867 5110 Dulnosus

219 5166 247 5214 in
269 5161 379 5230 ipsaml
401 5165 556 5231 ingreditur,
578 5166 641 5216 inde
655 5181 702 5231 per
717 5166 867 5216 Dulnosum
889 5181 974 5231 usque
997 5168 1025 5215 in
1046 5166 1145 5215 Fanias
1168 5171 1195 5215 et
1217 5166 1278 5216 inde
1300 5182 1348 5230 per
1369 5167 1482 5216 mediam
1505 5166 1629 5215 forestem
1645 5165 1678 5215 de
1693 5166 1760 5230 ipsis
1774 5165 1865 5216 Fusiis
1880 5169 1912 5217 40

307 5320 363 5373 117.
390 5320 457 5388 e)A
560 5323 628 5383 f)iu
645 5320 711 5371 abne
727 5321 1004 5389 Abitiimmpmicben.

308 5424 363 5478 ils.
391 5425 486 5493 [Foltz]
573 5427 599 5491 a)
611 5424 680 5487 fehlt
697 5427 726 5474 in
742 5423 796 5478 110
882 5427 910 5487 1))
930 5426 1059 5476 Stebuiau
1077 5425 1106 5476 E
1189 5429 1213 5488 c)
1233 5426 1364 5477 Ludouici
1382 5424 1436 5477 EG
1521 5425 1548 5492 d)
1566 5426 1684 5492 undique
1701 5431 1865 5478 mensurasse

390 5512 437 5545 sue
455 5496 573 5560 undique
590 5496 659 5544 infra
677 5500 750 5544 erant
767 5493 826 5553 alle,
843 5494 967 5544 emmads'rt
978 5494 1046 5543 neck
1062 5493 1115 5545 VU.
1197 5498 1221 5555 e)
1236 5497 1321 5545 eidem
1334 5494 1389 5545 DE
1467 5495 1627 5556 DWarcina
1640 5494 1668 5544 D
1747 5497 1777 5561 g)
1789 5496 1864 5546 Sten-

387 5564 455 5614 bach
473 5563 502 5614 D
604 5563 630 5625 h)
651 5564 794 5614 steinbach
812 5563 841 5612 D
938 5565 957 5624 i)
976 5563 1107 5629 Vvlsberg
1124 5562 1152 5614 E
1248 5565 1275 5624 k)
1294 5564 1490 5614 Andsstvillare
1510 5562 1535 5614 θ
1630 5564 1650 5628 1)
1661 5561 1723 5625 EG,
1741 5564 1864 5615 Alienum

391 5631 440 5683 01)
535 5631 572 5692 m)
594 5632 693 5683 fontem
712 5632 809 5683 Albam
829 5630 883 5682 EG
981 5632 1008 5696 n)
1031 5631 1210 5697 Suginoauiao
1232 5632 1271 5694 E,
1296 5634 1479 5699 Sitginoaniao
1502 5631 1527 5682 0
1624 5635 1651 5694 ο)
1673 5634 1818 5684 Gerelacus
1838 5630 1912 5682 1146

388 5704 415 5772 p)
434 5701 571 5753 Dulnosns
588 5703 674 5767 ipsam
691 5700 731 5763 11,
748 5701 886 5753 Dulnosus
903 5703 931 5752 in
948 5702 1006 5768 ipsa
1021 5699 1105 5753 01³0.
