4500 6420
379 446 444 511 370
976 457 1427 516 KAISERURKUNDEN.

381 660 438 702 seu
462 659 482 700 a
504 635 638 701 castello
662 636 839 700 Paucinico
863 658 937 700 cum
961 636 1087 701 duabus
1112 639 1309 702 massariciis
1332 638 1497 722 regalibus
1521 637 1560 701 de
1583 648 1693 702 monte
1716 634 1852 703 Cauallo
1875 637 2026 702 firmante

381 744 414 806 in
433 739 603 806 Oauulano
628 764 685 805 seu
707 764 784 806 vero
808 741 848 805 de
866 742 1004 807 Paterno
1028 742 1177 807 firmante
1198 743 1233 806 in
1254 741 1385 806 flumine
1408 741 1593 826 Liquentia,
1618 750 1650 804 et
1673 750 1792 805 terram
1816 761 1878 825 quc
1901 741 1962 805 fuit
1984 739 2026 804 de

381 843 561 910 Audeuirto
592 844 731 910 diacono
744 843 761 926 ³,
796 867 858 931 que
887 846 972 909 iacet
995 847 1025 908 in
1049 845 1136 910 valle
1159 843 1423 930 Lapaoinensek,
1459 866 1525 908 una
1553 866 1626 907 eum
1651 843 1800 908 omnibus
1824 844 2026 928 pertinentiis

380 970 492 1012 earum
522 971 584 1035 que
615 948 713 1013 modo
738 950 770 1011 in
793 948 849 1011 illa
880 957 966 1012 terra
996 948 1051 1018 vel
1081 972 1142 1035 que
1175 951 1306 1014 inantea
1336 946 1397 1013 deo
1428 947 1603 1012 adiuvante
1632 948 1697 1011 iam
1721 946 1829 1011 dictus
1852 947 2026 1031 episcopus

379 1049 544 1116 Iohannes
567 1049 685 1115 habet¹
708 1051 759 1114 vel
783 1053 951 1137 acquirere
974 1059 1100 1135 potest,
1124 1061 1190 1115 tam
1214 1074 1256 1116 ex
1279 1050 1422 1116 castellis
1448 1060 1480 1115 et
1503 1052 1634 1115 curtism
1656 1049 1815 1114 hedificiis
1839 1059 2061 1134 quamquefls

327 1134 334 1148 ⁶
378 1155 471 1218 terris
495 1157 582 1237 agris
606 1156 732 1238 campis
755 1156 857 1239 pratis
881 1156 1013 1239 pascuis
1030 1152 1120 1218 silvis
1137 1156 1241 1218 vineis
1258 1157 1351 1240 aquis
1375 1176 1597 1239 aquarumque
1621 1152 1810 1218 decursibus
1834 1151 2027 1218 molendinis

379 1257 613 1342 piscationibus
642 1257 772 1321 salcetis
801 1258 965 1323 montibus
995 1255 1123 1342 alpibus
1151 1257 1355 1343 planiciebus
1379 1257 1555 1322 mobilibus
1578 1268 1610 1322 ct
1631 1256 1841 1322 inmobilibus
1863 1257 1961 1322 rebus
1983 1254 2028 1319 ad

379 1361 581 1446 praedictam
609 1370 731 1425 terram
760 1362 843 1425 iuste
866 1371 898 1427 et
919 1360 1067 1445 legaliter
1095 1360 1332 1445 pertinentibus
1363 1383 1425 1446 que
1454 1360 1517 1425 dici
1541 1360 1593 1424 vcl
1616 1362 1777 1425 nominari
1800 1369 1954 1445 possunt,
1985 1382 2027 1423 ex

379 1466 520 1547 integro,
549 1473 584 1527 nt
607 1451 672 1528 iam
702 1460 939 1548 praediximus,
970 1463 1010 1527 de
1032 1472 1143 1528 nostro
1166 1463 1325 1548 imperiali
1349 1465 1418 1528 iure
1441 1472 1473 1526 et
1495 1462 1639 1527 dominio
1663 1464 1696 1526 in
1719 1464 1768 1526 ius
1791 1469 1824 1525 et
1846 1461 2026 1526 dominium

378 1567 517 1653 praefati
546 1568 692 1652 episcopi
716 1567 872 1632 Iohannis
896 1566 1054 1632 donamus
1083 1578 1179 1653 atque
1207 1567 1378 1652 largimur,
1409 1576 1445 1631 ut
1467 1569 1536 1631 iure
1558 1565 1752 1631 hereditario
1776 1564 1898 1630 habeat
1919 1575 2028 1630 teneat
2047 1580 2080 1626 10

378 1669 576 1755 firmiterque
604 1669 772 1754 possideat
798 1669 981 1756 habeatque
1010 1680 1205 1756 potestatem
1233 1671 1364 1735 tenendi
1395 1670 1494 1735 dandi
1524 1668 1686 1734 vendendi
1715 1667 1936 1734 commutandi
1966 1689 2026 1753 pro

380 1774 513 1836 anima⁰
536 1772 703 1838 iudicandi
726 1783 759 1837 et
781 1773 936 1859 quicquid
959 1775 1027 1837 eius
1051 1774 1177 1838 animus
1201 1773 1320 1838 exinde
1344 1773 1526 1839 decreverit
1548 1772 1706 1854 faciendi,
1734 1780 1810 1858 post
1832 1794 1926 1836 suum
1948 1792 2027 1836 vero

381 1875 559 1941 discessum
583 1875 735 1940 deveniat
756 1879 790 1940 in
813 1877 986 1942 eeclesiam
1016 1878 1120 1940 sancti
1143 1876 1293 1959 Martini,
1327 1887 1450 1942 nostra¹
1467 1886 1717 1960 nostrorumque
1746 1895 1972 1939 successorum
1995 1882 2028 1938 et

382 1980 551 2043 omniuml'
582 1978 750 2043 hominum
780 1981 1002 2044 controversia
1025 1989 1159 2044 remota.
1194 1980 1332 2064 Insuper
1355 1982 1454 2044 etiam
1476 1981 1697 2044 concessimus
1721 1978 1825 2042 eidem
1848 1975 2027 2042 venerabili

381 2084 536 2167 episcopo
559 2081 697 2147 Iohanni
728 2081 912 2168 dilectoque
941 2092 1052 2148 nostro
1075 2082 1163 2147 fideli
1186 2105 1245 2168 per
1267 2093 1413 2148 nostram
1436 2082 1636 2168 imperialem
1660 2083 1888 2146 auctoritatem
1910 2090 1971 2147 utq
1993 2083 2026 2146 in
2047 2096 2079 2143 15

382 2183 551 2269 praedicta
568 2195 653 2250 terra
669 2208 766 2271 qnam
783 2189 811 2251 ei
828 2209 885 2272 per
904 2194 1113 2272 praeceptum
1137 2185 1341 2267 donavimus,
1365 2188 1397 2250 in
1415 2186 1673 2272 quibuscumque
1696 2184 1776 2250 locis
1801 2183 1862 2249 sibi
1886 2184 2026 2269 placeat,

381 2287 517 2353 castella
545 2298 649 2352 turres
665 2299 698 2353 et
712 2289 838 2354 merula
865 2288 1040 2354 hedificare
1056 2299 1088 2354 et
1102 2288 1210 2354 fossas
1234 2289 1343 2354 facere
1366 2288 1486 2353 habeat
1507 2298 1713 2373 potestatem,
1738 2297 1770 2352 et
1785 2295 1821 2352 ut
1835 2288 1942 2354 nullus
1958 2287 2027 2354 dux

382 2390 526 2455 marchio
543 2413 653 2457 eomes
668 2393 852 2457 vicecomes
867 2390 919 2455 vel
935 2394 1053 2457 missus
1070 2390 1253 2455 discurrens
1270 2414 1327 2456 seu
1346 2389 1482 2477 quilibet
1496 2392 1542 2455 rei
1559 2391 1690 2475 publice
1707 2399 1843 2454 exactor
1858 2389 1909 2454 vel
1925 2387 2027 2455 iudex

383 2493 530 2558 homines
566 2517 662 2580 super
695 2497 910 2580 prescriptam
941 2490 1108 2581 [terram]¹
1139 2495 1318 2560 residentes
1349 2495 1402 2559 vel
1433 2494 1618 2559 habitantes
1647 2494 1691 2560 ad
1713 2494 1836 2559 nullum
1870 2494 2027 2580 placitum

384 2595 575 2681 distringere
604 2607 785 2680 presumat,
816 2596 873 2661 sed
896 2597 994 2661 licoat
1016 2600 1170 2683 episeopo
1196 2600 1329 2684 eiusque
1353 2599 1515 2663 advocato
1539 2597 1695 2683 placitum
1719 2620 1816 2683 super
1838 2620 1894 2662 eos
1916 2607 2078 2665 tenerare

383 2721 559 2785 omnesque
594 2700 722 2765 illorum
755 2723 873 2765 causas
907 2701 1049 2786 legitime
1083 2701 1191 2783 finire,
1227 2704 1372 2767 omnium
1405 2703 1573 2769 hominum
1604 2703 1861 2768 contradictione
1890 2712 2026 2768 remota.

380 2801 505 2888 Siquis
529 2805 627 2887 igitur
648 2804 743 2868 huius
767 2805 868 2869 nostri
891 2807 1056 2890 praecepti
1076 2820 1115 2869 ac
1134 2805 1320 2869 donationis
1342 2828 1403 2871 nec
1426 2829 1492 2871 non
1515 2817 1547 2871 ct
1569 2808 1792 2873 concessionis
1814 2806 1954 2872 violator
1974 2805 2027 2871 vel

379 2915 584 2991 contemptor
614 2909 772 2989 extiterit,
808 2909 891 2971 sciat
917 2931 951 2972 se
975 2910 1233 2993 compositurnm
1264 2911 1334 2972 auri
1366 2911 1479 2994 optimi
1509 2909 1609 2974 libras
1639 2919 1785 2992 centum,
1819 2900 2027 2975 medietatem

379 3031 507 3073 camere
536 3018 647 3075 nostre
671 3021 703 3074 et
725 3009 931 3075 medietatem
963 3010 1111 3096 praefato
1142 3013 1298 3096 episcopo
1322 3009 1460 3076 Iohanni
1483 3010 1687 3077 Bellunensis
1720 3012 1860 3075 civitatis
1891 3011 1943 3075 vel
1974 3013 2026 3077 cui

378 3114 448 3197 ipsc
475 3112 600 3178 dederit
622 3113 675 3177 vel
697 3112 818 3178 habere
842 3116 993 3179 statuerit
1004 3124 1023 3178 ⁸.
1063 3113 1161 3194 Quod
1183 3125 1219 3178 ut
1240 3117 1348 3179 verius
1372 3114 1523 3179 credatur
1545 3124 1578 3179 et
1600 3113 1785 3198 diligentins
1808 3112 1850 3178 ab
1875 3114 2025 3180 omnibus
2043 3129 2077 3178 uo

379 3216 577 3299 observetur,
601 3216 685 3281 hanc
701 3219 868 3302 praecepti
886 3220 1041 3303 paginam
1060 3218 1179 3283 exinde
1198 3218 1360 3282 conscribi
1384 3220 1546 3298 iussimus,
1570 3240 1669 3282 manu
1685 3219 1819 3303 propria
1833 3216 2025 3283 roborantes

379 3320 477 3384 anulo
500 3329 612 3384 nostro
636 3321 670 3384 in
693 3320 783 3384 calce
807 3319 942 3403 sigillari
965 3323 1128 3386 iussimus.

482 3456 617 3541 Signum
640 3456 750 3521 domni
775 3456 905 3522 Ottonis
929 3460 1038 3542 magni
1062 3468 1094 3522 et
1115 3460 1320 3523 invictissimi
1346 3460 1411 3540 (M.)
1435 3459 1640 3543 imperatoris
1663 3459 1804 3541 augusti.

480 3561 666 3646 Liutgerius
690 3560 908 3625 cancellarius
931 3561 1077 3626 adviecm
1092 3561 1254 3627 Vidonis‘
1277 3564 1422 3647 episcopi
1446 3572 1478 3626 et
1493 3561 1772 3626 archicancollarii
1796 3563 1970 3645 recognovi
1994 3571 2026 3625 et

380 3662 570 3748 subscripsi.
2043 3688 2077 3735 30

481 3802 596 3865 Datau
620 3812 736 3887 quarto
758 3802 831 3867 idus
855 3804 1046 3887 septembris
1070 3826 1156 3869 anno
1180 3802 1342 3869 dominice
1365 3805 1599 3868 incarnationis
1615 3819 1824 3885 accccnxm,
1848 3801 2025 3867 indictione

380 3913 489 3985 sexta,
524 3927 609 3968 anuo
642 3907 768 3990 imperii
799 3907 908 3990 magui
933 3906 1065 3972 Ottonis
1097 3909 1303 3992 imperatoris
1335 3909 1463 3990 augusti
1494 3905 1680 3987 secundol3
1715 3915 1824 3970 aetum
1854 3907 1886 3969 in
1916 3915 2028 3970 monte

381 4008 505 4071 Feretri
530 4007 573 4072 ad
596 4018 721 4093 petram
746 4012 850 4075 sancti
873 4011 1005 4075 Leonis.

1160 4194 1247 4273 260.

389 4348 469 4425 Ouo
495 4350 636 4424 schenkl
661 4351 737 4423 dean
759 4351 912 4449 Bisclaof
929 4351 1032 4424 Wido
1058 4377 1129 4423 eon
1148 4351 1310 4424 Medeae
1336 4351 1420 4424 alles
1445 4377 1520 4423 was
1547 4350 1651 4424 Wido
1676 4353 1756 4425 sarid
1772 4352 1938 4443 Koarud,
1967 4350 2026 4425 die
2043 4380 2077 4429 aa

379 4467 498 4543 Solane
525 4469 714 4568 Berenqer
737 4487 801 4561 IL,
837 4473 877 4544 in
904 4472 973 4544 dea
1009 4470 1266 4571 Grusschasten
1293 4472 1470 4562 Medeae,
1507 4471 1674 4570 Boisque
1704 4473 1784 4545 rand
1809 4473 1943 4571 Reppio
1970 4497 2025 4544 er·

379 4590 522 4663 worden
556 4590 691 4682 hatten,
725 4592 805 4664 carad
835 4593 981 4665 verleiht
1013 4593 1083 4664 ibon
1118 4591 1241 4689 bebqss
1266 4592 1495 4690 Emeerbnnp
1529 4592 1644 4665 dieser
1670 4593 1907 4691 Besitznnpeu
1934 4619 2025 4689 pro·

381 4711 531 4783 cessatale
561 4710 754 4785 Vervactum
1516 4732 1546 4792 S.
1570 4734 1632 4792 Leo
1655 4736 1718 4794 963
1742 4733 1910 4806 September
1931 4737 1981 4793 12.

485 4901 729 4975 Oriqinalatplom
752 4904 795 4959 im
819 4902 1034 4974 Capitelarchio
1054 4921 1095 4961 aa
1117 4902 1247 4961 Medeae
1269 4902 1329 4981 (A).

485 5040 624 5113 Sigonius
647 5040 727 5099 Hist.
752 5039 788 5097 de
809 5057 897 5112 reposo
919 5040 1027 5098 Italiae
1049 5039 1093 5097 cd.
1117 5041 1144 5111 I,
1167 5044 1231 5100 274
1255 5044 1303 5100 eit.
1326 5060 1366 5099 aas
1385 5039 1552 5113 September
1574 5045 1625 5118 13.
1648 5073 1692 5082 -
1710 5040 1911 5114 salimurius
1932 5041 2025 5109 Catal.
2045 5056 2079 5106 40

483 5143 764 5215 subsidiaconem
781 5146 822 5203 43
839 5167 876 5194 =
899 5142 1013 5214 Ueneto·
1031 5142 1123 5200 Italia
1145 5160 1232 5202 saera
1255 5145 1298 5202 ed.
1323 5145 1348 5213 I,
1371 5147 1402 5213 2,
1422 5148 1485 5203 130
1503 5169 1541 5196 z
1559 5146 1602 5202 cd.
1627 5145 1671 5214 ΙΙ,
1694 5149 1725 5213 2,
1748 5148 1819 5203 104.
1835 5178 1878 5186 —
1892 5143 2026 5224 (Sociale)

464 5293 524 5348 2⁵⁰.
551 5297 570 5355 i)
583 5296 728 5345 Audeuirta
747 5295 812 5360 ‹lyo'r
825 5294 856 5356 A,
874 5294 995 5344 hiulcam
1015 5293 1114 5351 disan.
1135 5295 1312 5355 RudaerteE,
1332 5295 1582 5346 AndvertordineV
1646 5297 1674 5359 h)
1691 5298 1737 5345 nsit
1752 5299 1874 5362 peringen
1889 5296 2028 5346 Varioaten

550 5363 613 5423 alle,
632 5364 809 5429 depacincnso
825 5362 916 5413 nard
1021 5363 1039 5423 l)
1059 5362 1148 5424 Anu,
1168 5364 1265 5414 habero
1285 5363 1410 5414 ΒΟΕΡῑ7
1511 5367 1545 5428 m)
1557 5364 1620 5427 AB,
1639 5365 1735 5415 asidera
1753 5369 1821 5416 veris
1926 5368 1954 5426 u)
1968 5364 2027 5426 BV,

550 5447 655 5498 quoque
667 5430 775 5482 ABDF
861 5434 888 5491 ο)
903 5430 1004 5493 OFPV,
1024 5448 1071 5496 per
1088 5431 1296 5483 omniaABDE
1407 5435 1416 5493 )
1435 5434 1580 5483 decreverit
1598 5440 1687 5483 nostra
1705 5441 1905 5499 nostrorumque
1923 5449 2027 5484 succes·

551 5517 638 5551 sorum
658 5507 684 5550 et
701 5509 762 5566 post
778 5518 798 5551 s.
812 5519 837 5552 v.
850 5500 875 5550 d.
889 5501 913 5551 d.
927 5503 943 5549 i.
957 5517 979 5551 e.
992 5517 1012 5549 s.
1028 5500 1135 5550 Martini
1153 5503 1269 5552 omnium
1281 5501 1311 5563 A,
1331 5450 1451 5552 thadeus
1462 5501 1652 5567 Amlaaeungen
1670 5502 1724 5551 rand
1738 5502 1925 5566 Verstcllnaqen
1937 5501 2028 5552 indes
2045 5502 2079 5550 46

549 5568 649 5619 andere
664 5568 760 5634 Copten
857 5574 883 5635 ql
902 5567 984 5629 301⁷,
1001 5575 1071 5619 sanet
1082 5566 1194 5631 Jirltlend
1288 5574 1309 5631 r)
1330 5574 1431 5634 erqdnzt
1447 5569 1514 5619 nach
1528 5570 1563 5620 D.
1575 5569 1687 5620 Koarad
1702 5582 1730 5622 Π.
1750 5570 1861 5634 Stamps
1872 5571 1935 5635 neq.
1954 5572 2028 5620 2018

551 5641 573 5697 s)
593 5638 722 5703 placeant
737 5638 790 5689 ΕΡ
891 5644 910 5701 t)
927 5638 1000 5688 hetdo
1018 5638 1118 5688 Numen
1135 5640 1164 5687 ia
1180 5637 1231 5688 den
1251 5638 1348 5703 Cbps'en
1371 5639 1554 5703 maantgsalts‘q
1570 5638 1686 5689 cordata
1790 5640 1818 5705 ιι)
1839 5639 1863 5701 V,
1887 5641 1977 5689 (latum
1995 5639 2027 5702 P,

550 5712 620 5757 sonat
638 5713 698 5758 acta
715 5707 778 5758 oder
795 5713 882 5757 actum
985 5705 1014 5771 v)
1033 5707 1066 5770 E,
1084 5708 1160 5757 tertio
1179 5705 1211 5769 P,
1229 5712 1299 5757 corut
1310 5705 1428 5769 fedlend.
