4500 6420
246 434 310 503 448
836 444 1292 506 selsaauanuansn.

1023 627 1110 704 334.

253 779 334 857 Otto
361 781 522 879 bestdtipt
547 779 628 853 mus
650 780 814 855 Bisilusm
841 781 1003 855 Volterra
1029 781 1098 855 ulle
1116 781 1355 881 Besiteunpen
1381 782 1461 856 aad
1486 783 1545 857 dis
1571 785 1787 859 Immunitdt
1808 785 1894 859 uad

244 901 335 1000 trt‘fft
359 926 405 974 zu
430 898 592 975 &susten
618 899 794 974 desselben
814 902 953 975 weltere
970 901 1262 1001 Bestimmunpen
1277 903 1366 976 ttber
1384 903 1442 977 die
1468 904 1599 1003 Voptee',
1627 904 1686 977 dis
1711 902 1889 980 Gaian-

243 1020 382 1094 borlseit
405 1019 486 1094 aad
510 1018 645 1095 undere
673 1020 918 1094 Verltdltnt’sse.
1442 1042 1526 1102 Vade
1547 1046 1611 1104 966
1632 1042 1792 1103 December
1810 1046 1844 1105 2.

348 1227 598 1301 Oricinolde'plom
619 1230 653 1286 in
674 1228 727 1287 der
749 1227 923 1302 Semmlunp
944 1228 1112 1288 Fontanini
1134 1228 1191 1307 (Gt.
1216 1236 1287 1289 XIV
1306 1227 1374 1290 Ood.
1401 1228 1458 1307 01.)
1486 1232 1520 1289 in
1541 1231 1594 1291 der
1615 1231 1779 1292 Bibliotecu
1799 1232 1925 1298 Mar-5

344 1332 434 1391 dana
454 1348 495 1390 ese
518 1330 644 1405 Venedip
667 1328 731 1410 (A).

344 1486 511 1544 Fontaaini
530 1484 685 1544 Wndicc'ee
704 1486 898 1559 amissorum
919 1485 1117 1558 diplomatica
1137 1480 1227 1565 (Rern
1249 1487 1345 1567 1705)
1365 1492 1430 1551 259
1452 1496 1487 1549 κθ
1509 1495 1530 1551 3
1552 1508 1609 1550 eus
1632 1490 1662 1550 A
1685 1514 1725 1545 =
1748 1492 1890 1551 Lcibas'ts

344 1586 424 1647 Aac.
448 1592 479 1659 3,
503 1591 577 1648 179.
599 1622 641 1632 -
663 1588 792 1647 Bbbmer
814 1590 886 1661 Res.
910 1592 983 1649 339.
1007 1621 1049 1631 —
1073 1588 1201 1663 &temps
1218 1592 1291 1665 aes.
1316 1595 1388 1652 414.

346 1742 424 1801 Zara
443 1759 565 1816 pressea
585 1743 685 1802 Tlseile
706 1743 771 1801 aad
792 1744 1016 1804 eiascbliessticb
1038 1746 1091 1804 der
1112 1746 1283 1805 Insncntion
1304 1747 1381 1805 necle
1402 1747 1468 1807 dem
1489 1747 1529 1806 D.
1545 1747 1674 1821 Ludwip
1692 1754 1734 1807 ii.
1759 1749 1889 1808 Bbbmcr

343 1846 416 1920 aas.
440 1847 514 1904 Kar.
540 1849 601 1907 684
624 1864 680 1906 cen
701 1848 739 1906 It.
763 1846 800 1905 B.
824 1846 952 1919 vasusst
973 1849 1037 1907 und
1056 1850 1249 1923 pertristes,
1273 1850 1396 1921 amaus
1413 1852 1452 1911 It.
1476 1852 1516 1912 D.
1540 1852 1588 1911 die
1609 1853 1802 1926 Recepaition
1822 1853 1888 1912 mad
1908 1868 1943 1915 ιο

344 1949 393 2008 die
413 1949 568 2022 Docimus
590 1949 776 2024 bineusepte.
814 1950 865 2009 Da
887 1951 935 2009 die
955 1951 1018 2013 Vll.
1040 1970 1103 2012 aar
1124 1955 1157 2012 in
1178 1952 1245 2012 sehr
1265 1954 1434 2013 acldeclstcm
1449 1953 1589 2014 Abdruele
1610 1956 1729 2029 wrlieyt
1751 1956 1816 2014 sard
1836 1974 1888 2015 um

344 2052 523 2127 [afflictatae
537 2054 591 2112 mit
607 2053 703 2126 Helle
716 2072 773 2114 eon
786 2054 854 2115 Do.
871 2058 935 2116 334
958 2057 1102 2115 emesdirt
1123 2056 1238 2115 sedes
1260 2058 1344 2127 cedre,
1368 2058 1461 2116 luben
1483 2060 1540 2117 scir
1559 2074 1615 2117 ona
1633 2059 1777 2117 manetes
1790 2058 1887 2131 Diffe-

344 2172 452 2216 reneen
472 2158 616 2217 enuclea
636 2158 703 2217 desa
725 2161 811 2218 arsen
832 2160 897 2219 aad
918 2160 984 2219 dem
1005 2160 1136 2219 anderen
1160 2161 1247 2219 Teate
1268 2161 1348 2219 eiciet
1370 2161 1462 2221 Not-ie
1479 2178 1660 2235 ymonrmen.

343 2359 417 2444 2111
444 2360 575 2425 nomine
604 2358 726 2425 domini
756 2358 809 2425 dei
837 2361 971 2426 aeterni.
1017 2359 1094 2426 Otto
1124 2360 1234 2426 divina
1263 2361 1395 2426 favente
1423 2361 1595 2428 clementia
1623 2365 1802 2450 imperator
1829 2387 1886 2432 au·

241 2472 366 2548 gustet.
466 2478 584 2545 Dignum
606 2485 646 2531 est
668 2486 698 2530 ut
720 2477 818 2530 christi
840 2479 982 2529 aecclesias
1005 2481 1055 2530 sub
1078 2484 1167 2531 nostro
1190 2481 1300 2545 imperio
1323 2483 1481 2531 constitutas
1503 2483 1648 2548 imperialis
1669 2484 1838 2549 providentia
1858 2487 1887 2535 in
1907 2492 1940 2541 15

241 2584 381 2648 pristinum
404 2586 501 2633 statum
523 2583 672 2634 revocando
695 2588 829 2635 auctorem
852 2598 929 2632 aarum
952 2584 1003 2633 sibi
1026 2583 1157 2646 conciliet,
1183 2599 1216 2634 ne
1238 2584 1306 2634 forte
1328 2586 1356 2634 iu
1378 2591 1512 2650 posterum
1535 2585 1567 2637 de
1589 2587 1752 2653 negligentia
1773 2604 1821 2654 pro
1843 2589 1886 2639 sui

241 2688 334 2739 merite
360 2687 575 2753 condempnetur.
619 2687 736 2754 Ideoque
764 2690 948 2738 universorum
977 2692 1084 2737 sanctae
1106 2668 1121 2755 Ξ
1143 2686 1185 2737 dei
1208 2687 1335 2738 ecclesiae
1358 2693 1560 2754 nostrorumque
1583 2688 1700 2739 fidelium
1723 2693 1886 2755 presentium

240 2790 364 2841 videlicet
386 2805 418 2841 ac
440 2791 589 2841 iumrorum
611 2789 742 2841 industris
763 2792 875 2855 noverit,
897 2776 1029 2843 Petrum
1050 2790 1223 2842 reverendum
1245 2797 1353 2841 sanctas
1372 2791 1568 2843 Uoloterrensis
1592 2793 1719 2843 ecclesiae
1740 2795 1886 2846 antistitem

241 2900 358 2946 nostram
386 2894 541 2959 suppliciter
567 2892 664 2945 adiisse
691 2895 852 2960 presentiam
879 2909 995 2960 suaeque
1023 2894 1168 2945 aecclesiae
1195 2895 1283 2945 varias
1312 2910 1327 2945 a
1355 2896 1490 2945 nonnullis
1519 2898 1707 2961 occupationes
1733 2899 1886 2950 invasiones

241 3003 321 3063 atque
343 2996 560 3048 diminorationes
581 3003 635 3047 tam
658 2998 708 3048 sub
732 2999 871 3048 occasione
892 2997 1043 3049 libellorum
1065 3012 1198 3063 quamque
1226 2999 1305 3048 suam
1335 2998 1445 3049 diversis
1474 3000 1666 3066 superfluisque
1694 3001 1828 3053 violentiis
1857 3004 1885 3052 in
1902 3007 1938 3056 20

241 3102 321 3153 rebus
343 3117 390 3151 seu
412 3101 520 3151 familiis
542 3106 635 3152 contra
657 3101 699 3151 dei
722 3116 753 3151 ac
775 3108 891 3151 nostram
914 3101 1079 3151 voluntatem
1101 3100 1189 3151 illatas
1212 3101 1358 3153 lacrimosis
1381 3104 1552 3168 querimoniis
1574 3106 1724 3168 intimasse,
1757 3107 1885 3158 serentem

240 3221 303 3271 prss
325 3206 448 3257 manibus
470 3206 621 3272 augustalia
643 3205 720 3257 divas
742 3206 883 3256 memorias
912 3188 1132 3274 piissimorum
1158 3190 1389 3275 imperatorum
1411 3191 1550 3257 Lodoici
1574 3202 1606 3258 ct
1627 3192 1742 3259 Karoli
1764 3193 1884 3259 Beren-

240 3295 386 3380 gari'ique
414 3316 471 3359 seu
493 3294 644 3379 Hugonis
672 3303 706 3358 ei
733 3293 881 3359 Lotharii
910 3312 1051 3373 praecepta
1078 3307 1110 3358 de
1139 3308 1290 3374 integritate
1318 3313 1398 3374 atque
1426 3311 1582 3361 inmonitate
1610 3317 1636 3362 et
1664 3313 1792 3377 perhenni
1820 3327 1885 3364 sarae

242 3413 387 3465 aecclesiae
409 3413 523 3463 tuitione
544 3413 638 3478 priscis
661 3413 717 3462 suis
745 3411 993 3478 praedecessoribus
1021 3413 1129 3474 emissa,
1163 3426 1231 3477 quse
1260 3412 1409 3478 inrumpere
1431 3431 1448 3463 a
1469 3429 1623 3479 pervasores
1645 3416 1774 3480 pertinaci
1795 3418 1884 3467 animo

239 3535 292 3569 non
320 3521 479 3579 timuerunt,
514 3522 675 3584 quapropter
699 3511 842 3567 nosuum²
864 3518 914 3567 sibi
937 3533 1017 3582 super
1039 3517 1089 3567 liae
1110 3532 1192 3568 causa
1214 3518 1404 3567 munimentum
1426 3534 1443 3566 a
1466 3518 1578 3583 supplex
1599 3536 1616 3567 a
1638 3519 1797 3584 postulavit,
1831 3536 1883 3586 quo
1902 3529 1936 3578 25

240 3623 317 3673 istius
332 3621 403 3672 modi
425 3626 619 3685 contempteres
641 3626 689 3671 aut
710 3621 876 3687 corrigantur
898 3626 945 3672 sut
967 3605 1114 3691 legaliter
1135 3603 1353 3689 iu[dicen]tur.
1376 3622 1432 3672 Nos
1450 3623 1531 3687 igitur
1549 3622 1639 3674 divino
1658 3625 1771 3689 primum
1793 3625 1883 3675 inflexi

240 3741 342 3789 amore,
372 3724 467 3775 deinde
495 3725 704 3789 supranominati
732 3725 851 3789 episcopi
880 3726 1006 3775 contiuua
1028 3726 1056 3774 in
1077 3730 1195 3775 nostrum
1218 3725 1374 3791 obsequium
1398 3724 1539 3776 devotione
1562 3727 1699 3777 universas
1722 3729 1773 3777 iarn
1797 3728 1883 3779 dictae

240 3829 384 3880 aecclesiae
411 3829 591 3893 possessiones
619 3844 636 3877 a
665 3829 876 3894 quibuscumque
904 3828 1032 3879 hactenus
1061 3833 1217 3893 occupatas,
1252 3828 1436 3894 undecumque
1465 3835 1492 3879 et
1520 3830 1767 3896 quomodocumque
1790 3847 1806 3881 a
1827 3833 1883 3882 suis

240 3933 387 3983 rectoribus
410 3933 479 3982 iuste
501 3938 528 3982 ot
549 3932 671 3998 legaliter
693 3932 839 3998 adquisItas
861 3938 908 3983 aut
929 3934 1036 3983 inantea
1058 3932 1107 3983 deo
1130 3916 1268 3997 snrxpiceb
1291 3932 1475 3997 adquirendae,
1499 3948 1559 3982 cum
1579 3934 1701 3984 omuibus
1723 3935 1883 3985 intrinsecus

241 4041 267 4086 et
288 4036 452 4086 extrinsecus
475 4036 543 4086 casis
566 4040 592 4084 et
614 4035 722 4085 familiis
745 4034 841 4085 diversi
865 4051 944 4085 sexus
966 4042 993 4086 et
1014 4036 1109 4085 aetatis
1131 4041 1211 4100 atqim
1233 4034 1406 4097 conditionis,
1429 4035 1578 4084 cartulariis
1601 4036 1740 4086 libellariis
1763 4036 1881 4087 aldiona·
1900 4045 1934 4093 30

240 4140 312 4189 riciis
335 4144 362 4189 et
383 4139 486 4188 eunctis
508 4139 587 4188 rebus
609 4144 664 4188 tam
685 4138 830 4189 mobilibus
852 4153 984 4204 quamque
1007 4143 1033 4187 et
1055 4137 1242 4200 immobilibus,
1265 4154 1324 4188 curn
1347 4139 1513 4203 pertinentiis
1536 4144 1562 4189 et
1581 4139 1736 4190 adiacentiis
1759 4142 1883 4206 omnique

240 4245 392 4309 integritate
415 4257 464 4291 sua
485 4243 513 4291 in
534 4247 655 4292 nostrum
676 4241 872 4292 mundbordnm
895 4247 922 4291 et
943 4246 1097 4307 perpetuam
1119 4241 1262 4306 imperialis
1284 4242 1467 4306 providentiae
1494 4242 1603 4292 tutelam
1631 4245 1792 4308 recepimus,
1821 4260 1882 4294 con-

240 4347 374 4398 firmantes
397 4361 442 4397 eas
464 4351 490 4396 et
512 4360 560 4410 per
581 4346 632 4396 hoc
654 4351 759 4396 nostrae
781 4345 977 4395 munificentiae
1000 4344 1135 4409 imperiale
1164 4351 1334 4410 praeceptum
1363 4344 1498 4410 praedicto
1526 4331 1622 4395 Petro
1653 4346 1797 4397 venerabili
1827 4349 1881 4411 epi-

240 4467 320 4517 scopo
344 4450 453 4515 eiusque
467 4451 495 4499 in
509 4456 666 4515 perpetuum
689 4449 887 4499 successoribus
910 4450 1038 4499 canonico
1061 4448 1153 4499 ordine
1175 4448 1311 4499 habendas
1334 4447 1462 4513 regendas
1484 4464 1516 4499 ac
1538 4449 1710 4512 perfruendas
1723 4444 1741 4511 ⁰,
1764 4450 1881 4500 omnium

239 4555 285 4619 qni
307 4557 398 4602 nostro
422 4551 521 4617 degunt
543 4552 593 4601 sub
615 4552 725 4616 imperio
748 4556 796 4601 aut
817 4552 900 4600 scituri
923 4556 986 4601 sunt
1007 4552 1145 4602 invasione
1168 4551 1375 4603 deminoratione
1393 4558 1473 4618 atque
1488 4553 1616 4603 violentia
1631 4554 1664 4601 ab
1681 4553 1771 4604 eodem
1788 4559 1880 4604 sancto
1899 4561 1932 4611 35

239 4658 373 4722 episcopio
396 4656 438 4706 vel
461 4656 545 4720 ipsius
568 4655 825 4705 administratoribus
848 4657 954 4721 penitus
976 4655 1107 4705 abdicata.
1151 4653 1236 4719 Super
1261 4656 1326 4706 llaec
1348 4656 1472 4706 volumus
1495 4662 1521 4706 ot
1543 4672 1665 4721 expresse
1688 4658 1828 4707 statuimus
1850 4664 1881 4707 ut

239 4762 379 4810 universae
400 4776 417 4807 a
438 4757 670 4823 praedecessorum
693 4773 801 4808 suorum
824 4757 988 4819 donationes,
1011 4758 1186 4822 prestationes
1208 4761 1386 4823 precariarum
1415 4775 1461 4810 seu
1490 4759 1639 4810 libellorum
1662 4766 1742 4824 sapie
1764 4761 1880 4811 vicanio-

238 4846 321 4913 ruml’
344 4863 551 4926 conscriptiones
573 4869 657 4934 quac
678 4848 767 4931 irrite
790 4855 822 4910 et
845 4868 1045 4931 supervacue
1068 4855 1166 4931 atquc
1188 4848 1326 4912 iniustae
1348 4847 1513 4929 videntur,
1537 4868 1670 4927 tanqum
1693 4863 1800 4912 inutiles
1822 4869 1881 4932 per

240 4951 349 5016 omnia
371 4958 404 5015 et
426 4949 593 5015 instabiles
621 4966 784 5030 habeantur3
813 4980 979 5032 quecumque
1006 4970 1094 5015 autem
1123 4970 1241 5015 veterum
1266 4965 1426 5016 liberalitate
1449 4966 1635 5030 imperatorum
1658 4970 1738 5029 atque
1760 4964 1879 5015 decesso·

239 5084 296 5119 rum
319 5073 468 5119 nostrorum
490 5068 659 5117 munimentis
680 5070 708 5118 in
730 5084 792 5134 sepo
815 5067 887 5118 dicta
908 5068 1038 5118 aecclesia
1060 5068 1191 5119 collocata
1213 5069 1254 5119 vel
1278 5069 1396 5119 stabilita
1418 5074 1487 5129 surm,
1514 5074 1571 5117 rata
1594 5068 1751 5117 omnimodis
1773 5074 1800 5118 et
1821 5084 1878 5132 per·
1896 5079 1930 5126 40

239 5171 359 5221 hennitsr
381 5184 513 5220 mansura.
545 5154 631 5219 Nam
654 5156 730 5240 quia
752 5154 899 5240 plurimis
919 5156 1167 5240 oppressionum
1185 5156 1337 5240 nequitiis
1353 5154 1467 5221 cadem
1483 5155 1643 5220 aecclesia
1659 5158 1726 5242 pati
1743 5157 1879 5238 videtur,

238 5260 447 5326 concedimus
470 5258 591 5323 ibidem
614 5268 769 5346 quattuor
790 5281 862 5324 esse
885 5259 1112 5342 advocatores,
1136 5259 1222 5323 unde
1244 5258 1296 5324 vel
1320 5260 1432 5345 quales
1456 5259 1681 5345 prudentiores
1704 5261 1879 5346 episcopus

238 5364 299 5429 sibi
323 5363 464 5448 elegerit,
487 5363 607 5429 utiliter
629 5364 797 5448 exigentes
820 5385 955 5428 causam
978 5363 1168 5448 aecclesiae,
1191 5365 1238 5429 ita
1259 5363 1411 5428 videlicet
1432 5372 1468 5427 ut
1490 5361 1597 5427 nullus
1621 5385 1663 5426 ex
1678 5362 1729 5426 his
1744 5385 1879 5428 causam

237 5467 340 5553 ipsius
363 5465 541 5531 aecclesiae
563 5465 699 5531 absente
721 5468 875 5552 episcopo
899 5489 995 5551 agere
1017 5475 1213 5553 pertemptet
1233 5476 1267 5532 ct
1288 5467 1368 5533 nihil
1391 5465 1531 5552 amplius
1554 5468 1684 5550 exigere
1699 5467 1761 5530 nisi
1778 5489 1879 5552 quan·

324 5650 383 5707 334.
411 5651 519 5722 [Siclrel]
623 5658 649 5717 a)
668 5654 749 5719 ecfert
766 5672 831 5707 corr.
849 5672 898 5706 erce
915 5662 990 5708 nr's'cm
1091 5657 1119 5722 b)
1135 5656 1159 5708 A
1262 5654 1288 5722 c)
1306 5656 1436 5724 regendas
1454 5670 1486 5706 ac
1503 5652 1675 5720 perfruendas
1692 5653 1796 5706 wadon
1811 5654 1880 5706 weil
1896 5662 1930 5710 ei

408 5723 451 5774 die
469 5725 498 5773 ia
514 5724 562 5775 der
579 5724 633 5778 Vll.
650 5724 841 5791 erapcsullenen
858 5725 942 5778 Wsrn
957 5724 1021 5777 scira
