<?xml version="1.0" encoding="UTF-8"?>
<!DOCTYPE html PUBLIC "-//W3C//DTD XHTML 1.0 Transitional//EN"
    "http://www.w3.org/TR/xhtml1/DTD/xhtml1-transitional.dtd">
<html xmlns="http://www.w3.org/1999/xhtml" xml:lang="en" lang="en">
 <head>
  <title>
</title>
<meta http-equiv="Content-Type" content="text/html;charset=utf-8" />
  <meta name='ocr-system' content='tesseract 3.04.00' />
  <meta name='ocr-capabilities' content='ocr_page ocr_carea ocr_par ocr_line ocrx_word'/>
</head>
<body>
  <div class='ocr_page' id='page_1' title='image "./conradiiheinric00ottogoog/conradiiheinric00ottogoog_0345.png"; bbox 0 0 4500 6420; ppageno 0'>
   <div class='ocr_carea' id='block_1_1' title="bbox 936 427 1894 494">
    <p class='ocr_par' dir='ltr' id='par_1_1' title="bbox 936 427 1894 494">
     <span class='ocr_line' id='line_1_1' title="bbox 936 427 1894 494; baseline 0 -1"><span class='ocrx_word' id='word_1_1' title='bbox 936 434 1062 494; x_wconf 80' lang='lat' dir='ltr'>OTTO</span> <span class='ocrx_word' id='word_1_2' title='bbox 1082 437 1106 493; x_wconf 95' lang='lat'><strong>1.</strong></span> <span class='ocrx_word' id='word_1_3' title='bbox 1132 433 1204 492; x_wconf 85' lang='grc'>961.</span> <span class='ocrx_word' id='word_1_4' title='bbox 1830 427 1894 493; x_wconf 86' lang='grc'>313</span> 
     </span>
    </p>
   </div>
   <div class='ocr_carea' id='block_1_2' title="bbox 350 621 1896 786">
    <p class='ocr_par' dir='ltr' id='par_1_2' title="bbox 350 621 1896 786">
     <span class='ocr_line' id='line_1_2' title="bbox 350 621 1896 697; baseline 0 -16"><span class='ocrx_word' id='word_1_5' title='bbox 350 621 542 683; x_wconf 66' lang='grc'>6666666666</span> <span class='ocrx_word' id='word_1_6' title='bbox 562 642 619 684; x_wconf 79' lang='lat' dir='ltr'><strong>von</strong></span> <span class='ocrx_word' id='word_1_7' title='bbox 639 623 709 685; x_wconf 77' lang='lat' dir='ltr'><strong>Bc.</strong></span> <span class='ocrx_word' id='word_1_8' title='bbox 754 625 894 697; x_wconf 71' lang='lat' dir='ltr'><strong>Fossmso</strong></span> <span class='ocrx_word' id='word_1_9' title='bbox 915 621 1103 696; x_wconf 73' lang='lat' dir='ltr'><strong>selbstdcdip,</strong></span> <span class='ocrx_word' id='word_1_10' title='bbox 1133 624 1203 681; x_wconf 83' lang='lat' dir='ltr'><strong>aber</strong></span> <span class='ocrx_word' id='word_1_11' title='bbox 1229 622 1301 681; x_wconf 81' lang='grc'>6666</span> <span class='ocrx_word' id='word_1_12' title='bbox 1328 621 1454 694; x_wconf 77' lang='lat' dir='ltr'><strong>oielfaeb</strong></span> <span class='ocrx_word' id='word_1_13' title='bbox 1476 640 1517 682; x_wconf 84' lang='grc'><strong>66</strong></span> <span class='ocrx_word' id='word_1_14' title='bbox 1538 622 1756 696; x_wconf 73' lang='grc'>116666666966</span> <span class='ocrx_word' id='word_1_15' title='bbox 1777 621 1896 681; x_wconf 79' lang='lat' dir='ltr'><strong>Dictate</strong></span> 
     </span>
     <span class='ocr_line' id='line_1_3' title="bbox 352 727 521 786; baseline 0 0"><span class='ocrx_word' id='word_1_16' title='bbox 352 727 521 786; x_wconf 63' lang='grc'>66666666.</span> 
     </span>
    </p>
   </div>
   <div class='ocr_carea' id='block_1_3' title="bbox 190 942 1894 2975">
    <p class='ocr_par' dir='ltr' id='par_1_3' title="bbox 190 942 1894 2975">
     <span class='ocr_line' id='line_1_4' title="bbox 349 942 1893 1033; baseline 0.002 -25"><span class='ocrx_word' id='word_1_17' title='bbox 349 945 408 1026; x_wconf 79' lang='grc'>(0.)</span> <span class='ocrx_word' id='word_1_18' title='bbox 435 942 450 1025; x_wconf 63' lang='grc' dir='ltr'>ἒ</span> <span class='ocrx_word' id='word_1_19' title='bbox 475 945 515 1010; x_wconf 94' lang='lat' dir='ltr'><strong>In</strong></span> <span class='ocrx_word' id='word_1_20' title='bbox 536 946 667 1011; x_wconf 91' lang='lat' dir='ltr'><strong>nomine</strong></span> <span class='ocrx_word' id='word_1_21' title='bbox 696 955 830 1012; x_wconf 87' lang='lat' dir='ltr'><strong>sanctae</strong></span> <span class='ocrx_word' id='word_1_22' title='bbox 859 954 891 1010; x_wconf 86' lang='lat' dir='ltr'><strong>et</strong></span> <span class='ocrx_word' id='word_1_23' title='bbox 919 944 1108 1012; x_wconf 81' lang='lat' dir='ltr'><strong>individuae</strong></span> <span class='ocrx_word' id='word_1_24' title='bbox 1135 947 1298 1012; x_wconf 84' lang='lat' dir='ltr'><strong>trinitatis.</strong></span> <span class='ocrx_word' id='word_1_25' title='bbox 1344 945 1422 1012; x_wconf 88' lang='lat' dir='ltr'><strong>Otto</strong></span> <span class='ocrx_word' id='word_1_26' title='bbox 1453 947 1563 1012; x_wconf 91' lang='lat' dir='ltr'><strong>divina</strong></span> <span class='ocrx_word' id='word_1_27' title='bbox 1592 946 1802 1033; x_wconf 80' lang='lat' dir='ltr'><strong>dispensante</strong></span> <span class='ocrx_word' id='word_1_28' title='bbox 1831 946 1893 1012; x_wconf 90' lang='lat' dir='ltr'><strong>cle·</strong></span> 
     </span>
     <span class='ocr_line' id='line_1_5' title="bbox 248 1048 1894 1136; baseline 0.002 -25"><span class='ocrx_word' id='word_1_29' title='bbox 248 1048 369 1113; x_wconf 87' lang='lat' dir='ltr'><strong>mentia</strong></span> <span class='ocrx_word' id='word_1_30' title='bbox 395 1070 465 1114; x_wconf 88' lang='lat' dir='ltr'><strong>rex.</strong></span> <span class='ocrx_word' id='word_1_31' title='bbox 566 1049 702 1114; x_wconf 83' lang='lat' dir='ltr'><strong>Noverit</strong></span> <span class='ocrx_word' id='word_1_32' title='bbox 731 1051 875 1116; x_wconf 89' lang='lat' dir='ltr'><strong>omnium</strong></span> <span class='ocrx_word' id='word_1_33' title='bbox 902 1048 1046 1114; x_wconf 85' lang='lat' dir='ltr'><strong>fidelium</strong></span> <span class='ocrx_word' id='word_1_34' title='bbox 1079 1059 1263 1115; x_wconf 89' lang='lat' dir='ltr'><strong>nostrorum</strong></span> <span class='ocrx_word' id='word_1_35' title='bbox 1296 1048 1441 1116; x_wconf 89' lang='lat' dir='ltr'><strong>sollertia</strong></span> <span class='ocrx_word' id='word_1_36' title='bbox 1473 1052 1672 1136; x_wconf 88' lang='lat' dir='ltr'><strong>presentium</strong></span> <span class='ocrx_word' id='word_1_37' title='bbox 1705 1050 1830 1115; x_wconf 86' lang='lat' dir='ltr'><strong>scilicet</strong></span> <span class='ocrx_word' id='word_1_38' title='bbox 1863 1059 1894 1114; x_wconf 91' lang='lat' dir='ltr'><strong>et</strong></span> 
     </span>
     <span class='ocr_line' id='line_1_6' title="bbox 213 1148 1894 1238; baseline 0.004 -25"><span class='ocrx_word' id='word_1_39' title='bbox 213 1148 445 1233; x_wconf 69' lang='lat' dir='ltr'><strong>staturosum,</strong></span> <span class='ocrx_word' id='word_1_40' title='bbox 479 1149 618 1236; x_wconf 83' lang='lat' dir='ltr'><strong>qualiter</strong></span> <span class='ocrx_word' id='word_1_41' title='bbox 644 1173 705 1215; x_wconf 89' lang='lat' dir='ltr'><strong>nos</strong></span> <span class='ocrx_word' id='word_1_42' title='bbox 728 1173 786 1237; x_wconf 92' lang='lat' dir='ltr'><strong>per</strong></span> <span class='ocrx_word' id='word_1_43' title='bbox 807 1153 1023 1218; x_wconf 86' lang='lat' dir='ltr'><strong>interventum</strong></span> <span class='ocrx_word' id='word_1_44' title='bbox 1048 1153 1186 1219; x_wconf 88' lang='lat' dir='ltr'><strong>domnae</strong></span> <span class='ocrx_word' id='word_1_45' title='bbox 1208 1151 1223 1234; x_wconf 65' lang='lat' dir='ltr'><strong>l</strong></span> <span class='ocrx_word' id='word_1_46' title='bbox 1243 1152 1397 1218; x_wconf 88' lang='lat' dir='ltr'><strong>videlicet</strong></span> <span class='ocrx_word' id='word_1_47' title='bbox 1418 1163 1450 1218; x_wconf 88' lang='lat' dir='ltr'><strong>et</strong></span> <span class='ocrx_word' id='word_1_48' title='bbox 1472 1161 1604 1219; x_wconf 90' lang='lat' dir='ltr'><strong>nostrae</strong></span> <span class='ocrx_word' id='word_1_49' title='bbox 1626 1156 1739 1219; x_wconf 90' lang='lat' dir='ltr'><strong>matris</strong></span> <span class='ocrx_word' id='word_1_50' title='bbox 1761 1156 1894 1238; x_wconf 82' lang='lat' dir='ltr'><strong>reginae</strong></span> 
     </span>
     <span class='ocr_line' id='line_1_7' title="bbox 246 1251 1892 1344; baseline 0.004 -27"><span class='ocrx_word' id='word_1_51' title='bbox 246 1251 437 1319; x_wconf 90' lang='lat' dir='ltr'><strong>Mahthildis</strong></span> <span class='ocrx_word' id='word_1_52' title='bbox 466 1254 626 1341; x_wconf 90' lang='lat' dir='ltr'><strong>quasdam</strong></span> <span class='ocrx_word' id='word_1_53' title='bbox 654 1279 706 1321; x_wconf 89' lang='lat' dir='ltr'><strong>res</strong></span> <span class='ocrx_word' id='word_1_54' title='bbox 739 1279 817 1322; x_wconf 90' lang='lat' dir='ltr'><strong>suae</strong></span> <span class='ocrx_word' id='word_1_55' title='bbox 846 1260 1102 1344; x_wconf 75' lang='lat' dir='ltr'><strong>propriaetatis²</strong></span> <span class='ocrx_word' id='word_1_56' title='bbox 1129 1280 1211 1344; x_wconf 87' lang='lat' dir='ltr'><strong>quas</strong></span> <span class='ocrx_word' id='word_1_57' title='bbox 1239 1280 1342 1344; x_wconf 90' lang='lat' dir='ltr'><strong>usque</strong></span> <span class='ocrx_word' id='word_1_58' title='bbox 1368 1257 1434 1323; x_wconf 91' lang='lat' dir='ltr'><strong>huc</strong></span> <span class='ocrx_word' id='word_1_59' title='bbox 1463 1256 1564 1322; x_wconf 89' lang='lat' dir='ltr'><strong>dotali</strong></span> <span class='ocrx_word' id='word_1_60' title='bbox 1593 1258 1785 1343; x_wconf 85' lang='lat' dir='ltr'><strong>possidebat</strong></span> <span class='ocrx_word' id='word_1_61' title='bbox 1813 1261 1892 1342; x_wconf 90' lang='lat' dir='ltr'><strong>iure,</strong></span> 
     </span>
     <span class='ocr_line' id='line_1_8' title="bbox 246 1357 1893 1446; baseline 0.003 -25"><span class='ocrx_word' id='word_1_62' title='bbox 246 1365 371 1422; x_wconf 90' lang='lat' dir='ltr'><strong>cortem</strong></span> <span class='ocrx_word' id='word_1_63' title='bbox 393 1357 518 1423; x_wconf 89' lang='lat' dir='ltr'><strong>scilicet</strong></span> <span class='ocrx_word' id='word_1_64' title='bbox 541 1357 721 1442; x_wconf 81' lang='lat' dir='ltr'><strong>Quitilinga</strong></span> <span class='ocrx_word' id='word_1_65' title='bbox 744 1381 818 1423; x_wconf 93' lang='lat' dir='ltr'><strong>cum</strong></span> <span class='ocrx_word' id='word_1_66' title='bbox 841 1359 982 1426; x_wconf 90' lang='lat' dir='ltr'><strong>ecclesia</strong></span> <span class='ocrx_word' id='word_1_67' title='bbox 1002 1363 1036 1426; x_wconf 90' lang='lat' dir='ltr'><strong>in</strong></span> <span class='ocrx_word' id='word_1_68' title='bbox 1057 1360 1182 1427; x_wconf 90' lang='lat' dir='ltr'><strong>honore</strong></span> <span class='ocrx_word' id='word_1_69' title='bbox 1204 1363 1308 1426; x_wconf 90' lang='lat' dir='ltr'><strong>sancti</strong></span> <span class='ocrx_word' id='word_1_70' title='bbox 1331 1360 1444 1426; x_wconf 88' lang='lat' dir='ltr'><strong>Iacobi</strong></span> <span class='ocrx_word' id='word_1_71' title='bbox 1475 1361 1617 1446; x_wconf 87' lang='lat' dir='ltr'><strong>apostoli</strong></span> <span class='ocrx_word' id='word_1_72' title='bbox 1645 1372 1837 1427; x_wconf 87' lang='lat' dir='ltr'><strong>consecrata</strong></span> <span class='ocrx_word' id='word_1_73' title='bbox 1858 1364 1893 1426; x_wconf 89' lang='lat' dir='ltr'><strong>in</strong></span> 
     </span>
     <span class='ocr_line' id='line_1_9' title="bbox 246 1459 1893 1549; baseline 0.003 -25"><span class='ocrx_word' id='word_1_74' title='bbox 246 1460 361 1526; x_wconf 91' lang='lat' dir='ltr'><strong>ecdem</strong></span> <span class='ocrx_word' id='word_1_75' title='bbox 382 1459 457 1527; x_wconf 86' lang='lat' dir='ltr'><strong>loco</strong></span> <span class='ocrx_word' id='word_1_76' title='bbox 479 1463 514 1527; x_wconf 90' lang='lat' dir='ltr'><strong>in</strong></span> <span class='ocrx_word' id='word_1_77' title='bbox 537 1463 693 1528; x_wconf 88' lang='lat' dir='ltr'><strong>comitatu</strong></span> <span class='ocrx_word' id='word_1_78' title='bbox 715 1462 869 1528; x_wconf 84' lang='lat' dir='ltr'><strong>Friturici</strong></span> <span class='ocrx_word' id='word_1_79' title='bbox 892 1464 1020 1528; x_wconf 91' lang='lat' dir='ltr'><strong>comitis</strong></span> <span class='ocrx_word' id='word_1_80' title='bbox 1043 1486 1118 1529; x_wconf 90' lang='lat' dir='ltr'><strong>cum</strong></span> <span class='ocrx_word' id='word_1_81' title='bbox 1139 1462 1225 1528; x_wconf 90' lang='lat' dir='ltr'><strong>villis</strong></span> <span class='ocrx_word' id='word_1_82' title='bbox 1248 1466 1296 1529; x_wconf 90' lang='lat' dir='ltr'><strong>sic</strong></span> <span class='ocrx_word' id='word_1_83' title='bbox 1318 1465 1531 1549; x_wconf 90' lang='lat' dir='ltr'><strong>nuncupatis:</strong></span> <span class='ocrx_word' id='word_1_84' title='bbox 1565 1462 1785 1547; x_wconf 89' lang='lat' dir='ltr'><strong>Mersenleba,</strong></span> <span class='ocrx_word' id='word_1_85' title='bbox 1816 1464 1893 1529; x_wconf 90' lang='lat' dir='ltr'><strong>Kie-</strong></span> 
     </span>
     <span class='ocr_line' id='line_1_10' title="bbox 244 1563 1893 1652; baseline 0.002 -24"><span class='ocrx_word' id='word_1_86' title='bbox 244 1563 414 1648; x_wconf 81' lang='lat' dir='ltr'><strong>lereslebu,</strong></span> <span class='ocrx_word' id='word_1_87' title='bbox 439 1563 575 1649; x_wconf 87' lang='lat' dir='ltr'><strong>Orthan,</strong></span> <span class='ocrx_word' id='word_1_88' title='bbox 599 1565 737 1650; x_wconf 87' lang='lat' dir='ltr'><strong>Sultian,</strong></span> <span class='ocrx_word' id='word_1_89' title='bbox 762 1567 901 1649; x_wconf 90' lang='lat' dir='ltr'><strong>Hahem,</strong></span> <span class='ocrx_word' id='word_1_90' title='bbox 925 1565 1215 1652; x_wconf 83' lang='lat' dir='ltr'><strong>Geruuigesthcrp,</strong></span> <span class='ocrx_word' id='word_1_91' title='bbox 1238 1566 1401 1651; x_wconf 63' lang='lat' dir='ltr'><strong>Biklinge</strong></span> <span class='ocrx_word' id='word_1_92' title='bbox 1424 1565 1758 1651; x_wconf 73' lang='lat' dir='ltr'><strong>Adelboldeslnothl&#39;,</strong></span> <span class='ocrx_word' id='word_1_93' title='bbox 1780 1566 1893 1632; x_wconf 84' lang='lat' dir='ltr'><strong>Harri·</strong></span> 
     </span>
     <span class='ocr_line' id='line_1_11' title="bbox 196 1667 1891 1757; baseline 0.002 -28"><span class='ocrx_word' id='word_1_94' title='bbox 196 1682 229 1729; x_wconf 85' lang='grc' dir='ltr'><strong>ιο</strong></span> <span class='ocrx_word' id='word_1_95' title='bbox 245 1667 413 1753; x_wconf 85' lang='lat' dir='ltr'><strong>keshroth,</strong></span> <span class='ocrx_word' id='word_1_96' title='bbox 437 1668 649 1736; x_wconf 87' lang='lat' dir='ltr'><strong>Silicanuelth</strong></span> <span class='ocrx_word' id='word_1_97' title='bbox 661 1679 682 1753; x_wconf 76' lang='lat'><strong>⁰,</strong></span> <span class='ocrx_word' id='word_1_98' title='bbox 706 1669 930 1757; x_wconf 85' lang='lat' dir='ltr'><strong>Sippanuelth,</strong></span> <span class='ocrx_word' id='word_1_99' title='bbox 954 1680 988 1736; x_wconf 89' lang='lat' dir='ltr'><strong>et</strong></span> <span class='ocrx_word' id='word_1_100' title='bbox 1009 1671 1042 1734; x_wconf 91' lang='lat' dir='ltr'><strong>in</strong></span> <span class='ocrx_word' id='word_1_101' title='bbox 1065 1670 1138 1735; x_wconf 88' lang='lat' dir='ltr'><strong>aliis</strong></span> <span class='ocrx_word' id='word_1_102' title='bbox 1155 1669 1238 1735; x_wconf 89' lang='lat' dir='ltr'><strong>locis</strong></span> <span class='ocrx_word' id='word_1_103' title='bbox 1252 1668 1328 1734; x_wconf 91' lang='lat' dir='ltr'><strong>inde</strong></span> <span class='ocrx_word' id='word_1_104' title='bbox 1344 1671 1487 1733; x_wconf 85' lang='lat' dir='ltr'><strong>exaratis</strong></span> <span class='ocrx_word' id='word_1_105' title='bbox 1503 1667 1554 1733; x_wconf 90' lang='lat' dir='ltr'><strong>vel</strong></span> <span class='ocrx_word' id='word_1_106' title='bbox 1570 1669 1702 1734; x_wconf 91' lang='lat' dir='ltr'><strong>inantea</strong></span> <span class='ocrx_word' id='word_1_107' title='bbox 1717 1669 1891 1735; x_wconf 85' lang='lat' dir='ltr'><strong>exarandis</strong></span> 
     </span>
     <span class='ocr_line' id='line_1_12' title="bbox 245 1770 1892 1840; baseline 0.001 -4"><span class='ocrx_word' id='word_1_108' title='bbox 245 1770 288 1836; x_wconf 89' lang='lat' dir='ltr'><strong>ad</strong></span> <span class='ocrx_word' id='word_1_109' title='bbox 309 1775 542 1839; x_wconf 90' lang='lat' dir='ltr'><strong>monasterium</strong></span> <span class='ocrx_word' id='word_1_110' title='bbox 564 1776 597 1839; x_wconf 93' lang='lat' dir='ltr'><strong>in</strong></span> <span class='ocrx_word' id='word_1_111' title='bbox 620 1784 730 1840; x_wconf 88' lang='lat' dir='ltr'><strong>monte</strong></span> <span class='ocrx_word' id='word_1_112' title='bbox 752 1783 975 1840; x_wconf 81' lang='lat' dir='ltr'><strong>constructum</strong></span> <span class='ocrx_word' id='word_1_113' title='bbox 997 1775 1032 1838; x_wconf 91' lang='lat' dir='ltr'><strong>in</strong></span> <span class='ocrx_word' id='word_1_114' title='bbox 1053 1773 1177 1838; x_wconf 91' lang='lat' dir='ltr'><strong>honore</strong></span> <span class='ocrx_word' id='word_1_115' title='bbox 1200 1774 1303 1837; x_wconf 90' lang='lat' dir='ltr'><strong>sancti</strong></span> <span class='ocrx_word' id='word_1_116' title='bbox 1331 1770 1471 1837; x_wconf 87' lang='lat' dir='ltr'><strong>Seruatii</strong></span> <span class='ocrx_word' id='word_1_117' title='bbox 1502 1771 1803 1839; x_wconf 88' lang='lat' dir='ltr'><strong>sanctimonialibus</strong></span> <span class='ocrx_word' id='word_1_118' title='bbox 1832 1772 1892 1838; x_wconf 89' lang='lat' dir='ltr'><strong>ibi·</strong></span> 
     </span>
     <span class='ocr_line' id='line_1_13' title="bbox 244 1873 1891 1964; baseline 0.002 -25"><span class='ocrx_word' id='word_1_119' title='bbox 244 1873 318 1939; x_wconf 90' lang='lat' dir='ltr'><strong>dem</strong></span> <span class='ocrx_word' id='word_1_120' title='bbox 341 1874 403 1941; x_wconf 92' lang='lat' dir='ltr'><strong>deo</strong></span> <span class='ocrx_word' id='word_1_121' title='bbox 425 1876 658 1944; x_wconf 84' lang='lat' dir='ltr'><strong>famulantibus</strong></span> <span class='ocrx_word' id='word_1_122' title='bbox 681 1879 751 1943; x_wconf 92' lang='lat' dir='ltr'><strong>iure</strong></span> <span class='ocrx_word' id='word_1_123' title='bbox 774 1875 1009 1964; x_wconf 90' lang='lat' dir='ltr'><strong>possidendum</strong></span> <span class='ocrx_word' id='word_1_124' title='bbox 1030 1876 1187 1962; x_wconf 90' lang='lat' dir='ltr'><strong>perhenni</strong></span> <span class='ocrx_word' id='word_1_125' title='bbox 1210 1875 1420 1941; x_wconf 82' lang='lat' dir='ltr'><strong>concedimus</strong></span> <span class='ocrx_word' id='word_1_126' title='bbox 1443 1897 1518 1940; x_wconf 92' lang='lat' dir='ltr'><strong>cum</strong></span> <span class='ocrx_word' id='word_1_127' title='bbox 1541 1875 1691 1941; x_wconf 89' lang='lat' dir='ltr'><strong>omnibus</strong></span> <span class='ocrx_word' id='word_1_128' title='bbox 1720 1876 1797 1941; x_wconf 91' lang='lat' dir='ltr'><strong>illuc</strong></span> <span class='ocrx_word' id='word_1_129' title='bbox 1821 1899 1891 1963; x_wconf 90' lang='lat' dir='ltr'><strong>per-</strong></span> 
     </span>
     <span class='ocr_line' id='line_1_14' title="bbox 243 1977 1891 2066; baseline 0.001 -25"><span class='ocrx_word' id='word_1_130' title='bbox 243 1977 431 2062; x_wconf 85' lang='lat' dir='ltr'><strong>tinentibus,</strong></span> <span class='ocrx_word' id='word_1_131' title='bbox 453 1979 586 2044; x_wconf 83' lang='lat' dir='ltr'><strong>familiis</strong></span> <span class='ocrx_word' id='word_1_132' title='bbox 609 1981 776 2066; x_wconf 90' lang='lat' dir='ltr'><strong>utriusque</strong></span> <span class='ocrx_word' id='word_1_133' title='bbox 799 2003 897 2046; x_wconf 88' lang='lat' dir='ltr'><strong>sexus</strong></span> <span class='ocrx_word' id='word_1_134' title='bbox 921 1980 1064 2047; x_wconf 92' lang='lat' dir='ltr'><strong>cortibus</strong></span> <span class='ocrx_word' id='word_1_135' title='bbox 1087 1990 1120 2046; x_wconf 87' lang='lat' dir='ltr'><strong>et</strong></span> <span class='ocrx_word' id='word_1_136' title='bbox 1137 1978 1305 2045; x_wconf 85' lang='lat' dir='ltr'><strong>cortilibus</strong></span> <span class='ocrx_word' id='word_1_137' title='bbox 1320 1977 1477 2043; x_wconf 89' lang='lat' dir='ltr'><strong>aedificiis</strong></span> <span class='ocrx_word' id='word_1_138' title='bbox 1492 1981 1586 2043; x_wconf 85' lang='lat' dir='ltr'><strong>terris</strong></span> <span class='ocrx_word' id='word_1_139' title='bbox 1602 1977 1697 2043; x_wconf 89' lang='lat' dir='ltr'><strong>cultis</strong></span> <span class='ocrx_word' id='word_1_140' title='bbox 1713 1988 1746 2044; x_wconf 89' lang='lat' dir='ltr'><strong>et</strong></span> <span class='ocrx_word' id='word_1_141' title='bbox 1759 1979 1891 2045; x_wconf 88' lang='lat' dir='ltr'><strong>incultis</strong></span> 
     </span>
     <span class='ocr_line' id='line_1_15' title="bbox 243 2081 1891 2170; baseline 0.001 -24"><span class='ocrx_word' id='word_1_142' title='bbox 243 2081 331 2166; x_wconf 86' lang='lat' dir='ltr'><strong>agris</strong></span> <span class='ocrx_word' id='word_1_143' title='bbox 360 2084 463 2168; x_wconf 89' lang='lat' dir='ltr'><strong>pratis</strong></span> <span class='ocrx_word' id='word_1_144' title='bbox 492 2085 623 2168; x_wconf 89' lang='lat' dir='ltr'><strong>pascuis</strong></span> <span class='ocrx_word' id='word_1_145' title='bbox 650 2084 775 2169; x_wconf 88' lang='lat' dir='ltr'><strong>campis</strong></span> <span class='ocrx_word' id='word_1_146' title='bbox 797 2085 891 2170; x_wconf 90' lang='lat' dir='ltr'><strong>aquis</strong></span> <span class='ocrx_word' id='word_1_147' title='bbox 914 2105 1113 2170; x_wconf 88' lang='lat' dir='ltr'><strong>aquarumve</strong></span> <span class='ocrx_word' id='word_1_148' title='bbox 1136 2082 1328 2149; x_wconf 88' lang='lat' dir='ltr'><strong>decursibus</strong></span> <span class='ocrx_word' id='word_1_149' title='bbox 1349 2082 1546 2147; x_wconf 86' lang='lat' dir='ltr'><strong>molendinis</strong></span> <span class='ocrx_word' id='word_1_150' title='bbox 1568 2082 1806 2167; x_wconf 88' lang='lat' dir='ltr'><strong>piscationibus</strong></span> <span class='ocrx_word' id='word_1_151' title='bbox 1829 2085 1891 2148; x_wconf 89' lang='lat' dir='ltr'><strong>viis</strong></span> 
     </span>
     <span class='ocr_line' id='line_1_16' title="bbox 193 2184 1890 2274; baseline 0 -24"><span class='ocrx_word' id='word_1_152' title='bbox 193 2203 225 2251; x_wconf 84' lang='lat'><strong>15</strong></span> <span class='ocrx_word' id='word_1_153' title='bbox 244 2193 277 2249; x_wconf 92' lang='lat' dir='ltr'><strong>et</strong></span> <span class='ocrx_word' id='word_1_154' title='bbox 297 2188 394 2251; x_wconf 90' lang='lat' dir='ltr'><strong>inviis</strong></span> <span class='ocrx_word' id='word_1_155' title='bbox 417 2186 559 2252; x_wconf 84' lang='lat' dir='ltr'><strong>exitibus</strong></span> <span class='ocrx_word' id='word_1_156' title='bbox 580 2197 613 2252; x_wconf 88' lang='lat' dir='ltr'><strong>et</strong></span> <span class='ocrx_word' id='word_1_157' title='bbox 634 2187 792 2252; x_wconf 90' lang='lat' dir='ltr'><strong>reditibus</strong></span> <span class='ocrx_word' id='word_1_158' title='bbox 816 2188 971 2274; x_wconf 89' lang='lat' dir='ltr'><strong>quaesitis</strong></span> <span class='ocrx_word' id='word_1_159' title='bbox 994 2195 1028 2251; x_wconf 88' lang='lat' dir='ltr'><strong>et</strong></span> <span class='ocrx_word' id='word_1_160' title='bbox 1048 2186 1250 2273; x_wconf 89' lang='lat' dir='ltr'><strong>inquirendis</strong></span> <span class='ocrx_word' id='word_1_161' title='bbox 1273 2185 1447 2252; x_wconf 90' lang='lat' dir='ltr'><strong>mobilibus</strong></span> <span class='ocrx_word' id='word_1_162' title='bbox 1466 2194 1498 2250; x_wconf 87' lang='lat' dir='ltr'><strong>et</strong></span> <span class='ocrx_word' id='word_1_163' title='bbox 1515 2184 1735 2251; x_wconf 89' lang='lat' dir='ltr'><strong>inmobilibus.</strong></span> <span class='ocrx_word' id='word_1_164' title='bbox 1770 2185 1890 2252; x_wconf 85' lang='lat' dir='ltr'><strong>Statui-</strong></span> 
     </span>
     <span class='ocr_line' id='line_1_17' title="bbox 242 2287 1890 2376; baseline 0.002 -25"><span class='ocrx_word' id='word_1_165' title='bbox 242 2309 314 2352; x_wconf 91' lang='lat' dir='ltr'><strong>mus</strong></span> <span class='ocrx_word' id='word_1_166' title='bbox 337 2290 435 2354; x_wconf 90' lang='lat' dir='ltr'><strong>etiam</strong></span> <span class='ocrx_word' id='word_1_167' title='bbox 457 2297 493 2354; x_wconf 90' lang='lat' dir='ltr'><strong>ut</strong></span> <span class='ocrx_word' id='word_1_168' title='bbox 515 2288 685 2354; x_wconf 88' lang='lat' dir='ltr'><strong>abbatissa</strong></span> <span class='ocrx_word' id='word_1_169' title='bbox 708 2311 792 2376; x_wconf 89' lang='lat' dir='ltr'><strong>quae</strong></span> <span class='ocrx_word' id='word_1_170' title='bbox 814 2290 1047 2355; x_wconf 88' lang='lat' dir='ltr'><strong>monasterium</strong></span> <span class='ocrx_word' id='word_1_171' title='bbox 1068 2290 1102 2353; x_wconf 93' lang='lat' dir='ltr'><strong>in</strong></span> <span class='ocrx_word' id='word_1_172' title='bbox 1124 2298 1233 2353; x_wconf 86' lang='lat' dir='ltr'><strong>monte</strong></span> <span class='ocrx_word' id='word_1_173' title='bbox 1251 2290 1347 2353; x_wconf 89' lang='lat' dir='ltr'><strong>situm</strong></span> <span class='ocrx_word' id='word_1_174' title='bbox 1365 2311 1477 2373; x_wconf 87' lang='lat' dir='ltr'><strong>regere</strong></span> <span class='ocrx_word' id='word_1_175' title='bbox 1499 2287 1671 2373; x_wconf 84' lang='lat' dir='ltr'><strong>videbitur,</strong></span> <span class='ocrx_word' id='word_1_176' title='bbox 1698 2290 1732 2354; x_wconf 93' lang='lat' dir='ltr'><strong>in</strong></span> <span class='ocrx_word' id='word_1_177' title='bbox 1749 2289 1890 2355; x_wconf 89' lang='lat' dir='ltr'><strong>ecclesia</strong></span> 
     </span>
     <span class='ocr_line' id='line_1_18' title="bbox 241 2389 1888 2481; baseline 0.004 -29"><span class='ocrx_word' id='word_1_178' title='bbox 241 2389 377 2455; x_wconf 87' lang='lat' dir='ltr'><strong>inferius</strong></span> <span class='ocrx_word' id='word_1_179' title='bbox 393 2393 426 2454; x_wconf 92' lang='lat' dir='ltr'><strong>in</strong></span> <span class='ocrx_word' id='word_1_180' title='bbox 442 2399 532 2456; x_wconf 90' lang='lat' dir='ltr'><strong>corte</strong></span> <span class='ocrx_word' id='word_1_181' title='bbox 548 2393 726 2456; x_wconf 90' lang='lat' dir='ltr'><strong>constituta</strong></span> <span class='ocrx_word' id='word_1_182' title='bbox 740 2390 830 2455; x_wconf 88' lang='lat' dir='ltr'><strong>haud</strong></span> <span class='ocrx_word' id='word_1_183' title='bbox 851 2394 959 2457; x_wconf 89' lang='lat' dir='ltr'><strong>minus</strong></span> <span class='ocrx_word' id='word_1_184' title='bbox 982 2413 1080 2479; x_wconf 89' lang='lat' dir='ltr'><strong>quam</strong></span> <span class='ocrx_word' id='word_1_185' title='bbox 1102 2390 1276 2456; x_wconf 89' lang='lat' dir='ltr'><strong>duodecim</strong></span> <span class='ocrx_word' id='word_1_186' title='bbox 1298 2391 1435 2456; x_wconf 89' lang='lat' dir='ltr'><strong>elericos</strong></span> <span class='ocrx_word' id='word_1_187' title='bbox 1458 2414 1517 2479; x_wconf 92' lang='lat' dir='ltr'><strong>pro</strong></span> <span class='ocrx_word' id='word_1_188' title='bbox 1540 2401 1723 2481; x_wconf 90' lang='lat' dir='ltr'><strong>nostrarum</strong></span> <span class='ocrx_word' id='word_1_189' title='bbox 1745 2393 1888 2458; x_wconf 91' lang='lat' dir='ltr'><strong>remedio</strong></span> 
     </span>
     <span class='ocr_line' id='line_1_19' title="bbox 243 2493 1889 2581; baseline 0.002 -25"><span class='ocrx_word' id='word_1_190' title='bbox 243 2494 424 2559; x_wconf 89' lang='lat' dir='ltr'><strong>animarum</strong></span> <span class='ocrx_word' id='word_1_191' title='bbox 446 2493 693 2581; x_wconf 87' lang='lat' dir='ltr'><strong>debitorumque</strong></span> <span class='ocrx_word' id='word_1_192' title='bbox 714 2503 783 2559; x_wconf 91' lang='lat' dir='ltr'><strong>toto</strong></span> <span class='ocrx_word' id='word_1_193' title='bbox 807 2496 896 2559; x_wconf 89' lang='lat' dir='ltr'><strong>victu</strong></span> <span class='ocrx_word' id='word_1_194' title='bbox 918 2504 951 2559; x_wconf 91' lang='lat' dir='ltr'><strong>et</strong></span> <span class='ocrx_word' id='word_1_195' title='bbox 972 2496 1092 2560; x_wconf 89' lang='lat' dir='ltr'><strong>vestitu</strong></span> <span class='ocrx_word' id='word_1_196' title='bbox 1114 2493 1305 2580; x_wconf 88' lang='lat' dir='ltr'><strong>praevideat</strong></span> <span class='ocrx_word' id='word_1_197' title='bbox 1326 2516 1419 2560; x_wconf 91' lang='lat' dir='ltr'><strong>aevo.</strong></span> <span class='ocrx_word' id='word_1_198' title='bbox 1453 2494 1498 2559; x_wconf 85' lang='lat' dir='ltr'><strong>Et</strong></span> <span class='ocrx_word' id='word_1_199' title='bbox 1514 2504 1551 2559; x_wconf 87' lang='lat' dir='ltr'><strong>ut</strong></span> <span class='ocrx_word' id='word_1_200' title='bbox 1567 2494 1649 2559; x_wconf 90' lang='lat' dir='ltr'><strong>haec</strong></span> <span class='ocrx_word' id='word_1_201' title='bbox 1667 2497 1889 2560; x_wconf 90' lang='lat' dir='ltr'><strong>concessionis</strong></span> 
     </span>
     <span class='ocr_line' id='line_1_20' title="bbox 241 2596 1889 2683; baseline 0.001 -23"><span class='ocrx_word' id='word_1_202' title='bbox 241 2605 371 2661; x_wconf 89' lang='lat' dir='ltr'><strong>nostrae</strong></span> <span class='ocrx_word' id='word_1_203' title='bbox 394 2599 573 2663; x_wconf 86' lang='lat' dir='ltr'><strong>auctoritas</strong></span> <span class='ocrx_word' id='word_1_204' title='bbox 595 2619 615 2661; x_wconf 89' lang='lat' dir='ltr'><strong>a</strong></span> <span class='ocrx_word' id='word_1_205' title='bbox 636 2599 756 2663; x_wconf 89' lang='lat' dir='ltr'><strong>nostris</strong></span> <span class='ocrx_word' id='word_1_206' title='bbox 778 2599 887 2663; x_wconf 88' lang='lat' dir='ltr'><strong>verius</strong></span> <span class='ocrx_word' id='word_1_207' title='bbox 917 2596 1161 2662; x_wconf 88' lang='lat' dir='ltr'><strong>successoribus</strong></span> <span class='ocrx_word' id='word_1_208' title='bbox 1189 2597 1341 2662; x_wconf 83' lang='lat' dir='ltr'><strong>credatur</strong></span> <span class='ocrx_word' id='word_1_209' title='bbox 1370 2607 1466 2683; x_wconf 86' lang='lat' dir='ltr'><strong>atque</strong></span> <span class='ocrx_word' id='word_1_210' title='bbox 1495 2596 1674 2662; x_wconf 88' lang='lat' dir='ltr'><strong>labentium</strong></span> <span class='ocrx_word' id='word_1_211' title='bbox 1702 2619 1760 2683; x_wconf 92' lang='lat' dir='ltr'><strong>per</strong></span> <span class='ocrx_word' id='word_1_212' title='bbox 1790 2600 1889 2663; x_wconf 90' lang='lat' dir='ltr'><strong>curri-</strong></span> 
     </span>
     <span class='ocr_line' id='line_1_21' title="bbox 190 2699 1889 2790; baseline -0.001 -24"><span class='ocrx_word' id='word_1_213' title='bbox 190 2718 225 2766; x_wconf 77' lang='grc' dir='ltr'><strong>6ο</strong></span> <span class='ocrx_word' id='word_1_214' title='bbox 242 2700 317 2765; x_wconf 89' lang='lat' dir='ltr'><strong>cula</strong></span> <span class='ocrx_word' id='word_1_215' title='bbox 338 2712 522 2789; x_wconf 89' lang='lat' dir='ltr'><strong>temporum</strong></span> <span class='ocrx_word' id='word_1_216' title='bbox 542 2703 636 2769; x_wconf 90' lang='lat' dir='ltr'><strong>firma</strong></span> <span class='ocrx_word' id='word_1_217' title='bbox 658 2713 690 2768; x_wconf 90' lang='lat' dir='ltr'><strong>et</strong></span> <span class='ocrx_word' id='word_1_218' title='bbox 712 2702 924 2768; x_wconf 83' lang='lat' dir='ltr'><strong>corroborata</strong></span> <span class='ocrx_word' id='word_1_219' title='bbox 947 2702 1134 2790; x_wconf 87' lang='lat' dir='ltr'><strong>eisdemque</strong></span> <span class='ocrx_word' id='word_1_220' title='bbox 1157 2699 1458 2767; x_wconf 86' lang='lat' dir='ltr'><strong>sanctimonialibus</strong></span> <span class='ocrx_word' id='word_1_221' title='bbox 1485 2699 1717 2786; x_wconf 87' lang='lat' dir='ltr'><strong>perpetualiter</strong></span> <span class='ocrx_word' id='word_1_222' title='bbox 1745 2700 1889 2766; x_wconf 84' lang='lat' dir='ltr'><strong>stabilita</strong></span> 
     </span>
     <span class='ocr_line' id='line_1_22' title="bbox 241 2801 1888 2893; baseline -0.001 -25"><span class='ocrx_word' id='word_1_223' title='bbox 241 2814 446 2890; x_wconf 87' lang='lat' dir='ltr'><strong>permaneat,</strong></span> <span class='ocrx_word' id='word_1_224' title='bbox 480 2808 614 2893; x_wconf 88' lang='lat' dir='ltr'><strong>propria</strong></span> <span class='ocrx_word' id='word_1_225' title='bbox 635 2816 748 2889; x_wconf 89' lang='lat' dir='ltr'><strong>nostra</strong></span> <span class='ocrx_word' id='word_1_226' title='bbox 770 2828 870 2870; x_wconf 89' lang='lat' dir='ltr'><strong>manu</strong></span> <span class='ocrx_word' id='word_1_227' title='bbox 891 2828 966 2871; x_wconf 88' lang='lat' dir='ltr'><strong>eam</strong></span> <span class='ocrx_word' id='word_1_228' title='bbox 986 2805 1187 2870; x_wconf 87' lang='lat' dir='ltr'><strong>firmavimus</strong></span> <span class='ocrx_word' id='word_1_229' title='bbox 1214 2813 1247 2870; x_wconf 89' lang='lat' dir='ltr'><strong>et</strong></span> <span class='ocrx_word' id='word_1_230' title='bbox 1274 2803 1363 2869; x_wconf 92' lang='lat' dir='ltr'><strong>anuli</strong></span> <span class='ocrx_word' id='word_1_231' title='bbox 1391 2803 1495 2867; x_wconf 88' lang='lat' dir='ltr'><strong>nostri</strong></span> <span class='ocrx_word' id='word_1_232' title='bbox 1521 2803 1725 2888; x_wconf 89' lang='lat' dir='ltr'><strong>inpressione</strong></span> <span class='ocrx_word' id='word_1_233' title='bbox 1754 2801 1888 2887; x_wconf 82' lang='lat' dir='ltr'><strong>sigillari</strong></span> 
     </span>
     <span class='ocr_line' id='line_1_23' title="bbox 241 2929 405 2975; baseline 0.012 -3"><span class='ocrx_word' id='word_1_234' title='bbox 241 2929 405 2975; x_wconf 87' lang='lat' dir='ltr'><strong>mssrmus.</strong></span> 
     </span>
    </p>
   </div>
   <div class='ocr_carea' id='block_1_4' title="bbox 342 3060 1268 3150">
    <p class='ocr_par' dir='ltr' id='par_1_4' title="bbox 342 3060 1268 3150">
     <span class='ocr_line' id='line_1_24' title="bbox 342 3060 1268 3150; baseline -0.002 -21"><span class='ocrx_word' id='word_1_235' title='bbox 342 3060 357 3140; x_wconf 67' lang='lat' dir='ltr'><strong>l</strong></span> <span class='ocrx_word' id='word_1_236' title='bbox 379 3062 515 3150; x_wconf 84' lang='lat' dir='ltr'><strong>Signum</strong></span> <span class='ocrx_word' id='word_1_237' title='bbox 538 3064 648 3129; x_wconf 91' lang='lat' dir='ltr'><strong>domni</strong></span> <span class='ocrx_word' id='word_1_238' title='bbox 672 3063 803 3130; x_wconf 87' lang='lat' dir='ltr'><strong>Ottonis</strong></span> <span class='ocrx_word' id='word_1_239' title='bbox 827 3065 892 3146; x_wconf 82' lang='lat' dir='ltr'>(M.)</span> <span class='ocrx_word' id='word_1_240' title='bbox 916 3063 1111 3130; x_wconf 88' lang='lat' dir='ltr'><strong>serenissimi</strong></span> <span class='ocrx_word' id='word_1_241' title='bbox 1134 3064 1231 3149; x_wconf 85' lang='lat' dir='ltr'><strong>regis.</strong></span> <span class='ocrx_word' id='word_1_242' title='bbox 1253 3063 1268 3145; x_wconf 79' lang='lat' dir='ltr'><strong>l</strong></span> 
     </span>
    </p>
   </div>
   <div class='ocr_carea' id='block_1_5' title="bbox 342 3178 1886 3271">
    <p class='ocr_par' dir='ltr' id='par_1_5' title="bbox 342 3178 1886 3271">
     <span class='ocr_line' id='line_1_25' title="bbox 342 3178 1886 3271; baseline -0.002 -22"><span class='ocrx_word' id='word_1_243' title='bbox 342 3181 356 3260; x_wconf 70' lang='grc' dir='ltr'>ξ</span> <span class='ocrx_word' id='word_1_244' title='bbox 378 3184 552 3251; x_wconf 87' lang='lat' dir='ltr'><strong>Liudulfus</strong></span> <span class='ocrx_word' id='word_1_245' title='bbox 568 3186 782 3252; x_wconf 89' lang='lat' dir='ltr'><strong>cancellarius</strong></span> <span class='ocrx_word' id='word_1_246' title='bbox 798 3178 947 3252; x_wconf 84' lang='lat' dir='ltr'><strong>advicem</strong></span> <span class='ocrx_word' id='word_1_247' title='bbox 962 3187 1127 3252; x_wconf 90' lang='lat' dir='ltr'><strong>Brunonis</strong></span> <span class='ocrx_word' id='word_1_248' title='bbox 1143 3182 1418 3271; x_wconf 86' lang='lat' dir='ltr'><strong>archicappellani</strong></span> <span class='ocrx_word' id='word_1_249' title='bbox 1433 3183 1620 3266; x_wconf 85' lang='lat' dir='ltr'><strong>recognovi.</strong></span> <span class='ocrx_word' id='word_1_250' title='bbox 1639 3180 1653 3262; x_wconf 63' lang='grc' dir='ltr'>ξ</span> <span class='ocrx_word' id='word_1_251' title='bbox 1670 3182 1726 3263; x_wconf 86' lang='lat' dir='ltr'>(SI.</span> <span class='ocrx_word' id='word_1_252' title='bbox 1742 3183 1782 3263; x_wconf 89' lang='lat'><strong>1.)</strong></span> <span class='ocrx_word' id='word_1_253' title='bbox 1804 3180 1886 3263; x_wconf 73' lang='grc'>(66.)</span> 
     </span>
    </p>
   </div>
   <div class='ocr_carea' id='block_1_6' title="bbox 188 3338 1885 3611">
    <p class='ocr_par' dir='ltr' id='par_1_6' title="bbox 188 3338 1885 3611">
     <span class='ocr_line' id='line_1_26' title="bbox 188 3338 1885 3427; baseline -0.004 -17"><span class='ocrx_word' id='word_1_254' title='bbox 188 3361 222 3410; x_wconf 77' lang='lat'><strong>25</strong></span> <span class='ocrx_word' id='word_1_255' title='bbox 342 3341 432 3406; x_wconf 87' lang='lat' dir='ltr'><strong>Data</strong></span> <span class='ocrx_word' id='word_1_256' title='bbox 453 3341 497 3406; x_wconf 93' lang='lat' dir='ltr'><strong>id.</strong></span> <span class='ocrx_word' id='word_1_257' title='bbox 521 3341 588 3407; x_wconf 91' lang='lat' dir='ltr'><strong>iulii</strong></span> <span class='ocrx_word' id='word_1_258' title='bbox 612 3366 698 3408; x_wconf 91' lang='lat' dir='ltr'><strong>anno</strong></span> <span class='ocrx_word' id='word_1_259' title='bbox 721 3342 882 3427; x_wconf 76' lang='lat' dir='ltr'><strong>dominice</strong></span> <span class='ocrx_word' id='word_1_260' title='bbox 908 3342 1143 3407; x_wconf 90' lang='lat' dir='ltr'><strong>incarnationis</strong></span> <span class='ocrx_word' id='word_1_261' title='bbox 1173 3355 1360 3423; x_wconf 75' lang='lat' dir='ltr'><strong>peccem,</strong></span> <span class='ocrx_word' id='word_1_262' title='bbox 1394 3338 1570 3403; x_wconf 88' lang='lat' dir='ltr'><strong>indictione</strong></span> <span class='ocrx_word' id='word_1_263' title='bbox 1592 3355 1663 3422; x_wconf 88' lang='lat'>1111,</span> <span class='ocrx_word' id='word_1_264' title='bbox 1698 3360 1783 3402; x_wconf 92' lang='lat' dir='ltr'><strong>anno</strong></span> <span class='ocrx_word' id='word_1_265' title='bbox 1807 3359 1885 3403; x_wconf 90' lang='lat' dir='ltr'><strong>vero</strong></span> 
     </span>
     <span class='ocr_line' id='line_1_27' title="bbox 241 3439 1885 3531; baseline -0.002 -24"><span class='ocrx_word' id='word_1_266' title='bbox 241 3442 352 3509; x_wconf 90' lang='lat' dir='ltr'><strong>domni</strong></span> <span class='ocrx_word' id='word_1_267' title='bbox 375 3442 506 3510; x_wconf 90' lang='lat' dir='ltr'><strong>Ottcnis</strong></span> <span class='ocrx_word' id='word_1_268' title='bbox 528 3447 733 3511; x_wconf 89' lang='lat' dir='ltr'><strong>invictissimi</strong></span> <span class='ocrx_word' id='word_1_269' title='bbox 755 3447 843 3531; x_wconf 85' lang='lat' dir='ltr'><strong>regis</strong></span> <span class='ocrx_word' id='word_1_270' title='bbox 865 3463 969 3530; x_wconf 60' lang='lat' dir='ltr'><strong>xxvu</strong></span> <span class='ocrx_word' id='word_1_271' title='bbox 992 3455 1100 3511; x_wconf 90' lang='lat' dir='ltr'><strong>actum</strong></span> <span class='ocrx_word' id='word_1_272' title='bbox 1123 3447 1158 3509; x_wconf 92' lang='lat' dir='ltr'><strong>in</strong></span> <span class='ocrx_word' id='word_1_273' title='bbox 1181 3441 1470 3529; x_wconf 77' lang='lat' dir='ltr'><strong>Quidilingaburg3</strong></span> <span class='ocrx_word' id='word_1_274' title='bbox 1499 3443 1532 3506; x_wconf 92' lang='lat' dir='ltr'><strong>in</strong></span> <span class='ocrx_word' id='word_1_275' title='bbox 1557 3439 1610 3507; x_wconf 92' lang='lat' dir='ltr'><strong>dei</strong></span> <span class='ocrx_word' id='word_1_276' title='bbox 1632 3443 1762 3507; x_wconf 92' lang='lat' dir='ltr'><strong>nomine</strong></span> <span class='ocrx_word' id='word_1_277' title='bbox 1784 3440 1885 3506; x_wconf 87' lang='lat' dir='ltr'><strong>felici·</strong></span> 
     </span>
     <span class='ocr_line' id='line_1_28' title="bbox 240 3553 416 3611; baseline 0.006 -2"><span class='ocrx_word' id='word_1_278' title='bbox 240 3553 290 3610; x_wconf 86' lang='lat' dir='ltr'><strong>ter</strong></span> <span class='ocrx_word' id='word_1_279' title='bbox 311 3568 416 3611; x_wconf 89' lang='lat' dir='ltr'><strong>amen.</strong></span> 
     </span>
    </p>
   </div>
   <div class='ocr_carea' id='block_1_7' title="bbox 1021 3825 1106 3897">
    <p class='ocr_par' dir='ltr' id='par_1_7' title="bbox 1021 3825 1106 3897">
     <span class='ocr_line' id='line_1_29' title="bbox 1021 3825 1106 3897; baseline 0 0"><span class='ocrx_word' id='word_1_280' title='bbox 1021 3825 1106 3897; x_wconf 71' lang='lat'><strong>229.</strong></span> 
     </span>
    </p>
   </div>
   <div class='ocr_carea' id='block_1_8' title="bbox 187 3971 1883 4209">
    <p class='ocr_par' dir='ltr' id='par_1_8' title="bbox 187 3971 1883 4209">
     <span class='ocr_line' id='line_1_30' title="bbox 248 3971 1883 4076; baseline -0.002 -25"><span class='ocrx_word' id='word_1_281' title='bbox 248 3973 329 4051; x_wconf 88' lang='lat' dir='ltr'><strong>Otto</strong></span> <span class='ocrx_word' id='word_1_282' title='bbox 356 3975 518 4075; x_wconf 73' lang='lat' dir='ltr'><strong>bestlttipt</strong></span> <span class='ocrx_word' id='word_1_283' title='bbox 542 3977 600 4050; x_wconf 82' lang='lat' dir='ltr'><strong>die</strong></span> <span class='ocrx_word' id='word_1_284' title='bbox 626 3973 789 4076; x_wconf 70' lang='lat' dir='ltr'><strong>Sufnsop</strong></span> <span class='ocrx_word' id='word_1_285' title='bbox 815 3977 875 4051; x_wconf 86' lang='lat' dir='ltr'><strong>des</strong></span> <span class='ocrx_word' id='word_1_286' title='bbox 901 3978 1063 4052; x_wconf 84' lang='lat' dir='ltr'><strong>Klosters</strong></span> <span class='ocrx_word' id='word_1_287' title='bbox 1093 3974 1297 4066; x_wconf 76' lang='lat' dir='ltr'><strong>Gernrode,</strong></span> <span class='ocrx_word' id='word_1_288' title='bbox 1328 3975 1458 4048; x_wconf 79' lang='lat' dir='ltr'><strong>aimmt</strong></span> <span class='ocrx_word' id='word_1_289' title='bbox 1482 4000 1516 4048; x_wconf 83' lang='lat' dir='ltr'><strong>es</strong></span> <span class='ocrx_word' id='word_1_290' title='bbox 1542 3977 1582 4048; x_wconf 80' lang='lat' dir='ltr'><strong>in</strong></span> <span class='ocrx_word' id='word_1_291' title='bbox 1608 3977 1730 4049; x_wconf 80' lang='lat' dir='ltr'><strong>seioeo</strong></span> <span class='ocrx_word' id='word_1_292' title='bbox 1756 3971 1883 4051; x_wconf 68' lang='lat' dir='ltr'><strong>Saue</strong></span> 
     </span>
     <span class='ocr_line' id='line_1_31' title="bbox 187 4096 1836 4209; baseline 0 -39"><span class='ocrx_word' id='word_1_293' title='bbox 187 4096 319 4172; x_wconf 80' lang='grc'>666661</span> <span class='ocrx_word' id='word_1_294' title='bbox 341 4096 488 4170; x_wconf 75' lang='grc'>66616676</span> <span class='ocrx_word' id='word_1_295' title='bbox 513 4097 583 4170; x_wconf 78' lang='lat' dir='ltr'><strong>den</strong></span> <span class='ocrx_word' id='word_1_296' title='bbox 608 4098 771 4171; x_wconf 73' lang='grc'>11166666</span> <span class='ocrx_word' id='word_1_297' title='bbox 798 4099 864 4172; x_wconf 87' lang='lat' dir='ltr'><strong>dos</strong></span> <span class='ocrx_word' id='word_1_298' title='bbox 879 4098 981 4198; x_wconf 78' lang='lat' dir='ltr'><strong>freis</strong></span> <span class='ocrx_word' id='word_1_299' title='bbox 1012 4098 1218 4174; x_wconf 76' lang='lat' dir='ltr'><strong>Wohlreclrt.</strong></span> <span class='ocrx_word' id='word_1_300' title='bbox 1402 4134 1585 4209; x_wconf 53' lang='lat' dir='ltr'><em>&amp;Melae</em></span> <span class='ocrx_word' id='word_1_301' title='bbox 1607 4140 1668 4197; x_wconf 86' lang='lat'><strong>961</strong></span> <span class='ocrx_word' id='word_1_302' title='bbox 1694 4136 1763 4195; x_wconf 57' lang='lat' dir='ltr'><strong>Mi</strong></span> <span class='ocrx_word' id='word_1_303' title='bbox 1786 4142 1836 4197; x_wconf 86' lang='lat'><strong>17.</strong></span> 
     </span>
    </p>
   </div>
   <div class='ocr_carea' id='block_1_9' title="bbox 344 4357 1464 4439">
    <p class='ocr_par' dir='ltr' id='par_1_9' title="bbox 344 4357 1464 4439">
     <span class='ocr_line' id='line_1_32' title="bbox 344 4357 1464 4439; baseline 0.002 -21"><span class='ocrx_word' id='word_1_304' title='bbox 344 4357 590 4433; x_wconf 72' lang='lat' dir='ltr'><strong>Orr&#39;qe&#39;naldiplom</strong></span> <span class='ocrx_word' id='word_1_305' title='bbox 611 4361 654 4418; x_wconf 82' lang='lat' dir='ltr'><strong>im</strong></span> <span class='ocrx_word' id='word_1_306' title='bbox 675 4360 752 4418; x_wconf 78' lang='grc'>6666,</span> <span class='ocrx_word' id='word_1_307' title='bbox 777 4359 879 4418; x_wconf 77' lang='lat' dir='ltr'><strong>Hous-</strong></span> <span class='ocrx_word' id='word_1_308' title='bbox 901 4358 966 4417; x_wconf 76' lang='grc'><strong>666</strong></span> <span class='ocrx_word' id='word_1_309' title='bbox 988 4358 1189 4418; x_wconf 73' lang='lat' dir='ltr'><strong>staatsarcuiv</strong></span> <span class='ocrx_word' id='word_1_310' title='bbox 1209 4377 1249 4418; x_wconf 82' lang='lat' dir='ltr'><strong>eu</strong></span> <span class='ocrx_word' id='word_1_311' title='bbox 1274 4360 1376 4419; x_wconf 84' lang='lat' dir='ltr'><strong>Zerbst</strong></span> <span class='ocrx_word' id='word_1_312' title='bbox 1401 4358 1464 4439; x_wconf 79' lang='lat' dir='ltr'><em>(A).</em></span> 
     </span>
    </p>
   </div>
   <div class='ocr_carea' id='block_1_10' title="bbox 338 4509 1882 4794">
    <p class='ocr_par' dir='ltr' id='par_1_10' title="bbox 338 4509 1882 4794">
     <span class='ocr_line' id='line_1_33' title="bbox 340 4509 1882 4587; baseline 0.002 -16"><span class='ocrx_word' id='word_1_313' title='bbox 340 4512 511 4572; x_wconf 74' lang='lat' dir='ltr'><strong>Beelemoon</strong></span> <span class='ocrx_word' id='word_1_314' title='bbox 530 4511 652 4574; x_wconf 76' lang='lat' dir='ltr'><strong>Anhalt.</strong></span> <span class='ocrx_word' id='word_1_315' title='bbox 668 4515 748 4573; x_wconf 81' lang='lat' dir='ltr'><strong>Hist.</strong></span> <span class='ocrx_word' id='word_1_316' title='bbox 765 4518 795 4583; x_wconf 89' lang='lat'><strong>1,</strong></span> <span class='ocrx_word' id='word_1_317' title='bbox 819 4516 881 4573; x_wconf 87' lang='grc'><strong>169</strong></span> <span class='ocrx_word' id='word_1_318' title='bbox 904 4531 961 4572; x_wconf 83' lang='lat' dir='ltr'><strong>aas</strong></span> <span class='ocrx_word' id='word_1_319' title='bbox 982 4513 1010 4570; x_wconf 77' lang='lat' dir='ltr'><strong><em>A</em></strong></span> <span class='ocrx_word' id='word_1_320' title='bbox 1034 4535 1074 4565; x_wconf 94' lang='lat'><strong><em>=</em></strong></span> <span class='ocrx_word' id='word_1_321' title='bbox 1096 4512 1268 4572; x_wconf 84' lang='grc' dir='ltr'>Β66166666</span> <span class='ocrx_word' id='word_1_322' title='bbox 1281 4512 1394 4573; x_wconf 74' lang='grc'>166666.</span> <span class='ocrx_word' id='word_1_323' title='bbox 1411 4516 1462 4583; x_wconf 79' lang='grc'><strong>66,</strong></span> <span class='ocrx_word' id='word_1_324' title='bbox 1487 4536 1526 4565; x_wconf 90' lang='grc'><strong>--</strong></span> <span class='ocrx_word' id='word_1_325' title='bbox 1550 4513 1734 4587; x_wconf 70' lang='grc'>16666161.</span> <span class='ocrx_word' id='word_1_326' title='bbox 1752 4509 1816 4585; x_wconf 71' lang='lat'><strong><em>18⁶,</em></strong></span> <span class='ocrx_word' id='word_1_327' title='bbox 1841 4517 1882 4574; x_wconf 86' lang='grc'><strong>78</strong></span> 
     </span>
     <span class='ocr_line' id='line_1_34' title="bbox 338 4615 1882 4690; baseline 0.001 -16"><span class='ocrx_word' id='word_1_328' title='bbox 338 4622 373 4674; x_wconf 57' lang='grc'><strong>61</strong></span> <span class='ocrx_word' id='word_1_329' title='bbox 393 4620 425 4687; x_wconf 81' lang='lat'><strong>2,</strong></span> <span class='ocrx_word' id='word_1_330' title='bbox 449 4640 489 4670; x_wconf 92' lang='lat'><strong><em>=</em></strong></span> <span class='ocrx_word' id='word_1_331' title='bbox 512 4617 651 4681; x_wconf 65' lang='lat' dir='ltr'><strong>Leonta</strong></span> <span class='ocrx_word' id='word_1_332' title='bbox 672 4615 752 4677; x_wconf 74' lang='lat' dir='ltr'><strong>Aac.</strong></span> <span class='ocrx_word' id='word_1_333' title='bbox 776 4622 806 4688; x_wconf 84' lang='grc'><strong>3,</strong></span> <span class='ocrx_word' id='word_1_334' title='bbox 831 4620 871 4678; x_wconf 88' lang='grc'><strong>69</strong></span> <span class='ocrx_word' id='word_1_335' title='bbox 893 4616 1119 4690; x_wconf 63' lang='grc' dir='ltr'>6666611666ιά6.</span> <span class='ocrx_word' id='word_1_336' title='bbox 1142 4649 1184 4660; x_wconf 89' lang='grc'>-</span> <span class='ocrx_word' id='word_1_337' title='bbox 1207 4617 1395 4676; x_wconf 76' lang='grc' dir='ltr'>Η6666666666</span> <span class='ocrx_word' id='word_1_338' title='bbox 1416 4615 1492 4676; x_wconf 80' lang='lat' dir='ltr'><strong>Gero</strong></span> <span class='ocrx_word' id='word_1_339' title='bbox 1516 4619 1579 4676; x_wconf 83' lang='lat'><strong>163</strong></span> <span class='ocrx_word' id='word_1_340' title='bbox 1600 4623 1635 4674; x_wconf 78' lang='lat' dir='ltr'><strong>a⁰</strong></span> <span class='ocrx_word' id='word_1_341' title='bbox 1657 4619 1676 4676; x_wconf 88' lang='grc'><strong><em>6</em></strong></span> <span class='ocrx_word' id='word_1_342' title='bbox 1699 4615 1815 4676; x_wconf 74' lang='grc'>6661.</span> <span class='ocrx_word' id='word_1_343' title='bbox 1839 4650 1882 4661; x_wconf 92' lang='lat'>-</span> 
     </span>
     <span class='ocr_line' id='line_1_35' title="bbox 338 4717 1880 4794; baseline 0.002 -16"><span class='ocrx_word' id='word_1_344' title='bbox 338 4721 527 4780; x_wconf 78' lang='lat' dir='ltr'><strong>Heiaemusm</strong></span> <span class='ocrx_word' id='word_1_345' title='bbox 543 4718 605 4780; x_wconf 80' lang='lat'><strong><em>01).</em></strong></span> <span class='ocrx_word' id='word_1_346' title='bbox 622 4717 743 4780; x_wconf 73' lang='grc'>166611.</span> <span class='ocrx_word' id='word_1_347' title='bbox 762 4722 790 4790; x_wconf 89' lang='grc'>1,</span> <span class='ocrx_word' id='word_1_348' title='bbox 805 4723 849 4780; x_wconf 78' lang='lat'><strong>23</strong></span> <span class='ocrx_word' id='word_1_349' title='bbox 870 4726 904 4778; x_wconf 79' lang='lat' dir='ltr'><strong>a⁰</strong></span> <span class='ocrx_word' id='word_1_350' title='bbox 919 4724 963 4781; x_wconf 79' lang='lat'><strong>32</strong></span> <span class='ocrx_word' id='word_1_351' title='bbox 984 4737 1040 4780; x_wconf 72' lang='lat' dir='ltr'><strong>aras</strong></span> <span class='ocrx_word' id='word_1_352' title='bbox 1061 4717 1100 4779; x_wconf 80' lang='lat' dir='ltr'><strong>A.</strong></span> <span class='ocrx_word' id='word_1_353' title='bbox 1123 4753 1166 4763; x_wconf 96' lang='lat'>—</span> <span class='ocrx_word' id='word_1_354' title='bbox 1187 4720 1317 4779; x_wconf 76' lang='grc'>6616666</span> <span class='ocrx_word' id='word_1_355' title='bbox 1330 4720 1401 4794; x_wconf 67' lang='lat' dir='ltr'><strong>Rea.</strong></span> <span class='ocrx_word' id='word_1_356' title='bbox 1416 4722 1490 4781; x_wconf 73' lang='lat'><em>248.</em></span> <span class='ocrx_word' id='word_1_357' title='bbox 1513 4752 1556 4763; x_wconf 96' lang='lat'>-</span> <span class='ocrx_word' id='word_1_358' title='bbox 1579 4719 1790 4794; x_wconf 68' lang='grc'>8166661666.</span> <span class='ocrx_word' id='word_1_359' title='bbox 1805 4724 1880 4781; x_wconf 77' lang='lat'><em>291.</em></span> 
     </span>
    </p>
   </div>
   <div class='ocr_carea' id='block_1_11' title="bbox 338 4871 1882 5566">
    <p class='ocr_par' dir='ltr' id='par_1_11' title="bbox 338 4871 1882 5566">
     <span class='ocr_line' id='line_1_36' title="bbox 338 4871 1882 4947; baseline -0.001 -14"><span class='ocrx_word' id='word_1_360' title='bbox 338 4873 424 4933; x_wconf 80' lang='lat' dir='ltr'><strong>Noeh</strong></span> <span class='ocrx_word' id='word_1_361' title='bbox 444 4873 664 4947; x_wconf 73' lang='lat' dir='ltr'><strong>Mapdeburqer</strong></span> <span class='ocrx_word' id='word_1_362' title='bbox 679 4872 783 4932; x_wconf 82' lang='lat' dir='ltr'><strong>Dictat</strong></span> <span class='ocrx_word' id='word_1_363' title='bbox 804 4891 860 4931; x_wconf 84' lang='grc'><strong>666</strong></span> <span class='ocrx_word' id='word_1_364' title='bbox 874 4871 943 4933; x_wconf 75' lang='lat' dir='ltr'><strong>Be.</strong></span> <span class='ocrx_word' id='word_1_365' title='bbox 967 4874 1111 4934; x_wconf 75' lang='grc'>66666661.</span> <span class='ocrx_word' id='word_1_366' title='bbox 1149 4875 1209 4934; x_wconf 79' lang='lat' dir='ltr'><strong>Die</strong></span> <span class='ocrx_word' id='word_1_367' title='bbox 1231 4873 1344 4944; x_wconf 77' lang='lat' dir='ltr'><strong>Schrift</strong></span> <span class='ocrx_word' id='word_1_368' title='bbox 1366 4873 1458 4933; x_wconf 84' lang='lat' dir='ltr'><strong>dieses</strong></span> <span class='ocrx_word' id='word_1_369' title='bbox 1481 4873 1604 4934; x_wconf 74' lang='grc'>61661666</span> <span class='ocrx_word' id='word_1_370' title='bbox 1626 4873 1722 4931; x_wconf 73' lang='lat' dir='ltr'><strong>morht</strong></span> <span class='ocrx_word' id='word_1_371' title='bbox 1744 4873 1806 4943; x_wconf 78' lang='lat' dir='ltr'><strong>aas</strong></span> <span class='ocrx_word' id='word_1_372' title='bbox 1825 4873 1882 4932; x_wconf 80' lang='lat' dir='ltr'><strong>den</strong></span> 
     </span>
     <span class='ocr_line' id='line_1_37' title="bbox 340 4975 1882 5052; baseline 0.001 -17"><span class='ocrx_word' id='word_1_373' title='bbox 340 4981 436 5036; x_wconf 77' lang='grc'>666166</span> <span class='ocrx_word' id='word_1_374' title='bbox 457 4976 582 5036; x_wconf 71' lang='grc' dir='ltr'>166ῑὶ616</span> <span class='ocrx_word' id='word_1_375' title='bbox 604 4975 661 5034; x_wconf 78' lang='lat' dir='ltr'><strong>den</strong></span> <span class='ocrx_word' id='word_1_376' title='bbox 677 4976 834 5035; x_wconf 66' lang='lat' dir='ltr'><strong>sendraas</strong></span> <span class='ocrx_word' id='word_1_377' title='bbox 855 4980 989 5049; x_wconf 78' lang='grc'>66616666</span> <span class='ocrx_word' id='word_1_378' title='bbox 1006 4978 1071 5036; x_wconf 76' lang='lat' dir='ltr'><strong>Zeit</strong></span> <span class='ocrx_word' id='word_1_379' title='bbox 1092 4979 1304 5052; x_wconf 69' lang='lat' dir='ltr'><strong>oneaqeberen.</strong></span> <span class='ocrx_word' id='word_1_380' title='bbox 1341 4976 1422 5037; x_wconf 79' lang='lat' dir='ltr'><strong>Aber</strong></span> <span class='ocrx_word' id='word_1_381' title='bbox 1444 4977 1577 5049; x_wconf 72' lang='grc'>16666666</span> <span class='ocrx_word' id='word_1_382' title='bbox 1598 4977 1646 5035; x_wconf 81' lang='lat' dir='ltr'><strong>dte</strong></span> <span class='ocrx_word' id='word_1_383' title='bbox 1666 4977 1882 5049; x_wconf 72' lang='lat' dir='ltr'><strong>Versiersmpen</strong></span> 
     </span>
     <span class='ocr_line' id='line_1_38' title="bbox 338 5076 1882 5154; baseline 0.001 -16"><span class='ocrx_word' id='word_1_384' title='bbox 338 5079 613 5154; x_wconf 71' lang='grc'>666666166666166</span> <span class='ocrx_word' id='word_1_385' title='bbox 639 5076 759 5149; x_wconf 67' lang='grc'>6666116</span> <span class='ocrx_word' id='word_1_386' title='bbox 782 5079 882 5138; x_wconf 75' lang='lat' dir='ltr'><strong>steten</strong></span> <span class='ocrx_word' id='word_1_387' title='bbox 907 5081 1062 5139; x_wconf 74' lang='grc'>6666666611</span> <span class='ocrx_word' id='word_1_388' title='bbox 1085 5080 1140 5152; x_wconf 86' lang='lat' dir='ltr'><strong>da,</strong></span> <span class='ocrx_word' id='word_1_389' title='bbox 1174 5080 1230 5140; x_wconf 81' lang='lat' dir='ltr'><strong>olle</strong></span> <span class='ocrx_word' id='word_1_390' title='bbox 1257 5082 1404 5154; x_wconf 66' lang='grc'>66666666</span> <span class='ocrx_word' id='word_1_391' title='bbox 1428 5078 1760 5154; x_wconf 64' lang='lat' dir='ltr'><strong>momenmentum„</strong></span> <span class='ocrx_word' id='word_1_392' title='bbox 1786 5080 1882 5140; x_wconf 79' lang='lat' dir='ltr'><strong>dieser</strong></span> 
     </span>
     <span class='ocr_line' id='line_1_39' title="bbox 339 5182 1881 5258; baseline -0.001 -15"><span class='ocrx_word' id='word_1_393' title='bbox 339 5183 452 5254; x_wconf 72' lang='grc'>666666</span> <span class='ocrx_word' id='word_1_394' title='bbox 474 5184 572 5244; x_wconf 73' lang='lat' dir='ltr'><strong>lassor</strong></span> <span class='ocrx_word' id='word_1_395' title='bbox 592 5184 655 5243; x_wconf 79' lang='lat' dir='ltr'><strong>siet</strong></span> <span class='ocrx_word' id='word_1_396' title='bbox 676 5183 752 5242; x_wconf 82' lang='grc'>6666</span> <span class='ocrx_word' id='word_1_397' title='bbox 773 5185 807 5241; x_wconf 78' lang='lat' dir='ltr'><strong>ie</strong></span> <span class='ocrx_word' id='word_1_398' title='bbox 829 5183 944 5242; x_wconf 77' lang='lat' dir='ltr'><strong>andern</strong></span> <span class='ocrx_word' id='word_1_399' title='bbox 964 5200 1020 5242; x_wconf 83' lang='grc'><strong>666</strong></span> <span class='ocrx_word' id='word_1_400' title='bbox 1034 5182 1104 5244; x_wconf 78' lang='lat' dir='ltr'><strong>Bo.</strong></span> <span class='ocrx_word' id='word_1_401' title='bbox 1118 5185 1336 5258; x_wconf 67' lang='grc'>6666666666</span> <span class='ocrx_word' id='word_1_402' title='bbox 1350 5183 1508 5257; x_wconf 71' lang='grc'>1166166666</span> <span class='ocrx_word' id='word_1_403' title='bbox 1521 5184 1712 5242; x_wconf 66' lang='lat' dir='ltr'><strong>manases.</strong></span> <span class='ocrx_word' id='word_1_404' title='bbox 1749 5183 1819 5242; x_wconf 76' lang='lat' dir='ltr'><strong>Far</strong></span> <span class='ocrx_word' id='word_1_405' title='bbox 1833 5183 1881 5242; x_wconf 83' lang='lat' dir='ltr'><strong>die</strong></span> 
     </span>
     <span class='ocr_line' id='line_1_40' title="bbox 340 5284 1881 5361; baseline -0.001 -15"><span class='ocrx_word' id='word_1_406' title='bbox 340 5286 533 5361; x_wconf 67' lang='grc'>0666661661</span> <span class='ocrx_word' id='word_1_407' title='bbox 554 5287 666 5361; x_wconf 61' lang='lat' dir='ltr'><strong>seriem</strong></span> <span class='ocrx_word' id='word_1_408' title='bbox 686 5288 759 5346; x_wconf 78' lang='grc'>6666</span> <span class='ocrx_word' id='word_1_409' title='bbox 781 5285 828 5345; x_wconf 80' lang='lat' dir='ltr'><strong>die</strong></span> <span class='ocrx_word' id='word_1_410' title='bbox 850 5286 1010 5360; x_wconf 75' lang='lat' dir='ltr'><strong>allerdinqs</strong></span> <span class='ocrx_word' id='word_1_411' title='bbox 1031 5286 1146 5357; x_wconf 76' lang='lat' dir='ltr'><strong>settene,</strong></span> <span class='ocrx_word' id='word_1_412' title='bbox 1169 5289 1240 5346; x_wconf 82' lang='lat' dir='ltr'><strong>aher</strong></span> <span class='ocrx_word' id='word_1_413' title='bbox 1260 5287 1348 5346; x_wconf 82' lang='grc'>66666</span> <span class='ocrx_word' id='word_1_414' title='bbox 1369 5287 1403 5344; x_wconf 77' lang='lat' dir='ltr'><strong>io</strong></span> <span class='ocrx_word' id='word_1_415' title='bbox 1424 5284 1491 5344; x_wconf 79' lang='grc' dir='ltr'>ΒΟ.</span> <span class='ocrx_word' id='word_1_416' title='bbox 1507 5289 1572 5346; x_wconf 78' lang='lat'><strong>228</strong></span> <span class='ocrx_word' id='word_1_417' title='bbox 1594 5285 1770 5360; x_wconf 74' lang='grc' dir='ltr'>66666666ιά6</span> <span class='ocrx_word' id='word_1_418' title='bbox 1787 5287 1881 5345; x_wconf 81' lang='lat' dir='ltr'><strong>Form</strong></span> 
     </span>
     <span class='ocr_line' id='line_1_41' title="bbox 340 5389 1882 5464; baseline -0.001 -15"><span class='ocrx_word' id='word_1_419' title='bbox 340 5391 390 5450; x_wconf 83' lang='lat' dir='ltr'><strong>des</strong></span> <span class='ocrx_word' id='word_1_420' title='bbox 412 5391 588 5451; x_wconf 76' lang='lat' dir='ltr'><strong>Hondmals.</strong></span> <span class='ocrx_word' id='word_1_421' title='bbox 633 5389 752 5461; x_wconf 76' lang='lat' dir='ltr'><strong>Bebasa</strong></span> <span class='ocrx_word' id='word_1_422' title='bbox 779 5389 973 5463; x_wconf 74' lang='grc'>6666661666</span> <span class='ocrx_word' id='word_1_423' title='bbox 1000 5407 1064 5448; x_wconf 83' lang='lat' dir='ltr'><strong>war</strong></span> <span class='ocrx_word' id='word_1_424' title='bbox 1091 5392 1139 5449; x_wconf 80' lang='lat' dir='ltr'><strong>eia</strong></span> <span class='ocrx_word' id='word_1_425' title='bbox 1168 5391 1376 5449; x_wconf 76' lang='lat' dir='ltr'><strong>Kreaeselmitt</strong></span> <span class='ocrx_word' id='word_1_426' title='bbox 1401 5390 1533 5464; x_wconf 73' lang='lat' dir='ltr'><strong>pemaeht</strong></span> <span class='ocrx_word' id='word_1_427' title='bbox 1560 5390 1691 5461; x_wconf 81' lang='lat' dir='ltr'><strong>worden,</strong></span> <span class='ocrx_word' id='word_1_428' title='bbox 1723 5390 1803 5448; x_wconf 77' lang='lat' dir='ltr'><strong>nieht</strong></span> <span class='ocrx_word' id='word_1_429' title='bbox 1831 5391 1882 5447; x_wconf 80' lang='lat' dir='ltr'><strong>ein</strong></span> 
     </span>
     <span class='ocr_line' id='line_1_42' title="bbox 339 5492 1882 5566; baseline -0.001 -12"><span class='ocrx_word' id='word_1_430' title='bbox 339 5493 533 5554; x_wconf 72' lang='grc'>6166666661</span> <span class='ocrx_word' id='word_1_431' title='bbox 555 5496 609 5553; x_wconf 85' lang='lat' dir='ltr'><strong>wie</strong></span> <span class='ocrx_word' id='word_1_432' title='bbox 630 5493 818 5552; x_wconf 74' lang='grc'>6616666666</span> <span class='ocrx_word' id='word_1_433' title='bbox 838 5509 894 5552; x_wconf 81' lang='lat' dir='ltr'><strong>von</strong></span> <span class='ocrx_word' id='word_1_434' title='bbox 907 5492 995 5551; x_wconf 64' lang='lat' dir='ltr'><strong>Folle</strong></span> <span class='ocrx_word' id='word_1_435' title='bbox 1015 5494 1059 5551; x_wconf 83' lang='grc'><strong>66</strong></span> <span class='ocrx_word' id='word_1_436' title='bbox 1079 5493 1119 5553; x_wconf 88' lang='lat' dir='ltr'><strong>N.</strong></span> <span class='ocrx_word' id='word_1_437' title='bbox 1136 5493 1244 5552; x_wconf 76' lang='lat' dir='ltr'><strong>Archiv</strong></span> <span class='ocrx_word' id='word_1_438' title='bbox 1258 5498 1288 5564; x_wconf 87' lang='lat'><strong>3,</strong></span> <span class='ocrx_word' id='word_1_439' title='bbox 1304 5496 1345 5553; x_wconf 92' lang='grc'><strong>16</strong></span> <span class='ocrx_word' id='word_1_440' title='bbox 1368 5493 1523 5566; x_wconf 73' lang='grc'>6616666161</span> <span class='ocrx_word' id='word_1_441' title='bbox 1544 5493 1662 5552; x_wconf 76' lang='lat' dir='ltr'><strong>worden</strong></span> <span class='ocrx_word' id='word_1_442' title='bbox 1682 5495 1731 5553; x_wconf 82' lang='lat' dir='ltr'><strong>ist.</strong></span> <span class='ocrx_word' id='word_1_443' title='bbox 1766 5492 1808 5552; x_wconf 85' lang='lat' dir='ltr'><strong>Ob</strong></span> <span class='ocrx_word' id='word_1_444' title='bbox 1829 5492 1882 5552; x_wconf 80' lang='lat' dir='ltr'><strong>der</strong></span> 
     </span>
    </p>
   </div>
   <div class='ocr_carea' id='block_1_12' title="bbox 289 5693 1683 5862">
    <p class='ocr_par' dir='ltr' id='par_1_12' title="bbox 289 5693 1683 5862">
     <span class='ocr_line' id='line_1_43' title="bbox 321 5693 1655 5765; baseline -0.002 -16"><span class='ocrx_word' id='word_1_445' title='bbox 321 5693 503 5765; x_wconf 64' lang='lat' dir='ltr'><strong>zaupolis]</strong></span> <span class='ocrx_word' id='word_1_446' title='bbox 606 5694 676 5760; x_wconf 79' lang='lat' dir='ltr'><strong>a)A</strong></span> <span class='ocrx_word' id='word_1_447' title='bbox 779 5695 1163 5759; x_wconf 61' lang='lat' dir='ltr'><strong>claustrenses-mi</strong></span> <span class='ocrx_word' id='word_1_448' title='bbox 1265 5695 1655 5759; x_wconf 53' lang='lat' dir='ltr'><strong>enumeraremus.</strong></span> 
     </span>
     <span class='ocr_line' id='line_1_44' title="bbox 289 5803 1683 5862; baseline -0.002 -15"><span class='ocrx_word' id='word_1_449' title='bbox 289 5803 481 5851; x_wconf 72' lang='lat' dir='ltr'><strong>Knisamrkundsn.</strong></span> <span class='ocrx_word' id='word_1_450' title='bbox 496 5806 515 5848; x_wconf 85' lang='lat'><strong>1.</strong></span> <span class='ocrx_word' id='word_1_451' title='bbox 859 5845 868 5858; x_wconf 83' lang='grc'><strong><em>,</em></strong></span> <span class='ocrx_word' id='word_1_452' title='bbox 1641 5805 1683 5862; x_wconf 77' lang='lat'><strong>40</strong></span> 
     </span>
    </p>
   </div>
   <div class='ocr_carea' id='block_1_13' title="bbox 0 0 2254 6420">
    <p class='ocr_par' dir='ltr' id='par_1_13' title="bbox 0 0 2254 6420">
     <span class='ocr_line' id='line_1_45' title="bbox 0 0 2254 6420; baseline 0 3"><span class='ocrx_word' id='word_1_453' title='bbox 0 0 2254 6420; x_wconf 95' lang='lat' dir='ltr'><strong> </strong></span> 
     </span>
    </p>
   </div>
  </div>
 </body>
</html>
