<?xml version="1.0" encoding="UTF-8"?>
<!DOCTYPE html PUBLIC "-//W3C//DTD XHTML 1.0 Transitional//EN"
    "http://www.w3.org/TR/xhtml1/DTD/xhtml1-transitional.dtd">
<html xmlns="http://www.w3.org/1999/xhtml" xml:lang="en" lang="en">
 <head>
  <title>
</title>
<meta http-equiv="Content-Type" content="text/html;charset=utf-8" />
  <meta name='ocr-system' content='tesseract 3.04.00' />
  <meta name='ocr-capabilities' content='ocr_page ocr_carea ocr_par ocr_line ocrx_word'/>
</head>
<body>
  <div class='ocr_page' id='page_1' title='image "./conradiiheinric00ottogoog_0374.png"; bbox 0 0 4500 6420; ppageno 0'>
   <div class='ocr_carea' id='block_1_1' title="bbox 237 452 301 518">
    <p class='ocr_par' dir='ltr' id='par_1_1' title="bbox 237 452 301 518">
     <span class='ocr_line' id='line_1_1' title="bbox 237 452 301 518; baseline 0 0"><span class='ocrx_word' id='word_1_1' title='bbox 237 452 301 518; x_wconf 79' lang='lat'>342</span> 
     </span>
    </p>
   </div>
   <div class='ocr_carea' id='block_1_2' title="bbox 237 635 1040 5633">
    <p class='ocr_par' dir='ltr' id='par_1_2' title="bbox 237 635 1040 5372">
     <span class='ocr_line' id='line_1_2' title="bbox 239 635 1034 707; baseline -0.014 0"><span class='ocrx_word' id='word_1_2' title='bbox 239 665 312 707; x_wconf 88' lang='lat' dir='ltr'>eum</span> <span class='ocrx_word' id='word_1_3' title='bbox 337 641 489 705; x_wconf 90' lang='lat' dir='ltr'>dominus</span> <span class='ocrx_word' id='word_1_4' title='bbox 513 640 553 704; x_wconf 89' lang='lat' dir='ltr'>do</span> <span class='ocrx_word' id='word_1_5' title='bbox 575 637 638 703; x_wconf 86' lang='lat' dir='ltr'>hoc</span> <span class='ocrx_word' id='word_1_6' title='bbox 661 635 770 701; x_wconf 89' lang='lat' dir='ltr'>seculo</span> <span class='ocrx_word' id='word_1_7' title='bbox 795 656 911 700; x_wconf 86' lang='lat' dir='ltr'>vocare</span> <span class='ocrx_word' id='word_1_8' title='bbox 934 636 1034 698; x_wconf 88' lang='lat' dir='ltr'>iusse-</span> 
     </span>
     <span class='ocr_line' id='line_1_3' title="bbox 237 737 1034 827; baseline -0.014 -17"><span class='ocrx_word' id='word_1_9' title='bbox 237 748 288 827; x_wconf 91' lang='lat' dir='ltr'>rit,</span> <span class='ocrx_word' id='word_1_10' title='bbox 312 743 417 809; x_wconf 91' lang='lat' dir='ltr'>modis</span> <span class='ocrx_word' id='word_1_11' title='bbox 436 741 769 808; x_wconf 85' lang='lat' dir='ltr'>omnibussanoimus</span> <span class='ocrx_word' id='word_1_12' title='bbox 792 749 824 803; x_wconf 88' lang='lat' dir='ltr'>ct</span> <span class='ocrx_word' id='word_1_13' title='bbox 847 737 1034 822; x_wconf 79' lang='lat' dir='ltr'>[inlterdiei</span> 
     </span>
     <span class='ocr_line' id='line_1_4' title="bbox 238 846 1035 932; baseline -0.013 -19"><span class='ocrx_word' id='word_1_14' title='bbox 238 872 319 930; x_wconf 89' lang='lat' dir='ltr'>mus,</span> <span class='ocrx_word' id='word_1_15' title='bbox 343 857 379 911; x_wconf 92' lang='lat' dir='ltr'>ut</span> <span class='ocrx_word' id='word_1_16' title='bbox 401 846 491 911; x_wconf 82' lang='lat' dir='ltr'>milla</span> <span class='ocrx_word' id='word_1_17' title='bbox 514 854 690 932; x_wconf 77' lang='lat' dir='ltr'><strong>prepotens</strong></span> <span class='ocrx_word' id='word_1_18' title='bbox 712 864 878 929; x_wconf 85' lang='lat' dir='ltr'>parvaque</span> <span class='ocrx_word' id='word_1_19' title='bbox 894 862 1035 926; x_wconf 90' lang='lat' dir='ltr'>persona</span> 
     </span>
     <span class='ocr_line' id='line_1_5' title="bbox 237 945 1036 1037; baseline -0.013 -21"><span class='ocrx_word' id='word_1_20' title='bbox 237 950 419 1037; x_wconf 88' lang='lat' dir='ltr'>predictum</span> <span class='ocrx_word' id='word_1_21' title='bbox 442 948 637 1015; x_wconf 87' lang='lat' dir='ltr'>coenobium</span> <span class='ocrx_word' id='word_1_22' title='bbox 659 945 957 1011; x_wconf 85' lang='lat' dir='ltr'>invadero·nitatur</span> <span class='ocrx_word' id='word_1_23' title='bbox 979 952 1036 1007; x_wconf 88' lang='lat' dir='ltr'>aut</span> 
     </span>
     <span class='ocr_line' id='line_1_6' title="bbox 238 1048 1033 1136; baseline -0.009 -18"><span class='ocrx_word' id='word_1_24' title='bbox 238 1052 419 1119; x_wconf 86' lang='lat' dir='ltr'>beneficiali</span> <span class='ocrx_word' id='word_1_25' title='bbox 437 1052 550 1117; x_wconf 86' lang='lat' dir='ltr'>ordine</span> <span class='ocrx_word' id='word_1_26' title='bbox 564 1061 622 1116; x_wconf 86' lang='lat' dir='ltr'>aut</span> <span class='ocrx_word' id='word_1_27' title='bbox 637 1048 816 1136; x_wconf 85' lang='lat' dir='ltr'>preceptali</span> <span class='ocrx_word' id='word_1_28' title='bbox 831 1049 1033 1112; x_wconf 85' lang='lat' dir='ltr'>auctoritate.</span> 
     </span>
     <span class='ocr_line' id='line_1_7' title="bbox 238 1150 1033 1235; baseline -0.01 -13"><span class='ocrx_word' id='word_1_29' title='bbox 238 1172 429 1222; x_wconf 66' lang='lat' dir='ltr'>(summamus</span> <span class='ocrx_word' id='word_1_30' title='bbox 453 1156 550 1219; x_wconf 88' lang='lat' dir='ltr'>etiam</span> <span class='ocrx_word' id='word_1_31' title='bbox 573 1164 606 1218; x_wconf 91' lang='lat' dir='ltr'>et</span> <span class='ocrx_word' id='word_1_32' title='bbox 629 1152 878 1218; x_wconf 88' lang='lat' dir='ltr'>corroboramus</span> <span class='ocrx_word' id='word_1_33' title='bbox 900 1172 958 1235; x_wconf 92' lang='lat' dir='ltr'>pro</span> <span class='ocrx_word' id='word_1_34' title='bbox 982 1150 1033 1214; x_wconf 92' lang='lat' dir='ltr'>dei</span> 
     </span>
     <span class='ocr_line' id='line_1_8' title="bbox 237 1254 1033 1344; baseline -0.009 -20"><span class='ocrx_word' id='word_1_35' title='bbox 237 1281 348 1325; x_wconf 89' lang='lat' dir='ltr'>amore</span> <span class='ocrx_word' id='word_1_36' title='bbox 371 1268 403 1323; x_wconf 90' lang='lat' dir='ltr'>et</span> <span class='ocrx_word' id='word_1_37' title='bbox 426 1280 485 1344; x_wconf 93' lang='lat' dir='ltr'>pro</span> <span class='ocrx_word' id='word_1_38' title='bbox 508 1261 626 1322; x_wconf 80' lang='lat' dir='ltr'>iustam</span> <span class='ocrx_word' id='word_1_39' title='bbox 655 1257 810 1340; x_wconf 89' lang='lat' dir='ltr'>petitione</span> <span class='ocrx_word' id='word_1_40' title='bbox 832 1264 967 1339; x_wconf 75' lang='lat' dir='ltr'>uostre‘¹</span> <span class='ocrx_word' id='word_1_41' title='bbox 988 1254 1033 1318; x_wconf 87' lang='lat' dir='ltr'>di-</span> 
     </span>
     <span class='ocr_line' id='line_1_9' title="bbox 237 1357 1033 1447; baseline -0.009 -19"><span class='ocrx_word' id='word_1_42' title='bbox 237 1364 320 1447; x_wconf 74' lang='lat' dir='ltr'>lecte.</span> <span class='ocrx_word' id='word_1_43' title='bbox 343 1363 492 1445; x_wconf 89' lang='lat' dir='ltr'>coniugis</span> <span class='ocrx_word' id='word_1_44' title='bbox 511 1360 617 1425; x_wconf 86' lang='lat' dir='ltr'>eidem</span> <span class='ocrx_word' id='word_1_45' title='bbox 632 1357 810 1424; x_wconf 84' lang='lat' dir='ltr'>venerabili</span> <span class='ocrx_word' id='word_1_46' title='bbox 826 1358 899 1422; x_wconf 89' lang='lat' dir='ltr'>loco</span> <span class='ocrx_word' id='word_1_47' title='bbox 916 1368 1033 1438; x_wconf 90' lang='lat' dir='ltr'>curtes,</span> 
     </span>
     <span class='ocr_line' id='line_1_10' title="bbox 238 1459 1034 1551; baseline -0.009 -19"><span class='ocrx_word' id='word_1_48' title='bbox 238 1489 336 1533; x_wconf 86' lang='lat' dir='ltr'>unam</span> <span class='ocrx_word' id='word_1_49' title='bbox 360 1489 422 1551; x_wconf 75' lang='lat' dir='ltr'>quq¹</span> <span class='ocrx_word' id='word_1_50' title='bbox 445 1465 606 1548; x_wconf 85' lang='lat' dir='ltr'>Virgonto</span> <span class='ocrx_word' id='word_1_51' title='bbox 631 1463 750 1527; x_wconf 87' lang='lat' dir='ltr'>dieitur</span> <span class='ocrx_word' id='word_1_52' title='bbox 772 1463 868 1525; x_wconf 89' lang='lat' dir='ltr'>sitam</span> <span class='ocrx_word' id='word_1_53' title='bbox 893 1464 925 1526; x_wconf 89' lang='lat' dir='ltr'>in</span> <span class='ocrx_word' id='word_1_54' title='bbox 948 1459 1034 1525; x_wconf 87' lang='lat' dir='ltr'>vallo</span> 
     </span>
     <span class='ocr_line' id='line_1_11' title="bbox 239 1566 1034 1653; baseline -0.01 -18"><span class='ocrx_word' id='word_1_55' title='bbox 239 1570 360 1635; x_wconf 88' lang='lat' dir='ltr'>Ossola</span> <span class='ocrx_word' id='word_1_56' title='bbox 389 1579 421 1633; x_wconf 92' lang='lat' dir='ltr'>et</span> <span class='ocrx_word' id='word_1_57' title='bbox 449 1568 548 1633; x_wconf 86' lang='lat' dir='ltr'>aliam</span> <span class='ocrx_word' id='word_1_58' title='bbox 583 1590 645 1653; x_wconf 73' lang='lat' dir='ltr'>quq</span> <span class='ocrx_word' id='word_1_59' title='bbox 675 1566 783 1650; x_wconf 72' lang='lat' dir='ltr'>Ouillq</span> <span class='ocrx_word' id='word_1_60' title='bbox 818 1573 1034 1649; x_wconf 76' lang='lat' dir='ltr'>nuncupatur,</span> 
     </span>
     <span class='ocr_line' id='line_1_12' title="bbox 239 1669 1036 1755; baseline -0.01 -17"><span class='ocrx_word' id='word_1_61' title='bbox 239 1697 312 1738; x_wconf 89' lang='lat' dir='ltr'>eum</span> <span class='ocrx_word' id='word_1_62' title='bbox 342 1672 492 1737; x_wconf 89' lang='lat' dir='ltr'>omnibus</span> <span class='ocrx_word' id='word_1_63' title='bbox 520 1694 632 1735; x_wconf 89' lang='lat' dir='ltr'>earum</span> <span class='ocrx_word' id='word_1_64' title='bbox 662 1671 863 1755; x_wconf 83' lang='lat' dir='ltr'>pertinentiis</span> <span class='ocrx_word' id='word_1_65' title='bbox 886 1669 981 1753; x_wconf 89' lang='lat' dir='ltr'>aquis</span> <span class='ocrx_word' id='word_1_66' title='bbox 1004 1676 1036 1731; x_wconf 91' lang='lat' dir='ltr'>et</span> 
     </span>
     <span class='ocr_line' id='line_1_13' title="bbox 241 1777 1035 1861; baseline -0.01 -19"><span class='ocrx_word' id='word_1_67' title='bbox 241 1777 476 1861; x_wconf 86' lang='lat' dir='ltr'>piscationibus</span> <span class='ocrx_word' id='word_1_68' title='bbox 498 1797 559 1840; x_wconf 90' lang='lat' dir='ltr'>nee</span> <span class='ocrx_word' id='word_1_69' title='bbox 581 1798 649 1840; x_wconf 91' lang='lat' dir='ltr'>non</span> <span class='ocrx_word' id='word_1_70' title='bbox 672 1785 704 1839; x_wconf 90' lang='lat' dir='ltr'>et</span> <span class='ocrx_word' id='word_1_71' title='bbox 731 1790 800 1840; x_wconf 74' lang='lat' dir='ltr'>vala</span> <span class='ocrx_word' id='word_1_72' title='bbox 822 1789 856 1838; x_wconf 81' lang='lat' dir='ltr'>ad</span> <span class='ocrx_word' id='word_1_73' title='bbox 879 1786 1035 1852; x_wconf 79' lang='lat' dir='ltr'>piscandum</span> 
     </span>
     <span class='ocr_line' id='line_1_14' title="bbox 240 1892 1036 1962; baseline -0.003 -21"><span class='ocrx_word' id='word_1_74' title='bbox 240 1912 291 1962; x_wconf 72' lang='lat' dir='ltr'>quq</span> <span class='ocrx_word' id='word_1_75' title='bbox 306 1901 369 1945; x_wconf 89' lang='lat' dir='ltr'>sunt</span> <span class='ocrx_word' id='word_1_76' title='bbox 384 1897 411 1945; x_wconf 93' lang='lat' dir='ltr'>in</span> <span class='ocrx_word' id='word_1_77' title='bbox 427 1896 529 1958; x_wconf 87' lang='lat' dir='ltr'>Ticino,</span> <span class='ocrx_word' id='word_1_78' title='bbox 553 1895 579 1944; x_wconf 92' lang='lat' dir='ltr'>id</span> <span class='ocrx_word' id='word_1_79' title='bbox 602 1899 642 1943; x_wconf 90' lang='lat' dir='ltr'>est</span> <span class='ocrx_word' id='word_1_80' title='bbox 665 1895 692 1943; x_wconf 91' lang='lat' dir='ltr'>in</span> <span class='ocrx_word' id='word_1_81' title='bbox 716 1895 773 1943; x_wconf 81' lang='lat' dir='ltr'>rivo</span> <span class='ocrx_word' id='word_1_82' title='bbox 789 1893 891 1954; x_wconf 90' lang='lat' dir='ltr'>Poloni,</span> <span class='ocrx_word' id='word_1_83' title='bbox 915 1892 1036 1940; x_wconf 85' lang='lat' dir='ltr'>hlorasca</span> 
     </span>
     <span class='ocr_line' id='line_1_15' title="bbox 240 1996 1035 2064; baseline -0.005 -16"><span class='ocrx_word' id='word_1_84' title='bbox 240 2015 287 2050; x_wconf 89' lang='lat' dir='ltr'>seu</span> <span class='ocrx_word' id='word_1_85' title='bbox 302 1999 400 2049; x_wconf 82' lang='lat' dir='ltr'>vadum</span> <span class='ocrx_word' id='word_1_86' title='bbox 416 1998 487 2064; x_wconf 90' lang='lat' dir='ltr'>quod</span> <span class='ocrx_word' id='word_1_87' title='bbox 503 1998 601 2048; x_wconf 87' lang='lat' dir='ltr'>dicitur</span> <span class='ocrx_word' id='word_1_88' title='bbox 616 1996 793 2057; x_wconf 88' lang='lat' dir='ltr'>Laudemarii,</span> <span class='ocrx_word' id='word_1_89' title='bbox 810 2003 910 2045; x_wconf 87' lang='lat' dir='ltr'>costam</span> <span class='ocrx_word' id='word_1_90' title='bbox 924 1996 1035 2045; x_wconf 75' lang='lat' dir='ltr'>Tei&#39;ere-</span> 
     </span>
     <span class='ocr_line' id='line_1_16' title="bbox 240 2099 1035 2167; baseline -0.001 -19"><span class='ocrx_word' id='word_1_91' title='bbox 240 2102 302 2152; x_wconf 88' lang='lat' dir='ltr'>dum</span> <span class='ocrx_word' id='word_1_92' title='bbox 326 2107 353 2153; x_wconf 90' lang='lat' dir='ltr'>et</span> <span class='ocrx_word' id='word_1_93' title='bbox 374 2101 441 2152; x_wconf 90' lang='lat' dir='ltr'>illud</span> <span class='ocrx_word' id='word_1_94' title='bbox 463 2101 533 2167; x_wconf 91' lang='lat' dir='ltr'>quod</span> <span class='ocrx_word' id='word_1_95' title='bbox 563 2101 661 2151; x_wconf 88' lang='lat' dir='ltr'>dicitur</span> <span class='ocrx_word' id='word_1_96' title='bbox 689 2100 873 2150; x_wconf 76' lang='lat' dir='ltr'>Sextemascus</span> <span class='ocrx_word' id='word_1_97' title='bbox 901 2115 961 2148; x_wconf 92' lang='lat' dir='ltr'>cum</span> <span class='ocrx_word' id='word_1_98' title='bbox 989 2099 1035 2148; x_wconf 93' lang='lat' dir='ltr'>illo</span> 
     </span>
     <span class='ocr_line' id='line_1_17' title="bbox 240 2195 1035 2270; baseline -0.004 -16"><span class='ocrx_word' id='word_1_99' title='bbox 240 2205 327 2255; x_wconf 90' lang='lat' dir='ltr'>medio</span> <span class='ocrx_word' id='word_1_100' title='bbox 349 2203 421 2270; x_wconf 91' lang='lat' dir='ltr'>quod</span> <span class='ocrx_word' id='word_1_101' title='bbox 443 2203 477 2253; x_wconf 87' lang='lat' dir='ltr'>ad</span> <span class='ocrx_word' id='word_1_102' title='bbox 500 2202 594 2268; x_wconf 81' lang='lat' dir='ltr'>Sepeia</span> <span class='ocrx_word' id='word_1_103' title='bbox 617 2203 715 2252; x_wconf 90' lang='lat' dir='ltr'>dicitur</span> <span class='ocrx_word' id='word_1_104' title='bbox 736 2208 763 2253; x_wconf 89' lang='lat' dir='ltr'>et</span> <span class='ocrx_word' id='word_1_105' title='bbox 784 2195 881 2251; x_wconf 91' lang='lat' dir='ltr'>illam⁰</span> <span class='ocrx_word' id='word_1_106' title='bbox 908 2201 980 2267; x_wconf 90' lang='lat' dir='ltr'>quod</span> <span class='ocrx_word' id='word_1_107' title='bbox 1002 2202 1035 2251; x_wconf 91' lang='lat' dir='ltr'>ad</span> 
     </span>
     <span class='ocr_line' id='line_1_18' title="bbox 240 2290 1035 2375; baseline -0.004 -18"><span class='ocrx_word' id='word_1_108' title='bbox 240 2307 355 2358; x_wconf 81' lang='lat' dir='ltr'>hanella</span> <span class='ocrx_word' id='word_1_109' title='bbox 383 2302 504 2357; x_wconf 80' lang='lat' dir='ltr'>diciturp</span> <span class='ocrx_word' id='word_1_110' title='bbox 527 2324 574 2358; x_wconf 88' lang='lat' dir='ltr'>seu</span> <span class='ocrx_word' id='word_1_111' title='bbox 603 2315 629 2375; x_wconf 78' lang='lat' dir='ltr'>et</span> <span class='ocrx_word' id='word_1_112' title='bbox 660 2307 707 2356; x_wconf 88' lang='lat' dir='ltr'>illa</span> <span class='ocrx_word' id='word_1_113' title='bbox 730 2290 819 2354; x_wconf 82' lang='lat' dir='ltr'>vada</span> <span class='ocrx_word' id='word_1_114' title='bbox 841 2323 893 2372; x_wconf 79' lang='lat' dir='ltr'>quq</span> <span class='ocrx_word' id='word_1_115' title='bbox 924 2312 986 2356; x_wconf 86' lang='lat' dir='ltr'>suut</span> <span class='ocrx_word' id='word_1_116' title='bbox 1008 2307 1035 2355; x_wconf 92' lang='lat' dir='ltr'>in</span> 
     </span>
     <span class='ocr_line' id='line_1_19' title="bbox 242 2411 1035 2477; baseline -0.004 -16"><span class='ocrx_word' id='word_1_117' title='bbox 242 2412 323 2475; x_wconf 90' lang='lat' dir='ltr'>Pado,</span> <span class='ocrx_word' id='word_1_118' title='bbox 345 2411 473 2461; x_wconf 75' lang='lat' dir='ltr'>habentia</span> <span class='ocrx_word' id='word_1_119' title='bbox 494 2413 608 2477; x_wconf 84' lang='lat' dir='ltr'>priorem</span> <span class='ocrx_word' id='word_1_120' title='bbox 631 2413 771 2461; x_wconf 88' lang='lat' dir='ltr'>terminum</span> <span class='ocrx_word' id='word_1_121' title='bbox 795 2426 812 2460; x_wconf 95' lang='lat' dir='ltr'>a</span> <span class='ocrx_word' id='word_1_122' title='bbox 833 2411 892 2460; x_wconf 90' lang='lat' dir='ltr'>loco</span> <span class='ocrx_word' id='word_1_123' title='bbox 908 2411 953 2475; x_wconf 87' lang='lat' dir='ltr'>qui</span> <span class='ocrx_word' id='word_1_124' title='bbox 969 2425 1035 2458; x_wconf 90' lang='lat' dir='ltr'>nun-</span> 
     </span>
     <span class='ocr_line' id='line_1_20' title="bbox 241 2513 1035 2581; baseline -0.005 -16"><span class='ocrx_word' id='word_1_125' title='bbox 241 2520 354 2580; x_wconf 91' lang='lat' dir='ltr'>cupatur</span> <span class='ocrx_word' id='word_1_126' title='bbox 381 2514 485 2579; x_wconf 86' lang='lat' dir='ltr'>Popula</span> <span class='ocrx_word' id='word_1_127' title='bbox 516 2515 625 2581; x_wconf 88' lang='lat' dir='ltr'>Pagana</span> <span class='ocrx_word' id='word_1_128' title='bbox 653 2522 679 2565; x_wconf 92' lang='lat' dir='ltr'>et</span> <span class='ocrx_word' id='word_1_129' title='bbox 708 2515 861 2580; x_wconf 84' lang='lat' dir='ltr'>pertingens</span> <span class='ocrx_word' id='word_1_130' title='bbox 890 2530 974 2579; x_wconf 90' lang='lat' dir='ltr'>usque</span> <span class='ocrx_word' id='word_1_131' title='bbox 1002 2513 1035 2562; x_wconf 88' lang='lat' dir='ltr'>ad</span> 
     </span>
     <span class='ocr_line' id='line_1_21' title="bbox 240 2616 1036 2682; baseline 0 -15"><span class='ocrx_word' id='word_1_132' title='bbox 240 2617 328 2667; x_wconf 93' lang='lat' dir='ltr'>locum</span> <span class='ocrx_word' id='word_1_133' title='bbox 354 2618 401 2682; x_wconf 87' lang='lat' dir='ltr'>qui</span> <span class='ocrx_word' id='word_1_134' title='bbox 430 2616 527 2666; x_wconf 89' lang='lat' dir='ltr'>dicitur</span> <span class='ocrx_word' id='word_1_135' title='bbox 556 2617 644 2681; x_wconf 86' lang='lat' dir='ltr'>Caput</span> <span class='ocrx_word' id='word_1_136' title='bbox 672 2617 734 2678; x_wconf 83' lang='lat' dir='ltr'>ssi,</span> <span class='ocrx_word' id='word_1_137' title='bbox 765 2632 797 2666; x_wconf 81' lang='lat' dir='ltr'>ex</span> <span class='ocrx_word' id='word_1_138' title='bbox 827 2623 938 2682; x_wconf 87' lang='lat' dir='ltr'>utraque</span> <span class='ocrx_word' id='word_1_139' title='bbox 961 2621 1036 2681; x_wconf 87' lang='lat' dir='ltr'>parte</span> 
     </span>
     <span class='ocr_line' id='line_1_22' title="bbox 241 2720 1036 2786; baseline 0.001 -17"><span class='ocrx_word' id='word_1_140' title='bbox 241 2720 307 2769; x_wconf 90' lang='lat' dir='ltr'>Padi</span> <span class='ocrx_word' id='word_1_141' title='bbox 330 2737 390 2771; x_wconf 86' lang='lat' dir='ltr'>cum</span> <span class='ocrx_word' id='word_1_142' title='bbox 413 2720 508 2769; x_wconf 91' lang='lat' dir='ltr'>insulis</span> <span class='ocrx_word' id='word_1_143' title='bbox 530 2721 624 2784; x_wconf 89' lang='lat' dir='ltr'>positis</span> <span class='ocrx_word' id='word_1_144' title='bbox 647 2722 722 2770; x_wconf 86' lang='lat' dir='ltr'>iuxta</span> <span class='ocrx_word' id='word_1_145' title='bbox 744 2721 890 2785; x_wconf 73' lang='lat' dir='ltr'>predictam</span> <span class='ocrx_word' id='word_1_146' title='bbox 914 2722 1036 2786; x_wconf 86' lang='lat' dir='ltr'>piscatio·</span> 
     </span>
     <span class='ocr_line' id='line_1_23' title="bbox 241 2823 1036 2890; baseline 0 -17"><span class='ocrx_word' id='word_1_147' title='bbox 241 2838 300 2874; x_wconf 88' lang='lat' dir='ltr'>nem</span> <span class='ocrx_word' id='word_1_148' title='bbox 323 2824 365 2875; x_wconf 90' lang='lat' dir='ltr'>vel</span> <span class='ocrx_word' id='word_1_149' title='bbox 388 2823 515 2889; x_wconf 86' lang='lat' dir='ltr'>quicquid</span> <span class='ocrx_word' id='word_1_150' title='bbox 537 2824 570 2873; x_wconf 88' lang='lat' dir='ltr'>ab</span> <span class='ocrx_word' id='word_1_151' title='bbox 586 2826 696 2889; x_wconf 89' lang='lat' dir='ltr'>antiquo</span> <span class='ocrx_word' id='word_1_152' title='bbox 711 2829 829 2890; x_wconf 85' lang='lat' dir='ltr'>temporo</span> <span class='ocrx_word' id='word_1_153' title='bbox 848 2841 894 2875; x_wconf 89' lang='lat' dir='ltr'>seu</span> <span class='ocrx_word' id='word_1_154' title='bbox 911 2825 1036 2875; x_wconf 88' lang='lat' dir='ltr'>moderno</span> 
     </span>
     <span class='ocr_line' id='line_1_24' title="bbox 240 2914 1037 2993; baseline 0 -18"><span class='ocrx_word' id='word_1_155' title='bbox 240 2926 310 2977; x_wconf 88' lang='lat' dir='ltr'>idem</span> <span class='ocrx_word' id='word_1_156' title='bbox 332 2927 520 2977; x_wconf 87' lang='lat' dir='ltr'>monasterium</span> <span class='ocrx_word' id='word_1_157' title='bbox 540 2942 587 2991; x_wconf 91' lang='lat' dir='ltr'>per</span> <span class='ocrx_word' id='word_1_158' title='bbox 601 2928 770 2992; x_wconf 89' lang='lat' dir='ltr'>antiquorum</span> <span class='ocrx_word' id='word_1_159' title='bbox 786 2944 877 2993; x_wconf 83' lang='lat' dir='ltr'>regum</span> <span class='ocrx_word' id='word_1_160' title='bbox 900 2936 957 2977; x_wconf 84' lang='lat' dir='ltr'>seu</span> <span class='ocrx_word' id='word_1_161' title='bbox 979 2914 1037 2976; x_wconf 83' lang='lat' dir='ltr'>lm·</span> 
     </span>
     <span class='ocr_line' id='line_1_25' title="bbox 241 3014 1037 3101; baseline 0.001 -21"><span class='ocrx_word' id='word_1_162' title='bbox 241 3025 427 3101; x_wconf 66' lang='lat' dir='ltr'>peritiorum</span> <span class='ocrx_word' id='word_1_163' title='bbox 458 3014 693 3080; x_wconf 71' lang='lat' dir='ltr'>donationem‘l</span> <span class='ocrx_word' id='word_1_164' title='bbox 727 3033 842 3096; x_wconf 78' lang='lat' dir='ltr'>optinuit</span> <span class='ocrx_word' id='word_1_165' title='bbox 872 3031 915 3080; x_wconf 90' lang='lat' dir='ltr'>vel</span> <span class='ocrx_word' id='word_1_166' title='bbox 948 3031 1037 3081; x_wconf 83' lang='lat' dir='ltr'>Padus</span> 
     </span>
     <span class='ocr_line' id='line_1_26' title="bbox 241 3130 1037 3200; baseline -0.001 -17"><span class='ocrx_word' id='word_1_167' title='bbox 241 3135 339 3183; x_wconf 87' lang='lat' dir='ltr'>invasit</span> <span class='ocrx_word' id='word_1_168' title='bbox 361 3140 408 3184; x_wconf 91' lang='lat' dir='ltr'>aut</span> <span class='ocrx_word' id='word_1_169' title='bbox 429 3135 457 3182; x_wconf 91' lang='lat' dir='ltr'>in</span> <span class='ocrx_word' id='word_1_170' title='bbox 480 3133 598 3184; x_wconf 79' lang='lat' dir='ltr'>tritarum</span> <span class='ocrx_word' id='word_1_171' title='bbox 621 3130 779 3200; x_wconf 82' lang='lat' dir='ltr'>imruperit¹</span> <span class='ocrx_word' id='word_1_172' title='bbox 809 3135 842 3184; x_wconf 93' lang='lat' dir='ltr'>de</span> <span class='ocrx_word' id='word_1_173' title='bbox 864 3136 977 3198; x_wconf 88' lang='lat' dir='ltr'>propriis</span> <span class='ocrx_word' id='word_1_174' title='bbox 1000 3136 1037 3198; x_wconf 91' lang='lat' dir='ltr'>ip-</span> 
     </span>
     <span class='ocr_line' id='line_1_27' title="bbox 241 3222 1038 3301; baseline 0.001 -15"><span class='ocrx_word' id='word_1_175' title='bbox 241 3239 297 3288; x_wconf 87' lang='lat' dir='ltr'>sius</span> <span class='ocrx_word' id='word_1_176' title='bbox 319 3240 470 3287; x_wconf 89' lang='lat' dir='ltr'>monasterii</span> <span class='ocrx_word' id='word_1_177' title='bbox 492 3223 547 3287; x_wconf 81' lang='lat' dir='ltr'>vel</span> <span class='ocrx_word' id='word_1_178' title='bbox 562 3223 701 3287; x_wconf 72' lang='lat' dir='ltr'>allorum</span> <span class='ocrx_word' id='word_1_179' title='bbox 716 3222 823 3287; x_wconf 80' lang='lat' dir='ltr'>rebus.</span> <span class='ocrx_word' id='word_1_180' title='bbox 858 3238 1038 3301; x_wconf 85' lang='lat' dir='ltr'>Preeipieutes</span> 
     </span>
     <span class='ocr_line' id='line_1_28' title="bbox 241 3327 1038 3406; baseline -0.001 -15"><span class='ocrx_word' id='word_1_181' title='bbox 241 3355 303 3406; x_wconf 88' lang='lat' dir='ltr'>ergo</span> <span class='ocrx_word' id='word_1_182' title='bbox 327 3342 449 3391; x_wconf 89' lang='lat' dir='ltr'>iubemus</span> <span class='ocrx_word' id='word_1_183' title='bbox 463 3357 479 3388; x_wconf 74' lang='lat' dir='ltr'>s</span> <span class='ocrx_word' id='word_1_184' title='bbox 495 3346 547 3390; x_wconf 85' lang='lat' dir='ltr'>tam</span> <span class='ocrx_word' id='word_1_185' title='bbox 570 3342 738 3405; x_wconf 74' lang='lat' dir='ltr'>presentibus</span> <span class='ocrx_word' id='word_1_186' title='bbox 761 3357 892 3406; x_wconf 89' lang='lat' dir='ltr'>quamque</span> <span class='ocrx_word' id='word_1_187' title='bbox 907 3336 939 3389; x_wconf 77' lang='lat' dir='ltr'>et</span> <span class='ocrx_word' id='word_1_188' title='bbox 953 3327 1038 3391; x_wconf 80' lang='lat' dir='ltr'>lutu-</span> 
     </span>
     <span class='ocr_line' id='line_1_29' title="bbox 240 3429 1039 3511; baseline 0.001 -19"><span class='ocrx_word' id='word_1_189' title='bbox 240 3431 295 3511; x_wconf 76' lang='lat' dir='ltr'>rlS,</span> <span class='ocrx_word' id='word_1_190' title='bbox 319 3451 349 3494; x_wconf 92' lang='lat' dir='ltr'>ut</span> <span class='ocrx_word' id='word_1_191' title='bbox 370 3439 462 3509; x_wconf 78' lang='lat' dir='ltr'>parti⁸</span> <span class='ocrx_word' id='word_1_192' title='bbox 490 3444 601 3509; x_wconf 88' lang='lat' dir='ltr'>predicti</span> <span class='ocrx_word' id='word_1_193' title='bbox 624 3429 774 3493; x_wconf 76' lang='lat' dir='ltr'>coenobii</span> <span class='ocrx_word' id='word_1_194' title='bbox 799 3444 830 3494; x_wconf 88' lang='lat' dir='ltr'>de</span> <span class='ocrx_word' id='word_1_195' title='bbox 852 3445 894 3494; x_wconf 91' lang='lat' dir='ltr'>bis</span> <span class='ocrx_word' id='word_1_196' title='bbox 916 3446 1039 3493; x_wconf 88' lang='lat' dir='ltr'>omuibus</span> 
     </span>
     <span class='ocr_line' id='line_1_30' title="bbox 242 3547 1040 3615; baseline 0.005 -18"><span class='ocrx_word' id='word_1_197' title='bbox 242 3567 293 3615; x_wconf 81' lang='lat' dir='ltr'>quq</span> <span class='ocrx_word' id='word_1_198' title='bbox 324 3566 405 3614; x_wconf 89' lang='lat' dir='ltr'>supra</span> <span class='ocrx_word' id='word_1_199' title='bbox 434 3564 450 3599; x_wconf 95' lang='lat' dir='ltr'>a</span> <span class='ocrx_word' id='word_1_200' title='bbox 479 3549 555 3596; x_wconf 90' lang='lat' dir='ltr'>nobis</span> <span class='ocrx_word' id='word_1_201' title='bbox 591 3563 717 3597; x_wconf 77' lang='lat' dir='ltr'>coricessa</span> <span class='ocrx_word' id='word_1_202' title='bbox 739 3553 765 3597; x_wconf 86' lang='lat' dir='ltr'>et</span> <span class='ocrx_word' id='word_1_203' title='bbox 787 3547 940 3597; x_wconf 85' lang='lat' dir='ltr'>confirmata</span> <span class='ocrx_word' id='word_1_204' title='bbox 970 3556 1040 3601; x_wconf 70' lang='lat' dir='ltr'>simts</span> 
     </span>
     <span class='ocr_line' id='line_1_31' title="bbox 242 3651 1038 3717; baseline 0.005 -18"><span class='ocrx_word' id='word_1_205' title='bbox 242 3653 360 3717; x_wconf 77' lang='lat' dir='ltr'>‹porlibct</span> <span class='ocrx_word' id='word_1_206' title='bbox 376 3659 493 3717; x_wconf 86' lang='lat' dir='ltr'>tempore</span> <span class='ocrx_word' id='word_1_207' title='bbox 510 3651 609 3700; x_wconf 87' lang='lat' dir='ltr'>unllam</span> <span class='ocrx_word' id='word_1_208' title='bbox 625 3658 760 3716; x_wconf 79' lang='lat' dir='ltr'>presumat</span> <span class='ocrx_word' id='word_1_209' title='bbox 777 3653 872 3701; x_wconf 87' lang='lat' dir='ltr'>inferro</span> <span class='ocrx_word' id='word_1_210' title='bbox 891 3654 1038 3704; x_wconf 78' lang='lat' dir='ltr'>molestiam</span> 
     </span>
     <span class='ocr_line' id='line_1_32' title="bbox 242 3754 1037 3819; baseline 0.003 -15"><span class='ocrx_word' id='word_1_211' title='bbox 242 3761 288 3804; x_wconf 87' lang='lat' dir='ltr'>aot</span> <span class='ocrx_word' id='word_1_212' title='bbox 311 3757 530 3817; x_wconf 73' lang='lat' dir='ltr'>contrarietatem,</span> <span class='ocrx_word' id='word_1_213' title='bbox 554 3754 600 3804; x_wconf 85' lang='lat' dir='ltr'>sed</span> <span class='ocrx_word' id='word_1_214' title='bbox 623 3756 672 3805; x_wconf 90' lang='lat' dir='ltr'>suh</span> <span class='ocrx_word' id='word_1_215' title='bbox 696 3756 766 3804; x_wconf 91' lang='lat' dir='ltr'>omni</span> <span class='ocrx_word' id='word_1_216' title='bbox 789 3757 939 3819; x_wconf 84' lang='lat' dir='ltr'>integritate</span> <span class='ocrx_word' id='word_1_217' title='bbox 960 3759 1037 3807; x_wconf 89' lang='lat' dir='ltr'>sicuti</span> 
     </span>
     <span class='ocr_line' id='line_1_33' title="bbox 243 3857 1037 3923; baseline 0.004 -17"><span class='ocrx_word' id='word_1_218' title='bbox 243 3873 259 3906; x_wconf 85' lang='lat' dir='ltr'>a</span> <span class='ocrx_word' id='word_1_219' title='bbox 282 3859 358 3905; x_wconf 89' lang='lat' dir='ltr'>nobis</span> <span class='ocrx_word' id='word_1_220' title='bbox 381 3873 507 3908; x_wconf 82' lang='lat' dir='ltr'>coricessa</span> <span class='ocrx_word' id='word_1_221' title='bbox 529 3863 555 3909; x_wconf 88' lang='lat' dir='ltr'>et</span> <span class='ocrx_word' id='word_1_222' title='bbox 577 3857 731 3909; x_wconf 86' lang='lat' dir='ltr'>confirmata</span> <span class='ocrx_word' id='word_1_223' title='bbox 753 3865 814 3909; x_wconf 90' lang='lat' dir='ltr'>sunt</span> <span class='ocrx_word' id='word_1_224' title='bbox 836 3859 1003 3923; x_wconf 81' lang='lat' dir='ltr'>perhenniter</span> <span class='ocrx_word' id='word_1_225' title='bbox 1021 3877 1037 3908; x_wconf 77' lang='lat' dir='ltr'>a</span> 
     </span>
     <span class='ocr_line' id='line_1_34' title="bbox 243 3949 1037 4028; baseline 0.005 -19"><span class='ocrx_word' id='word_1_226' title='bbox 243 3960 277 4009; x_wconf 86' lang='lat' dir='ltr'>ad</span> <span class='ocrx_word' id='word_1_227' title='bbox 300 3961 441 4010; x_wconf 77' lang='lat' dir='ltr'>utilitatem</span> <span class='ocrx_word' id='word_1_228' title='bbox 464 3962 547 4025; x_wconf 86' lang='lat' dir='ltr'>ipsius</span> <span class='ocrx_word' id='word_1_229' title='bbox 569 3963 720 4012; x_wconf 88' lang='lat' dir='ltr'>monasterii</span> <span class='ocrx_word' id='word_1_230' title='bbox 739 3949 806 4011; x_wconf 78' lang='lat' dir='ltr'>8an</span> <span class='ocrx_word' id='word_1_231' title='bbox 823 3963 913 4028; x_wconf 91' lang='lat' dir='ltr'>aliqua</span> <span class='ocrx_word' id='word_1_232' title='bbox 928 3962 1037 4013; x_wconf 90' lang='lat' dir='ltr'>dimino-</span> 
     </span>
     <span class='ocr_line' id='line_1_35' title="bbox 244 4047 1038 4135; baseline 0.003 -22"><span class='ocrx_word' id='word_1_233' title='bbox 244 4064 345 4114; x_wconf 78' lang='lat' dir='ltr'>ratione</span> <span class='ocrx_word' id='word_1_234' title='bbox 361 4065 518 4128; x_wconf 78' lang='lat' dir='ltr'>pertineant.</span> <span class='ocrx_word' id='word_1_235' title='bbox 545 4047 579 4113; x_wconf 85' lang='lat' dir='ltr'>si</span> <span class='ocrx_word' id='word_1_236' title='bbox 597 4052 668 4135; x_wconf 90' lang='lat' dir='ltr'>quis</span> <span class='ocrx_word' id='word_1_237' title='bbox 684 4051 782 4134; x_wconf 82' lang='lat' dir='ltr'>igitur</span> <span class='ocrx_word' id='word_1_238' title='bbox 796 4050 891 4114; x_wconf 90' lang='lat' dir='ltr'>huius</span> <span class='ocrx_word' id='word_1_239' title='bbox 906 4059 1038 4115; x_wconf 89' lang='lat' dir='ltr'>nostrae</span> 
     </span>
     <span class='ocr_line' id='line_1_36' title="bbox 244 4152 1038 4219; baseline 0.004 -3"><span class='ocrx_word' id='word_1_240' title='bbox 244 4152 430 4216; x_wconf 91' lang='lat' dir='ltr'>donationis</span> <span class='ocrx_word' id='word_1_241' title='bbox 465 4152 679 4218; x_wconf 84' lang='lat' dir='ltr'>ordinationis</span> <span class='ocrx_word' id='word_1_242' title='bbox 716 4163 748 4218; x_wconf 90' lang='lat' dir='ltr'>ct</span> <span class='ocrx_word' id='word_1_243' title='bbox 781 4153 1038 4219; x_wconf 87' lang='lat' dir='ltr'>confirmationis</span> 
     </span>
     <span class='ocr_line' id='line_1_37' title="bbox 244 4256 1038 4345; baseline 0.005 -25"><span class='ocrx_word' id='word_1_244' title='bbox 244 4256 384 4321; x_wconf 92' lang='lat' dir='ltr'>violator</span> <span class='ocrx_word' id='word_1_245' title='bbox 406 4256 593 4342; x_wconf 77' lang='lat' dir='ltr'>extlitlerit,</span> <span class='ocrx_word' id='word_1_246' title='bbox 620 4261 703 4323; x_wconf 86' lang='lat' dir='ltr'>sciat</span> <span class='ocrx_word' id='word_1_247' title='bbox 726 4281 760 4323; x_wconf 91' lang='lat' dir='ltr'>se</span> <span class='ocrx_word' id='word_1_248' title='bbox 782 4260 1038 4345; x_wconf 84' lang='lat' dir='ltr'>compositurum</span> 
     </span>
     <span class='ocr_line' id='line_1_38' title="bbox 244 4360 1039 4446; baseline 0.005 -22"><span class='ocrx_word' id='word_1_249' title='bbox 244 4361 314 4425; x_wconf 78' lang='lat' dir='ltr'>ariri</span> <span class='ocrx_word' id='word_1_250' title='bbox 345 4360 457 4446; x_wconf 91' lang='lat' dir='ltr'>optimi</span> <span class='ocrx_word' id='word_1_251' title='bbox 486 4360 587 4426; x_wconf 89' lang='lat' dir='ltr'>libras</span> <span class='ocrx_word' id='word_1_252' title='bbox 616 4361 719 4440; x_wconf 90' lang='lat' dir='ltr'>mille,</span> <span class='ocrx_word' id='word_1_253' title='bbox 749 4361 955 4427; x_wconf 89' lang='lat' dir='ltr'>medietatem</span> <span class='ocrx_word' id='word_1_254' title='bbox 980 4364 1039 4428; x_wconf 80' lang='lat' dir='ltr'>lra-</span> 
     </span>
     <span class='ocr_line' id='line_1_39' title="bbox 244 4464 1040 4551; baseline 0.004 -24"><span class='ocrx_word' id='word_1_255' title='bbox 244 4485 330 4548; x_wconf 77' lang='lat' dir='ltr'>mcrq</span> <span class='ocrx_word' id='word_1_256' title='bbox 364 4473 474 4551; x_wconf 73' lang='lat' dir='ltr'>nostre</span> <span class='ocrx_word' id='word_1_257' title='bbox 512 4465 696 4551; x_wconf 85' lang='lat' dir='ltr'>nostrisque</span> <span class='ocrx_word' id='word_1_258' title='bbox 730 4464 974 4531; x_wconf 82' lang='lat' dir='ltr'>suecessoribus</span> <span class='ocrx_word' id='word_1_259' title='bbox 1008 4476 1040 4530; x_wconf 91' lang='lat' dir='ltr'>et</span> 
     </span>
     <span class='ocr_line' id='line_1_40' title="bbox 244 4566 1039 4653; baseline 0.005 -24"><span class='ocrx_word' id='word_1_260' title='bbox 244 4566 450 4632; x_wconf 87' lang='lat' dir='ltr'>medietatem</span> <span class='ocrx_word' id='word_1_261' title='bbox 473 4568 620 4653; x_wconf 83' lang='lat' dir='ltr'>predicto</span> <span class='ocrx_word' id='word_1_262' title='bbox 644 4568 819 4650; x_wconf 84' lang='lat' dir='ltr'>coenobio,</span> <span class='ocrx_word' id='word_1_263' title='bbox 844 4579 876 4632; x_wconf 87' lang='lat' dir='ltr'>ot</span> <span class='ocrx_word' id='word_1_264' title='bbox 898 4569 949 4633; x_wconf 89' lang='lat' dir='ltr'>dci</span> <span class='ocrx_word' id='word_1_265' title='bbox 973 4592 1039 4633; x_wconf 92' lang='lat' dir='ltr'>ma·</span> 
     </span>
     <span class='ocr_line' id='line_1_41' title="bbox 244 4668 1039 4755; baseline 0.004 -22"><span class='ocrx_word' id='word_1_266' title='bbox 244 4668 450 4735; x_wconf 88' lang='lat' dir='ltr'>lcdiotioncm</span> <span class='ocrx_word' id='word_1_267' title='bbox 464 4680 660 4755; x_wconf 86' lang='lat' dir='ltr'>sanctaeque</span> <span class='ocrx_word' id='word_1_268' title='bbox 673 4669 724 4734; x_wconf 89' lang='lat' dir='ltr'>dei</span> <span class='ocrx_word' id='word_1_269' title='bbox 737 4673 902 4753; x_wconf 86' lang='lat' dir='ltr'>genitricis</span> <span class='ocrx_word' id='word_1_270' title='bbox 914 4672 1039 4736; x_wconf 86' lang='lat' dir='ltr'>Mariae</span> 
     </span>
     <span class='ocr_line' id='line_1_42' title="bbox 244 4771 1037 4858; baseline 0.004 -22"><span class='ocrx_word' id='word_1_271' title='bbox 244 4783 276 4837; x_wconf 90' lang='lat' dir='ltr'>et</span> <span class='ocrx_word' id='word_1_272' title='bbox 303 4771 391 4838; x_wconf 88' lang='lat' dir='ltr'>beati</span> <span class='ocrx_word' id='word_1_273' title='bbox 419 4773 607 4858; x_wconf 84' lang='lat' dir='ltr'>archangeli</span> <span class='ocrx_word' id='word_1_274' title='bbox 634 4772 804 4837; x_wconf 85' lang='lat' dir='ltr'>Michaelis</span> <span class='ocrx_word' id='word_1_275' title='bbox 833 4784 865 4838; x_wconf 87' lang='lat' dir='ltr'>et</span> <span class='ocrx_word' id='word_1_276' title='bbox 894 4776 1037 4841; x_wconf 89' lang='lat' dir='ltr'>omnium</span> 
     </span>
     <span class='ocr_line' id='line_1_43' title="bbox 244 4877 1039 4964; baseline 0.001 -23"><span class='ocrx_word' id='word_1_277' title='bbox 244 4878 435 4962; x_wconf 81' lang='lat' dir='ltr'>angolorum</span> <span class='ocrx_word' id='word_1_278' title='bbox 458 4888 490 4943; x_wconf 90' lang='lat' dir='ltr'>et</span> <span class='ocrx_word' id='word_1_279' title='bbox 511 4878 599 4943; x_wconf 88' lang='lat' dir='ltr'>beati</span> <span class='ocrx_word' id='word_1_280' title='bbox 621 4877 708 4941; x_wconf 87' lang='lat' dir='ltr'>Petri</span> <span class='ocrx_word' id='word_1_281' title='bbox 731 4878 886 4964; x_wconf 90' lang='lat' dir='ltr'>principis</span> <span class='ocrx_word' id='word_1_282' title='bbox 910 4888 1039 4962; x_wconf 89' lang='lat' dir='ltr'>aposto·</span> 
     </span>
     <span class='ocr_line' id='line_1_44' title="bbox 245 4980 1039 5047; baseline 0.003 -2"><span class='ocrx_word' id='word_1_283' title='bbox 245 4981 349 5046; x_wconf 92' lang='lat' dir='ltr'>lorum</span> <span class='ocrx_word' id='word_1_284' title='bbox 366 4991 398 5046; x_wconf 90' lang='lat' dir='ltr'>ot</span> <span class='ocrx_word' id='word_1_285' title='bbox 413 4983 557 5047; x_wconf 88' lang='lat' dir='ltr'>omnium</span> <span class='ocrx_word' id='word_1_286' title='bbox 573 4991 760 5046; x_wconf 88' lang='lat' dir='ltr'>sanctorum</span> <span class='ocrx_word' id='word_1_287' title='bbox 775 4980 895 5046; x_wconf 89' lang='lat' dir='ltr'>habeat</span> <span class='ocrx_word' id='word_1_288' title='bbox 917 4992 1039 5047; x_wconf 88' lang='lat' dir='ltr'>etcum</span> 
     </span>
     <span class='ocr_line' id='line_1_45' title="bbox 245 5083 1038 5171; baseline 0.001 -23"><span class='ocrx_word' id='word_1_289' title='bbox 245 5084 327 5149; x_wconf 89' lang='lat' dir='ltr'>Iuda</span> <span class='ocrx_word' id='word_1_290' title='bbox 357 5085 512 5150; x_wconf 87' lang='lat' dir='ltr'>traditore</span> <span class='ocrx_word' id='word_1_291' title='bbox 541 5087 730 5171; x_wconf 88' lang='lat' dir='ltr'>porcionem</span> <span class='ocrx_word' id='word_1_292' title='bbox 752 5087 902 5170; x_wconf 82' lang='lat' dir='ltr'>accipiat.</span> <span class='ocrx_word' id='word_1_293' title='bbox 941 5083 1038 5163; x_wconf 80' lang='lat' dir='ltr'>Quod</span> 
     </span>
     <span class='ocr_line' id='line_1_46' title="bbox 271 5236 1037 5305; baseline -0.004 -15"><span class='ocrx_word' id='word_1_294' title='bbox 271 5236 344 5291; x_wconf 72' lang='lat' dir='ltr'>2ll0.</span> <span class='ocrx_word' id='word_1_295' title='bbox 363 5239 398 5304; x_wconf 89' lang='lat' dir='ltr'>m)</span> <span class='ocrx_word' id='word_1_296' title='bbox 411 5256 477 5290; x_wconf 66' lang='lat' dir='ltr'>eor-r.</span> <span class='ocrx_word' id='word_1_297' title='bbox 490 5256 537 5289; x_wconf 77' lang='lat' dir='ltr'>erre</span> <span class='ocrx_word' id='word_1_298' title='bbox 549 5242 618 5305; x_wconf 72' lang='lat' dir='ltr'>iuste</span> <span class='ocrx_word' id='word_1_299' title='bbox 687 5241 714 5298; x_wconf 91' lang='lat' dir='ltr'>n)</span> <span class='ocrx_word' id='word_1_300' title='bbox 728 5255 774 5304; x_wconf 74' lang='lat' dir='ltr'>nrq</span> <span class='ocrx_word' id='word_1_301' title='bbox 787 5237 852 5288; x_wconf 70' lang='lat' dir='ltr'>oleae</span> <span class='ocrx_word' id='word_1_302' title='bbox 861 5237 1037 5303; x_wconf 68' lang='lat' dir='ltr'>summope-</span> 
     </span>
     <span class='ocr_line' id='line_1_47' title="bbox 362 5306 1039 5372; baseline -0.003 -15"><span class='ocrx_word' id='word_1_303' title='bbox 362 5308 464 5359; x_wconf 77' lang='lat' dir='ltr'>aer&#39;elrea</span> <span class='ocrx_word' id='word_1_304' title='bbox 528 5312 553 5369; x_wconf 83' lang='grc' dir='ltr'>ο)</span> <span class='ocrx_word' id='word_1_305' title='bbox 566 5306 750 5372; x_wconf 69' lang='lat' dir='ltr'>oreprdapb&#39;els</span> <span class='ocrx_word' id='word_1_306' title='bbox 769 5307 823 5368; x_wconf 92' lang='lat' dir='ltr'>illo,</span> <span class='ocrx_word' id='word_1_307' title='bbox 841 5307 913 5358; x_wconf 74' lang='lat' dir='ltr'>donn</span> <span class='ocrx_word' id='word_1_308' title='bbox 931 5323 996 5356; x_wconf 79' lang='lat' dir='ltr'>corr.</span> <span class='ocrx_word' id='word_1_309' title='bbox 1010 5308 1039 5355; x_wconf 78' lang='lat' dir='ltr'>iu</span> 
     </span>
    </p>

    <p class='ocr_par' dir='ltr' id='par_1_3' title="bbox 363 5374 1039 5443">
     <span class='ocr_line' id='line_1_48' title="bbox 363 5374 1039 5443; baseline -0.001 -18"><span class='ocrx_word' id='word_1_310' title='bbox 363 5376 411 5427; x_wconf 78' lang='lat' dir='ltr'>illa</span> <span class='ocrx_word' id='word_1_311' title='bbox 480 5378 507 5443; x_wconf 90' lang='lat' dir='ltr'>p)</span> <span class='ocrx_word' id='word_1_312' title='bbox 525 5380 581 5427; x_wconf 77' lang='lat' dir='ltr'>etue</span> <span class='ocrx_word' id='word_1_313' title='bbox 599 5375 680 5426; x_wconf 78' lang='lat' dir='ltr'>Haud</span> <span class='ocrx_word' id='word_1_314' title='bbox 697 5374 742 5425; x_wconf 79' lang='lat' dir='ltr'>des</span> <span class='ocrx_word' id='word_1_315' title='bbox 759 5378 800 5426; x_wconf 82' lang='lat'>12.</span> <span class='ocrx_word' id='word_1_316' title='bbox 817 5375 862 5425; x_wconf 82' lang='lat' dir='ltr'>Jlr.</span> <span class='ocrx_word' id='word_1_317' title='bbox 882 5374 958 5440; x_wconf 73' lang='lat' dir='ltr'>fllpte</span> <span class='ocrx_word' id='word_1_318' title='bbox 977 5375 1039 5425; x_wconf 70' lang='lat' dir='ltr'>siber</span> 
     </span>
    </p>

    <p class='ocr_par' dir='ltr' id='par_1_4' title="bbox 363 5444 1040 5509">
     <span class='ocr_line' id='line_1_49' title="bbox 363 5444 1040 5509; baseline -0.004 -13"><span class='ocrx_word' id='word_1_319' title='bbox 363 5445 410 5495; x_wconf 78' lang='lat' dir='ltr'>der</span> <span class='ocrx_word' id='word_1_320' title='bbox 433 5445 502 5495; x_wconf 72' lang='lat' dir='ltr'>Zeila</span> <span class='ocrx_word' id='word_1_321' title='bbox 527 5447 604 5496; x_wconf 73' lang='lat' dir='ltr'>ausu</span> <span class='ocrx_word' id='word_1_322' title='bbox 629 5447 657 5495; x_wconf 89' lang='lat' dir='ltr'>in</span> <span class='ocrx_word' id='word_1_323' title='bbox 675 5446 795 5495; x_wconf 86' lang='lat' dir='ltr'>Pobledo</span> <span class='ocrx_word' id='word_1_324' title='bbox 871 5446 898 5509; x_wconf 74' lang='lat' dir='ltr'>qt</span> <span class='ocrx_word' id='word_1_325' title='bbox 915 5444 977 5493; x_wconf 71' lang='lat' dir='ltr'>iiber</span> <span class='ocrx_word' id='word_1_326' title='bbox 994 5444 1040 5493; x_wconf 80' lang='lat' dir='ltr'>der</span> 
     </span>
    </p>

    <p class='ocr_par' dir='ltr' id='par_1_5' title="bbox 365 5512 1040 5578">
     <span class='ocr_line' id='line_1_50' title="bbox 365 5512 1040 5578; baseline -0.001 -16"><span class='ocrx_word' id='word_1_327' title='bbox 365 5513 434 5562; x_wconf 70' lang='lat' dir='ltr'>Zeila</span> <span class='ocrx_word' id='word_1_328' title='bbox 455 5513 641 5578; x_wconf 74' lang='lat' dir='ltr'>rraelrpetroqea</span> <span class='ocrx_word' id='word_1_329' title='bbox 727 5517 748 5575; x_wconf 92' lang='lat' dir='ltr'>r)</span> <span class='ocrx_word' id='word_1_330' title='bbox 768 5512 790 5563; x_wconf 77' lang='lat' dir='ltr'><em>A</em></span> <span class='ocrx_word' id='word_1_331' title='bbox 877 5516 900 5571; x_wconf 90' lang='lat' dir='ltr'>s)</span> <span class='ocrx_word' id='word_1_332' title='bbox 919 5514 1040 5562; x_wconf 90' lang='lat' dir='ltr'>iubemus</span> 
     </span>
    </p>

    <p class='ocr_par' dir='ltr' id='par_1_6' title="bbox 364 5582 1040 5633">
     <span class='ocr_line' id='line_1_51' title="bbox 364 5582 1040 5633; baseline 0.001 -3"><span class='ocrx_word' id='word_1_333' title='bbox 364 5589 395 5630; x_wconf 86' lang='lat' dir='ltr'>ut.</span> <span class='ocrx_word' id='word_1_334' title='bbox 413 5599 489 5632; x_wconf 88' lang='lat' dir='ltr'>nemo</span> <span class='ocrx_word' id='word_1_335' title='bbox 512 5600 544 5632; x_wconf 85' lang='lat' dir='ltr'>cx</span> <span class='ocrx_word' id='word_1_336' title='bbox 566 5583 689 5633; x_wconf 88' lang='lat' dir='ltr'>fidelibus</span> <span class='ocrx_word' id='word_1_337' title='bbox 713 5590 821 5633; x_wconf 88' lang='lat' dir='ltr'>sanotae</span> <span class='ocrx_word' id='word_1_338' title='bbox 844 5582 887 5631; x_wconf 87' lang='lat' dir='ltr'>dei</span> <span class='ocrx_word' id='word_1_339' title='bbox 911 5582 1040 5631; x_wconf 88' lang='lat' dir='ltr'>ccclesiae</span> 
     </span>
    </p>
   </div>
   <div class='ocr_carea' id='block_1_3' title="bbox 366 5650 1041 5785">
    <p class='ocr_par' dir='ltr' id='par_1_7' title="bbox 366 5650 1041 5785">
     <span class='ocr_line' id='line_1_52' title="bbox 371 5650 1041 5717; baseline 0 -18"><span class='ocrx_word' id='word_1_340' title='bbox 371 5650 501 5716; x_wconf 88' lang='lat' dir='ltr'>simulque</span> <span class='ocrx_word' id='word_1_341' title='bbox 519 5653 615 5702; x_wconf 87' lang='lat' dir='ltr'>nostris</span> <span class='ocrx_word' id='word_1_342' title='bbox 639 5657 692 5700; x_wconf 89' lang='lat' dir='ltr'>tam</span> <span class='ocrx_word' id='word_1_343' title='bbox 719 5651 884 5717; x_wconf 82' lang='lat' dir='ltr'>presentibus</span> <span class='ocrx_word' id='word_1_344' title='bbox 910 5665 1041 5715; x_wconf 89' lang='lat' dir='ltr'>quamque</span> 
     </span>
     <span class='ocr_line' id='line_1_53' title="bbox 366 5719 676 5785; baseline -0.003 -16"><span class='ocrx_word' id='word_1_345' title='bbox 366 5719 519 5770; x_wconf 73' lang='lat' dir='ltr'>absentibus</span> <span class='ocrx_word' id='word_1_346' title='bbox 537 5721 604 5785; x_wconf 85' lang='lat' dir='ltr'>parti</span> <span class='ocrx_word' id='word_1_347' title='bbox 621 5719 676 5769; x_wconf 88' lang='lat' dir='ltr'>VU.</span> 
     </span>
    </p>
   </div>
   <div class='ocr_carea' id='block_1_4' title="bbox 833 450 1281 509">
    <p class='ocr_par' dir='ltr' id='par_1_8' title="bbox 833 450 1281 509">
     <span class='ocr_line' id='line_1_54' title="bbox 833 450 1281 509; baseline -0.016 0"><span class='ocrx_word' id='word_1_348' title='bbox 833 450 1281 509; x_wconf 84' lang='lat' dir='ltr'>KAISERURKUNDEN.</span> 
     </span>
    </p>
   </div>
   <div class='ocr_carea' id='block_1_5' title="bbox 1087 632 1884 711">
    <p class='ocr_par' dir='ltr' id='par_1_9' title="bbox 1087 632 1884 711">
     <span class='ocr_line' id='line_1_55' title="bbox 1087 632 1884 711; baseline -0.008 -12"><span class='ocrx_word' id='word_1_349' title='bbox 1087 656 1127 699; x_wconf 84' lang='lat' dir='ltr'>tes</span> <span class='ocrx_word' id='word_1_350' title='bbox 1149 632 1242 711; x_wconf 79' lang='lat' dir='ltr'>duas,</span> <span class='ocrx_word' id='word_1_351' title='bbox 1270 662 1350 697; x_wconf 89' lang='lat' dir='ltr'>unam</span> <span class='ocrx_word' id='word_1_352' title='bbox 1372 662 1423 711; x_wconf 88' lang='lat' dir='ltr'>que</span> <span class='ocrx_word' id='word_1_353' title='bbox 1446 645 1576 710; x_wconf 85' lang='lat' dir='ltr'>Uirgouto</span> <span class='ocrx_word' id='word_1_354' title='bbox 1598 643 1734 694; x_wconf 69' lang='lat' dir='ltr'>«licitare</span> <span class='ocrx_word' id='word_1_355' title='bbox 1755 649 1783 693; x_wconf 87' lang='lat' dir='ltr'>et</span> <span class='ocrx_word' id='word_1_356' title='bbox 1804 642 1884 693; x_wconf 79' lang='lat' dir='ltr'>aliam</span> 
     </span>
    </p>
   </div>
   <div class='ocr_carea' id='block_1_6' title="bbox 1087 734 1885 820">
    <p class='ocr_par' dir='ltr' id='par_1_10' title="bbox 1087 734 1885 820">
     <span class='ocr_line' id='line_1_56' title="bbox 1087 734 1885 820; baseline -0.005 -19"><span class='ocrx_word' id='word_1_357' title='bbox 1087 746 1147 820; x_wconf 82' lang='lat' dir='ltr'>[qne</span> <span class='ocrx_word' id='word_1_358' title='bbox 1175 734 1312 817; x_wconf 66' lang='lat' dir='ltr'>Ouilllagt</span> <span class='ocrx_word' id='word_1_359' title='bbox 1337 758 1519 815; x_wconf 87' lang='lat' dir='ltr'>nuncupatur,</span> <span class='ocrx_word' id='word_1_360' title='bbox 1552 764 1613 799; x_wconf 90' lang='lat' dir='ltr'>cum</span> <span class='ocrx_word' id='word_1_361' title='bbox 1640 748 1765 798; x_wconf 89' lang='lat' dir='ltr'>omnibus</span> <span class='ocrx_word' id='word_1_362' title='bbox 1792 761 1885 797; x_wconf 80' lang='lat' dir='ltr'>earum</span> 
     </span>
    </p>
   </div>
   <div class='ocr_carea' id='block_1_7' title="bbox 1086 835 1939 4342">
    <p class='ocr_par' dir='ltr' id='par_1_11' title="bbox 1086 835 1939 4342">
     <span class='ocr_line' id='line_1_57' title="bbox 1087 835 1884 922; baseline -0.006 -18"><span class='ocrx_word' id='word_1_363' title='bbox 1087 859 1252 922; x_wconf 78' lang='lat' dir='ltr'>pertinentiis</span> <span class='ocrx_word' id='word_1_364' title='bbox 1280 862 1341 905; x_wconf 87' lang='lat' dir='ltr'>nee</span> <span class='ocrx_word' id='word_1_365' title='bbox 1369 861 1435 904; x_wconf 89' lang='lat' dir='ltr'>non</span> <span class='ocrx_word' id='word_1_366' title='bbox 1463 839 1565 904; x_wconf 89' lang='lat' dir='ltr'>servis</span> <span class='ocrx_word' id='word_1_367' title='bbox 1588 848 1621 901; x_wconf 89' lang='lat' dir='ltr'>et</span> <span class='ocrx_word' id='word_1_368' title='bbox 1648 835 1777 901; x_wconf 84' lang='lat' dir='ltr'>ancillis</span> <span class='ocrx_word' id='word_1_369' title='bbox 1806 851 1884 916; x_wconf 79' lang='lat' dir='ltr'>aquis</span> 
     </span>
     <span class='ocr_line' id='line_1_58' title="bbox 1087 953 1883 1024; baseline -0.01 -13"><span class='ocrx_word' id='word_1_370' title='bbox 1087 967 1113 1011; x_wconf 92' lang='lat' dir='ltr'>et</span> <span class='ocrx_word' id='word_1_371' title='bbox 1141 961 1332 1024; x_wconf 81' lang='lat' dir='ltr'>piscationibus</span> <span class='ocrx_word' id='word_1_372' title='bbox 1361 974 1409 1009; x_wconf 84' lang='lat' dir='ltr'>nee</span> <span class='ocrx_word' id='word_1_373' title='bbox 1437 974 1491 1008; x_wconf 89' lang='lat' dir='ltr'>nou</span> <span class='ocrx_word' id='word_1_374' title='bbox 1519 964 1546 1007; x_wconf 89' lang='lat' dir='ltr'>et</span> <span class='ocrx_word' id='word_1_375' title='bbox 1574 956 1643 1007; x_wconf 57' lang='lat' dir='ltr'>arada</span> <span class='ocrx_word' id='word_1_376' title='bbox 1670 955 1705 1005; x_wconf 86' lang='lat' dir='ltr'>ad</span> <span class='ocrx_word' id='word_1_377' title='bbox 1726 953 1883 1020; x_wconf 85' lang='lat' dir='ltr'>piscandum</span> 
     </span>
     <span class='ocr_line' id='line_1_59' title="bbox 1087 1052 1918 1129; baseline -0.01 -15"><span class='ocrx_word' id='word_1_378' title='bbox 1087 1080 1138 1129; x_wconf 79' lang='lat' dir='ltr'>quq</span> <span class='ocrx_word' id='word_1_379' title='bbox 1160 1071 1223 1113; x_wconf 88' lang='lat' dir='ltr'>sunt</span> <span class='ocrx_word' id='word_1_380' title='bbox 1244 1066 1271 1112; x_wconf 91' lang='lat' dir='ltr'>in</span> <span class='ocrx_word' id='word_1_381' title='bbox 1294 1063 1402 1124; x_wconf 87' lang='lat' dir='ltr'>Ticino,</span> <span class='ocrx_word' id='word_1_382' title='bbox 1430 1055 1465 1122; x_wconf 91' lang='lat' dir='ltr'>[id</span> <span class='ocrx_word' id='word_1_383' title='bbox 1488 1053 1536 1121; x_wconf 88' lang='lat' dir='ltr'>est]</span> <span class='ocrx_word' id='word_1_384' title='bbox 1559 1062 1586 1110; x_wconf 93' lang='lat' dir='ltr'>in</span> <span class='ocrx_word' id='word_1_385' title='bbox 1610 1062 1666 1109; x_wconf 82' lang='lat' dir='ltr'>rivo</span> <span class='ocrx_word' id='word_1_386' title='bbox 1688 1058 1799 1119; x_wconf 86' lang='lat' dir='ltr'>Poloni,</span> <span class='ocrx_word' id='word_1_387' title='bbox 1826 1052 1918 1107; x_wconf 75' lang='lat' dir='ltr'>sto-⁵</span> 
     </span>
     <span class='ocr_line' id='line_1_60' title="bbox 1087 1154 1884 1232; baseline -0.011 -14"><span class='ocrx_word' id='word_1_388' title='bbox 1087 1184 1162 1218; x_wconf 85' lang='lat' dir='ltr'>rasca</span> <span class='ocrx_word' id='word_1_389' title='bbox 1185 1160 1240 1227; x_wconf 87' lang='lat' dir='ltr'>[seu</span> <span class='ocrx_word' id='word_1_390' title='bbox 1256 1168 1353 1217; x_wconf 86' lang='lat' dir='ltr'>vadum</span> <span class='ocrx_word' id='word_1_391' title='bbox 1376 1166 1447 1232; x_wconf 87' lang='lat' dir='ltr'>quod</span> <span class='ocrx_word' id='word_1_392' title='bbox 1462 1166 1559 1216; x_wconf 87' lang='lat' dir='ltr'>dicitur</span> <span class='ocrx_word' id='word_1_393' title='bbox 1574 1154 1760 1224; x_wconf 84' lang='lat' dir='ltr'>Landenralrii,</span> <span class='ocrx_word' id='word_1_394' title='bbox 1782 1166 1884 1211; x_wconf 87' lang='lat' dir='ltr'>eostam</span> 
     </span>
     <span class='ocr_line' id='line_1_61' title="bbox 1086 1267 1885 1335; baseline -0.011 -13"><span class='ocrx_word' id='word_1_395' title='bbox 1086 1271 1250 1322; x_wconf 85' lang='lat' dir='ltr'>Teveredum</span> <span class='ocrx_word' id='word_1_396' title='bbox 1273 1278 1300 1321; x_wconf 93' lang='lat' dir='ltr'>et</span> <span class='ocrx_word' id='word_1_397' title='bbox 1322 1270 1388 1321; x_wconf 91' lang='lat' dir='ltr'>illud</span> <span class='ocrx_word' id='word_1_398' title='bbox 1410 1270 1481 1335; x_wconf 90' lang='lat' dir='ltr'>quod</span> <span class='ocrx_word' id='word_1_399' title='bbox 1504 1270 1601 1319; x_wconf 84' lang='lat' dir='ltr'>dieitur</span> <span class='ocrx_word' id='word_1_400' title='bbox 1617 1267 1801 1317; x_wconf 75' lang='lat' dir='ltr'>Sextemascm</span> <span class='ocrx_word' id='word_1_401' title='bbox 1823 1278 1885 1313; x_wconf 87' lang='lat' dir='ltr'>cum</span> 
     </span>
     <span class='ocr_line' id='line_1_62' title="bbox 1088 1368 1885 1440; baseline -0.01 -15"><span class='ocrx_word' id='word_1_402' title='bbox 1088 1377 1133 1426; x_wconf 92' lang='lat' dir='ltr'>illo</span> <span class='ocrx_word' id='word_1_403' title='bbox 1156 1376 1242 1426; x_wconf 88' lang='lat' dir='ltr'>medio</span> <span class='ocrx_word' id='word_1_404' title='bbox 1265 1375 1337 1440; x_wconf 87' lang='lat' dir='ltr'>quod</span> <span class='ocrx_word' id='word_1_405' title='bbox 1352 1374 1428 1439; x_wconf 86' lang='lat' dir='ltr'>Sepia</span> <span class='ocrx_word' id='word_1_406' title='bbox 1450 1374 1547 1423; x_wconf 87' lang='lat' dir='ltr'>dicitur</span> <span class='ocrx_word' id='word_1_407' title='bbox 1569 1380 1595 1422; x_wconf 89' lang='lat' dir='ltr'>et</span> <span class='ocrx_word' id='word_1_408' title='bbox 1611 1370 1677 1420; x_wconf 90' lang='lat' dir='ltr'>illud</span> <span class='ocrx_word' id='word_1_409' title='bbox 1699 1368 1772 1434; x_wconf 88' lang='lat' dir='ltr'>quod</span> <span class='ocrx_word' id='word_1_410' title='bbox 1792 1384 1809 1415; x_wconf 72' lang='lat' dir='ltr'>r</span> <span class='ocrx_word' id='word_1_411' title='bbox 1831 1368 1885 1417; x_wconf 82' lang='lat' dir='ltr'>Au-</span> 
     </span>
     <span class='ocr_line' id='line_1_63' title="bbox 1088 1468 1884 1540; baseline -0.013 -11"><span class='ocrx_word' id='word_1_412' title='bbox 1088 1481 1158 1530; x_wconf 86' lang='lat' dir='ltr'>nclla</span> <span class='ocrx_word' id='word_1_413' title='bbox 1180 1480 1277 1529; x_wconf 90' lang='lat' dir='ltr'>‹licitur</span> <span class='ocrx_word' id='word_1_414' title='bbox 1299 1495 1345 1528; x_wconf 86' lang='lat' dir='ltr'>seu</span> <span class='ocrx_word' id='word_1_415' title='bbox 1368 1486 1395 1528; x_wconf 90' lang='lat' dir='ltr'>et</span> <span class='ocrx_word' id='word_1_416' title='bbox 1417 1477 1463 1526; x_wconf 88' lang='lat' dir='ltr'>illa</span> <span class='ocrx_word' id='word_1_417' title='bbox 1486 1468 1573 1536; x_wconf 84' lang='lat' dir='ltr'>[vada]</span> <span class='ocrx_word' id='word_1_418' title='bbox 1595 1490 1646 1540; x_wconf 73' lang='lat' dir='ltr'>quq</span> <span class='ocrx_word' id='word_1_419' title='bbox 1668 1479 1731 1522; x_wconf 89' lang='lat' dir='ltr'>sunt</span> <span class='ocrx_word' id='word_1_420' title='bbox 1752 1474 1781 1521; x_wconf 93' lang='lat' dir='ltr'>in</span> <span class='ocrx_word' id='word_1_421' title='bbox 1801 1470 1884 1533; x_wconf 85' lang='lat' dir='ltr'>Pado,</span> 
     </span>
     <span class='ocr_line' id='line_1_64' title="bbox 1087 1574 1936 1646; baseline -0.013 -14"><span class='ocrx_word' id='word_1_422' title='bbox 1087 1584 1212 1633; x_wconf 89' lang='lat' dir='ltr'>habentia</span> <span class='ocrx_word' id='word_1_423' title='bbox 1241 1583 1354 1646; x_wconf 87' lang='lat' dir='ltr'>priorem</span> <span class='ocrx_word' id='word_1_424' title='bbox 1383 1581 1523 1630; x_wconf 88' lang='lat' dir='ltr'>terminum</span> <span class='ocrx_word' id='word_1_425' title='bbox 1546 1595 1563 1627; x_wconf 91' lang='lat' dir='ltr'>a</span> <span class='ocrx_word' id='word_1_426' title='bbox 1585 1578 1643 1627; x_wconf 86' lang='lat' dir='ltr'>loco</span> <span class='ocrx_word' id='word_1_427' title='bbox 1672 1579 1718 1642; x_wconf 89' lang='lat' dir='ltr'>qui</span> <span class='ocrx_word' id='word_1_428' title='bbox 1746 1574 1936 1639; x_wconf 82' lang='lat' dir='ltr'>nuncupa-10</span> 
     </span>
     <span class='ocr_line' id='line_1_65' title="bbox 1087 1678 1885 1751; baseline -0.01 -16"><span class='ocrx_word' id='word_1_429' title='bbox 1087 1693 1130 1736; x_wconf 89' lang='lat' dir='ltr'>tur</span> <span class='ocrx_word' id='word_1_430' title='bbox 1151 1686 1255 1751; x_wconf 86' lang='lat' dir='ltr'>Popula</span> <span class='ocrx_word' id='word_1_431' title='bbox 1277 1686 1385 1751; x_wconf 86' lang='lat' dir='ltr'>Pagana</span> <span class='ocrx_word' id='word_1_432' title='bbox 1408 1690 1434 1733; x_wconf 91' lang='lat' dir='ltr'>et</span> <span class='ocrx_word' id='word_1_433' title='bbox 1455 1684 1607 1749; x_wconf 84' lang='lat' dir='ltr'>pertingens</span> <span class='ocrx_word' id='word_1_434' title='bbox 1634 1696 1718 1745; x_wconf 87' lang='lat' dir='ltr'>usque</span> <span class='ocrx_word' id='word_1_435' title='bbox 1740 1679 1774 1728; x_wconf 90' lang='lat' dir='ltr'>ad</span> <span class='ocrx_word' id='word_1_436' title='bbox 1797 1678 1885 1728; x_wconf 81' lang='lat' dir='ltr'>locum</span> 
     </span>
     <span class='ocr_line' id='line_1_66' title="bbox 1087 1779 1885 1855; baseline -0.01 -18"><span class='ocrx_word' id='word_1_437' title='bbox 1087 1782 1141 1855; x_wconf 88' lang='lat' dir='ltr'>[qni</span> <span class='ocrx_word' id='word_1_438' title='bbox 1171 1789 1268 1838; x_wconf 86' lang='lat' dir='ltr'>dicitur</span> <span class='ocrx_word' id='word_1_439' title='bbox 1297 1779 1393 1853; x_wconf 75' lang='lat' dir='ltr'>Calput</span> <span class='ocrx_word' id='word_1_440' title='bbox 1422 1788 1482 1849; x_wconf 77' lang='lat' dir='ltr'>Asi,</span> <span class='ocrx_word' id='word_1_441' title='bbox 1512 1802 1545 1837; x_wconf 83' lang='lat' dir='ltr'>ex</span> <span class='ocrx_word' id='word_1_442' title='bbox 1574 1791 1686 1850; x_wconf 89' lang='lat' dir='ltr'>utraque</span> <span class='ocrx_word' id='word_1_443' title='bbox 1715 1789 1790 1847; x_wconf 85' lang='lat' dir='ltr'>parte</span> <span class='ocrx_word' id='word_1_444' title='bbox 1818 1780 1885 1831; x_wconf 87' lang='lat' dir='ltr'>Padi</span> 
     </span>
     <span class='ocr_line' id='line_1_67' title="bbox 1088 1883 1885 1957; baseline -0.01 -16"><span class='ocrx_word' id='word_1_445' title='bbox 1088 1908 1147 1941; x_wconf 88' lang='lat' dir='ltr'>cum</span> <span class='ocrx_word' id='word_1_446' title='bbox 1172 1892 1265 1941; x_wconf 80' lang='lat' dir='ltr'>insulis</span> <span class='ocrx_word' id='word_1_447' title='bbox 1287 1893 1381 1957; x_wconf 89' lang='lat' dir='ltr'>positis</span> <span class='ocrx_word' id='word_1_448' title='bbox 1403 1893 1478 1941; x_wconf 82' lang='lat' dir='ltr'>iuxta</span> <span class='ocrx_word' id='word_1_449' title='bbox 1493 1890 1638 1955; x_wconf 88' lang='lat' dir='ltr'>predictam</span> <span class='ocrx_word' id='word_1_450' title='bbox 1653 1888 1826 1952; x_wconf 79' lang='lat' dir='ltr'>piscationem</span> <span class='ocrx_word' id='word_1_451' title='bbox 1842 1883 1885 1934; x_wconf 86' lang='lat' dir='ltr'>vel</span> 
     </span>
     <span class='ocr_line' id='line_1_68' title="bbox 1087 1989 1885 2061; baseline -0.008 -17"><span class='ocrx_word' id='word_1_452' title='bbox 1087 1996 1214 2061; x_wconf 69' lang='lat' dir='ltr'>‹priirqnid</span> <span class='ocrx_word' id='word_1_453' title='bbox 1243 1997 1275 2045; x_wconf 87' lang='lat' dir='ltr'>ab</span> <span class='ocrx_word' id='word_1_454' title='bbox 1305 1997 1414 2060; x_wconf 90' lang='lat' dir='ltr'>antiquo</span> <span class='ocrx_word' id='word_1_455' title='bbox 1441 2002 1559 2059; x_wconf 85' lang='lat' dir='ltr'>tempore</span> <span class='ocrx_word' id='word_1_456' title='bbox 1588 2009 1635 2043; x_wconf 80' lang='lat' dir='ltr'>sen</span> <span class='ocrx_word' id='word_1_457' title='bbox 1664 1991 1790 2041; x_wconf 85' lang='lat' dir='ltr'>moderno</span> <span class='ocrx_word' id='word_1_458' title='bbox 1815 1989 1885 2040; x_wconf 93' lang='lat' dir='ltr'>idem</span> 
     </span>
     <span class='ocr_line' id='line_1_69' title="bbox 1087 2088 1937 2163; baseline -0.011 -13"><span class='ocrx_word' id='word_1_459' title='bbox 1087 2102 1274 2150; x_wconf 84' lang='lat' dir='ltr'>monasterinm</span> <span class='ocrx_word' id='word_1_460' title='bbox 1308 2116 1355 2163; x_wconf 90' lang='lat' dir='ltr'>per</span> <span class='ocrx_word' id='word_1_461' title='bbox 1382 2100 1550 2163; x_wconf 89' lang='lat' dir='ltr'>antiquorum</span> <span class='ocrx_word' id='word_1_462' title='bbox 1578 2112 1668 2161; x_wconf 74' lang='lat' dir='ltr'>regrum</span> <span class='ocrx_word' id='word_1_463' title='bbox 1698 2111 1744 2145; x_wconf 91' lang='lat' dir='ltr'>seu</span> <span class='ocrx_word' id='word_1_464' title='bbox 1774 2088 1937 2159; x_wconf 77' lang='lat' dir='ltr'>impera-16</span> 
     </span>
     <span class='ocr_line' id='line_1_70' title="bbox 1087 2188 1886 2266; baseline -0.01 -13"><span class='ocrx_word' id='word_1_465' title='bbox 1087 2210 1174 2253; x_wconf 89' lang='lat' dir='ltr'>torum</span> <span class='ocrx_word' id='word_1_466' title='bbox 1200 2203 1367 2251; x_wconf 84' lang='lat' dir='ltr'>donatiouem</span> <span class='ocrx_word' id='word_1_467' title='bbox 1391 2202 1506 2266; x_wconf 89' lang='lat' dir='ltr'>optinuit</span> <span class='ocrx_word' id='word_1_468' title='bbox 1528 2200 1570 2250; x_wconf 80' lang='lat' dir='ltr'>vel</span> <span class='ocrx_word' id='word_1_469' title='bbox 1592 2190 1692 2258; x_wconf 76' lang='lat' dir='ltr'>Padlus</span> <span class='ocrx_word' id='word_1_470' title='bbox 1714 2188 1821 2257; x_wconf 81' lang='lat' dir='ltr'>invasit]</span> <span class='ocrx_word' id='word_1_471' title='bbox 1839 2203 1886 2245; x_wconf 90' lang='lat' dir='ltr'>aut</span> 
     </span>
     <span class='ocr_line' id='line_1_71' title="bbox 1087 2287 1885 2368; baseline -0.008 -13"><span class='ocrx_word' id='word_1_472' title='bbox 1087 2309 1114 2355; x_wconf 92' lang='lat' dir='ltr'>in</span> <span class='ocrx_word' id='word_1_473' title='bbox 1136 2306 1255 2355; x_wconf 79' lang='lat' dir='ltr'>futurum</span> <span class='ocrx_word' id='word_1_474' title='bbox 1271 2287 1431 2368; x_wconf 74' lang='lat' dir='ltr'>imnqreritf</span> <span class='ocrx_word' id='word_1_475' title='bbox 1451 2304 1483 2354; x_wconf 92' lang='lat' dir='ltr'>de</span> <span class='ocrx_word' id='word_1_476' title='bbox 1502 2303 1616 2368; x_wconf 90' lang='lat' dir='ltr'>propriis</span> <span class='ocrx_word' id='word_1_477' title='bbox 1631 2304 1716 2367; x_wconf 78' lang='lat' dir='ltr'>ipsius</span> <span class='ocrx_word' id='word_1_478' title='bbox 1732 2301 1885 2351; x_wconf 85' lang='lat' dir='ltr'>monasterii</span> 
     </span>
     <span class='ocr_line' id='line_1_72' title="bbox 1087 2405 1887 2472; baseline -0.01 -14"><span class='ocrx_word' id='word_1_479' title='bbox 1087 2410 1129 2460; x_wconf 80' lang='lat' dir='ltr'>vel</span> <span class='ocrx_word' id='word_1_480' title='bbox 1154 2410 1266 2459; x_wconf 90' lang='lat' dir='ltr'>aliorum</span> <span class='ocrx_word' id='word_1_481' title='bbox 1288 2409 1375 2458; x_wconf 87' lang='lat' dir='ltr'>rebus.</span> <span class='ocrx_word' id='word_1_482' title='bbox 1412 2408 1592 2472; x_wconf 87' lang='lat' dir='ltr'>Precipientes</span> <span class='ocrx_word' id='word_1_483' title='bbox 1615 2422 1677 2472; x_wconf 87' lang='lat' dir='ltr'>ergo</span> <span class='ocrx_word' id='word_1_484' title='bbox 1704 2405 1826 2455; x_wconf 89' lang='lat' dir='ltr'>iubemus</span> <span class='ocrx_word' id='word_1_485' title='bbox 1848 2419 1887 2451; x_wconf 74' lang='lat' dir='ltr'>ss</span> 
     </span>
     <span class='ocr_line' id='line_1_73' title="bbox 1088 2502 1886 2578; baseline -0.008 -15"><span class='ocrx_word' id='word_1_486' title='bbox 1088 2522 1141 2564; x_wconf 90' lang='lat' dir='ltr'>tam</span> <span class='ocrx_word' id='word_1_487' title='bbox 1164 2514 1331 2578; x_wconf 82' lang='lat' dir='ltr'>presentibus</span> <span class='ocrx_word' id='word_1_488' title='bbox 1353 2526 1484 2577; x_wconf 88' lang='lat' dir='ltr'>quamque</span> <span class='ocrx_word' id='word_1_489' title='bbox 1507 2516 1533 2560; x_wconf 91' lang='lat' dir='ltr'>et</span> <span class='ocrx_word' id='word_1_490' title='bbox 1555 2502 1668 2569; x_wconf 80' lang='lat' dir='ltr'>hitulris,</span> <span class='ocrx_word' id='word_1_491' title='bbox 1691 2514 1722 2557; x_wconf 89' lang='lat' dir='ltr'>ut</span> <span class='ocrx_word' id='word_1_492' title='bbox 1743 2509 1812 2573; x_wconf 91' lang='lat' dir='ltr'>parti</span> <span class='ocrx_word' id='word_1_493' title='bbox 1828 2523 1886 2571; x_wconf 89' lang='lat' dir='ltr'>pre·</span> 
     </span>
     <span class='ocr_line' id='line_1_74' title="bbox 1089 2604 1939 2679; baseline -0.009 -11"><span class='ocrx_word' id='word_1_494' title='bbox 1089 2619 1151 2668; x_wconf 91' lang='lat' dir='ltr'>dicti</span> <span class='ocrx_word' id='word_1_495' title='bbox 1175 2617 1297 2667; x_wconf 86' lang='lat' dir='ltr'>coenobii</span> <span class='ocrx_word' id='word_1_496' title='bbox 1320 2615 1352 2665; x_wconf 92' lang='lat' dir='ltr'>de</span> <span class='ocrx_word' id='word_1_497' title='bbox 1374 2615 1416 2664; x_wconf 86' lang='lat' dir='ltr'>lris</span> <span class='ocrx_word' id='word_1_498' title='bbox 1438 2615 1562 2663; x_wconf 88' lang='lat' dir='ltr'>omnihus</span> <span class='ocrx_word' id='word_1_499' title='bbox 1587 2629 1639 2679; x_wconf 74' lang='lat' dir='ltr'>quq</span> <span class='ocrx_word' id='word_1_500' title='bbox 1669 2626 1749 2676; x_wconf 89' lang='lat' dir='ltr'>snpra</span> <span class='ocrx_word' id='word_1_501' title='bbox 1771 2626 1788 2659; x_wconf 90' lang='lat' dir='ltr'>a</span> <span class='ocrx_word' id='word_1_502' title='bbox 1809 2612 1887 2661; x_wconf 89' lang='lat' dir='ltr'>nobis</span> <span class='ocrx_word' id='word_1_503' title='bbox 1905 2604 1939 2652; x_wconf 74' lang='lat'>20</span> 
     </span>
     <span class='ocr_line' id='line_1_75' title="bbox 1089 2712 1886 2784; baseline -0.01 -12"><span class='ocrx_word' id='word_1_504' title='bbox 1089 2736 1215 2772; x_wconf 77' lang='lat' dir='ltr'>concessa</span> <span class='ocrx_word' id='word_1_505' title='bbox 1237 2712 1271 2778; x_wconf 86' lang='lat' dir='ltr'>et]</span> <span class='ocrx_word' id='word_1_506' title='bbox 1294 2718 1447 2770; x_wconf 88' lang='lat' dir='ltr'>confirmata</span> <span class='ocrx_word' id='word_1_507' title='bbox 1463 2724 1532 2779; x_wconf 82' lang='lat' dir='ltr'>srrnt,</span> <span class='ocrx_word' id='word_1_508' title='bbox 1555 2718 1673 2784; x_wconf 88' lang='lat' dir='ltr'>quolibet</span> <span class='ocrx_word' id='word_1_509' title='bbox 1696 2721 1814 2781; x_wconf 87' lang='lat' dir='ltr'>tempore</span> <span class='ocrx_word' id='word_1_510' title='bbox 1829 2715 1886 2765; x_wconf 89' lang='lat' dir='ltr'>uul-</span> 
     </span>
     <span class='ocr_line' id='line_1_76' title="bbox 1088 2821 1887 2889; baseline -0.011 -13"><span class='ocrx_word' id='word_1_511' title='bbox 1088 2827 1140 2876; x_wconf 91' lang='lat' dir='ltr'>lam</span> <span class='ocrx_word' id='word_1_512' title='bbox 1162 2829 1296 2889; x_wconf 87' lang='lat' dir='ltr'>presumat</span> <span class='ocrx_word' id='word_1_513' title='bbox 1319 2822 1415 2871; x_wconf 83' lang='lat' dir='ltr'>inferre</span> <span class='ocrx_word' id='word_1_514' title='bbox 1437 2821 1584 2871; x_wconf 85' lang='lat' dir='ltr'>molestiam</span> <span class='ocrx_word' id='word_1_515' title='bbox 1603 2826 1650 2870; x_wconf 89' lang='lat' dir='ltr'>aut</span> <span class='ocrx_word' id='word_1_516' title='bbox 1665 2821 1887 2881; x_wconf 86' lang='lat' dir='ltr'>contrarietatem,</span> 
     </span>
     <span class='ocr_line' id='line_1_77' title="bbox 1089 2919 1888 2992; baseline -0.008 -14"><span class='ocrx_word' id='word_1_517' title='bbox 1089 2929 1135 2980; x_wconf 88' lang='lat' dir='ltr'>scd</span> <span class='ocrx_word' id='word_1_518' title='bbox 1158 2930 1207 2977; x_wconf 88' lang='lat' dir='ltr'>sub</span> <span class='ocrx_word' id='word_1_519' title='bbox 1231 2919 1320 2987; x_wconf 87' lang='lat' dir='ltr'>[omni]</span> <span class='ocrx_word' id='word_1_520' title='bbox 1348 2928 1498 2992; x_wconf 86' lang='lat' dir='ltr'>integritate</span> <span class='ocrx_word' id='word_1_521' title='bbox 1523 2927 1600 2975; x_wconf 90' lang='lat' dir='ltr'>sicuti</span> <span class='ocrx_word' id='word_1_522' title='bbox 1624 2940 1641 2974; x_wconf 92' lang='lat' dir='ltr'>a</span> <span class='ocrx_word' id='word_1_523' title='bbox 1662 2926 1739 2975; x_wconf 88' lang='lat' dir='ltr'>nobis</span> <span class='ocrx_word' id='word_1_524' title='bbox 1762 2937 1888 2973; x_wconf 86' lang='lat' dir='ltr'>concessa</span> 
     </span>
     <span class='ocr_line' id='line_1_78' title="bbox 1089 3028 1888 3095; baseline -0.011 -10"><span class='ocrx_word' id='word_1_525' title='bbox 1089 3043 1115 3086; x_wconf 91' lang='lat' dir='ltr'>et</span> <span class='ocrx_word' id='word_1_526' title='bbox 1138 3032 1290 3084; x_wconf 86' lang='lat' dir='ltr'>confirmata</span> <span class='ocrx_word' id='word_1_527' title='bbox 1314 3038 1374 3080; x_wconf 83' lang='lat' dir='ltr'>sunt</span> <span class='ocrx_word' id='word_1_528' title='bbox 1396 3031 1565 3095; x_wconf 89' lang='lat' dir='ltr'>perhenniter</span> <span class='ocrx_word' id='word_1_529' title='bbox 1587 3030 1621 3078; x_wconf 90' lang='lat' dir='ltr'>ad</span> <span class='ocrx_word' id='word_1_530' title='bbox 1644 3029 1784 3078; x_wconf 88' lang='lat' dir='ltr'>utilitatem</span> <span class='ocrx_word' id='word_1_531' title='bbox 1804 3028 1888 3092; x_wconf 83' lang='lat' dir='ltr'>ipsius</span> 
     </span>
     <span class='ocr_line' id='line_1_79' title="bbox 1089 3125 1939 3200; baseline -0.011 -13"><span class='ocrx_word' id='word_1_532' title='bbox 1089 3137 1240 3187; x_wconf 86' lang='lat' dir='ltr'>monasterii</span> <span class='ocrx_word' id='word_1_533' title='bbox 1264 3137 1320 3185; x_wconf 89' lang='lat' dir='ltr'>siue</span> <span class='ocrx_word' id='word_1_534' title='bbox 1342 3136 1433 3200; x_wconf 87' lang='lat' dir='ltr'>aliqua</span> <span class='ocrx_word' id='word_1_535' title='bbox 1454 3134 1656 3184; x_wconf 82' lang='lat' dir='ltr'>diminoratione</span> <span class='ocrx_word' id='word_1_536' title='bbox 1677 3133 1834 3198; x_wconf 86' lang='lat' dir='ltr'>pertineant.</span> <span class='ocrx_word' id='word_1_537' title='bbox 1857 3129 1885 3179; x_wconf 85' lang='lat' dir='ltr'>Si</span> <span class='ocrx_word' id='word_1_538' title='bbox 1904 3125 1939 3172; x_wconf 74' lang='lat'>2⁶</span> 
     </span>
     <span class='ocr_line' id='line_1_80' title="bbox 1089 3235 1887 3306; baseline -0.003 -17"><span class='ocrx_word' id='word_1_539' title='bbox 1089 3243 1148 3306; x_wconf 86' lang='lat' dir='ltr'>quis</span> <span class='ocrx_word' id='word_1_540' title='bbox 1177 3241 1258 3304; x_wconf 77' lang='lat' dir='ltr'>igitur</span> <span class='ocrx_word' id='word_1_541' title='bbox 1285 3238 1365 3287; x_wconf 85' lang='lat' dir='ltr'>larius</span> <span class='ocrx_word' id='word_1_542' title='bbox 1393 3242 1499 3286; x_wconf 89' lang='lat' dir='ltr'>nostrae</span> <span class='ocrx_word' id='word_1_543' title='bbox 1533 3235 1683 3285; x_wconf 88' lang='lat' dir='ltr'>donationis</span> <span class='ocrx_word' id='word_1_544' title='bbox 1713 3238 1887 3287; x_wconf 85' lang='lat' dir='ltr'>ordinationis</span> 
     </span>
     <span class='ocr_line' id='line_1_81' title="bbox 1090 3341 1886 3403; baseline -0.001 -9"><span class='ocrx_word' id='word_1_545' title='bbox 1090 3351 1116 3394; x_wconf 93' lang='lat' dir='ltr'>ct</span> <span class='ocrx_word' id='word_1_546' title='bbox 1138 3341 1344 3392; x_wconf 84' lang='lat' dir='ltr'>corrfirmatiouis</span> <span class='ocrx_word' id='word_1_547' title='bbox 1367 3341 1481 3391; x_wconf 81' lang='lat' dir='ltr'>violator</span> <span class='ocrx_word' id='word_1_548' title='bbox 1507 3342 1636 3403; x_wconf 84' lang='lat' dir='ltr'>extiterit,</span> <span class='ocrx_word' id='word_1_549' title='bbox 1666 3344 1731 3391; x_wconf 78' lang='lat' dir='ltr'>sciat</span> <span class='ocrx_word' id='word_1_550' title='bbox 1760 3359 1788 3392; x_wconf 85' lang='lat' dir='ltr'>so</span> <span class='ocrx_word' id='word_1_551' title='bbox 1818 3362 1886 3396; x_wconf 90' lang='lat' dir='ltr'>com·</span> 
     </span>
     <span class='ocr_line' id='line_1_82' title="bbox 1092 3444 1886 3516; baseline 0.003 -19"><span class='ocrx_word' id='word_1_552' title='bbox 1092 3450 1240 3516; x_wconf 90' lang='lat' dir='ltr'>positurum</span> <span class='ocrx_word' id='word_1_553' title='bbox 1274 3446 1331 3493; x_wconf 79' lang='lat' dir='ltr'>ariri</span> <span class='ocrx_word' id='word_1_554' title='bbox 1365 3446 1455 3508; x_wconf 91' lang='lat' dir='ltr'>optimi</span> <span class='ocrx_word' id='word_1_555' title='bbox 1489 3444 1570 3493; x_wconf 88' lang='lat' dir='ltr'>libras</span> <span class='ocrx_word' id='word_1_556' title='bbox 1604 3445 1688 3507; x_wconf 87' lang='lat' dir='ltr'>nrille,</span> <span class='ocrx_word' id='word_1_557' title='bbox 1721 3447 1886 3499; x_wconf 87' lang='lat' dir='ltr'>medietatem</span> 
     </span>
     <span class='ocr_line' id='line_1_83' title="bbox 1093 3548 1887 3619; baseline -0.008 -14"><span class='ocrx_word' id='word_1_558' title='bbox 1093 3556 1200 3619; x_wconf 69' lang='lat' dir='ltr'>kamere</span> <span class='ocrx_word' id='word_1_559' title='bbox 1221 3559 1309 3616; x_wconf 77' lang='lat' dir='ltr'>nostrq</span> <span class='ocrx_word' id='word_1_560' title='bbox 1331 3568 1347 3598; x_wconf 73' lang='lat' dir='ltr'>a</span> <span class='ocrx_word' id='word_1_561' title='bbox 1370 3556 1396 3599; x_wconf 89' lang='lat' dir='ltr'>et</span> <span class='ocrx_word' id='word_1_562' title='bbox 1418 3548 1584 3598; x_wconf 83' lang='lat' dir='ltr'>medietatem</span> <span class='ocrx_word' id='word_1_563' title='bbox 1606 3548 1723 3612; x_wconf 83' lang='lat' dir='ltr'>predicto</span> <span class='ocrx_word' id='word_1_564' title='bbox 1750 3553 1887 3609; x_wconf 82' lang='lat' dir='ltr'>coenobio,</span> 
     </span>
     <span class='ocr_line' id='line_1_84' title="bbox 1093 3646 1939 3719; baseline -0.005 -10"><span class='ocrx_word' id='word_1_565' title='bbox 1093 3664 1119 3709; x_wconf 88' lang='lat' dir='ltr'>et</span> <span class='ocrx_word' id='word_1_566' title='bbox 1152 3658 1194 3707; x_wconf 89' lang='lat' dir='ltr'>dei</span> <span class='ocrx_word' id='word_1_567' title='bbox 1231 3654 1442 3705; x_wconf 83' lang='lat' dir='ltr'>maledictionem</span> <span class='ocrx_word' id='word_1_568' title='bbox 1479 3658 1637 3717; x_wconf 84' lang='lat' dir='ltr'>sanctaeque</span> <span class='ocrx_word' id='word_1_569' title='bbox 1674 3653 1717 3702; x_wconf 85' lang='lat' dir='ltr'>dei</span> <span class='ocrx_word' id='word_1_570' title='bbox 1752 3657 1887 3719; x_wconf 79' lang='lat' dir='ltr'>genitricis</span> <span class='ocrx_word' id='word_1_571' title='bbox 1905 3646 1939 3695; x_wconf 83' lang='lat'>30</span> 
     </span>
     <span class='ocr_line' id='line_1_85' title="bbox 1091 3755 1888 3826; baseline -0.003 -15"><span class='ocrx_word' id='word_1_572' title='bbox 1091 3763 1175 3826; x_wconf 79' lang='lat' dir='ltr'>hlariq</span> <span class='ocrx_word' id='word_1_573' title='bbox 1205 3766 1231 3809; x_wconf 87' lang='lat' dir='ltr'>et</span> <span class='ocrx_word' id='word_1_574' title='bbox 1259 3759 1331 3807; x_wconf 87' lang='lat' dir='ltr'>beati</span> <span class='ocrx_word' id='word_1_575' title='bbox 1365 3756 1516 3822; x_wconf 84' lang='lat' dir='ltr'>archangeli</span> <span class='ocrx_word' id='word_1_576' title='bbox 1549 3755 1687 3805; x_wconf 81' lang='lat' dir='ltr'>Michaelis</span> <span class='ocrx_word' id='word_1_577' title='bbox 1716 3762 1743 3806; x_wconf 91' lang='lat' dir='ltr'>et</span> <span class='ocrx_word' id='word_1_578' title='bbox 1772 3760 1888 3809; x_wconf 86' lang='lat' dir='ltr'>omnium</span> 
     </span>
     <span class='ocr_line' id='line_1_86' title="bbox 1091 3860 1889 3931; baseline -0.004 -16"><span class='ocrx_word' id='word_1_579' title='bbox 1091 3865 1243 3931; x_wconf 89' lang='lat' dir='ltr'>angelorum</span> <span class='ocrx_word' id='word_1_580' title='bbox 1268 3869 1293 3911; x_wconf 91' lang='lat' dir='ltr'>et</span> <span class='ocrx_word' id='word_1_581' title='bbox 1316 3863 1387 3911; x_wconf 85' lang='lat' dir='ltr'>beati</span> <span class='ocrx_word' id='word_1_582' title='bbox 1410 3862 1481 3911; x_wconf 91' lang='lat' dir='ltr'>Petri</span> <span class='ocrx_word' id='word_1_583' title='bbox 1510 3860 1637 3924; x_wconf 83' lang='lat' dir='ltr'>principis</span> <span class='ocrx_word' id='word_1_584' title='bbox 1660 3860 1839 3925; x_wconf 77' lang='lat' dir='ltr'>apostotomm</span> <span class='ocrx_word' id='word_1_585' title='bbox 1862 3868 1889 3912; x_wconf 84' lang='lat' dir='ltr'>et</span> 
     </span>
     <span class='ocr_line' id='line_1_87' title="bbox 1092 3963 1888 4018; baseline -0.004 0"><span class='ocrx_word' id='word_1_586' title='bbox 1092 3969 1207 4018; x_wconf 90' lang='lat' dir='ltr'>omnium</span> <span class='ocrx_word' id='word_1_587' title='bbox 1236 3969 1386 4015; x_wconf 81' lang='lat' dir='ltr'>sanctorum</span> <span class='ocrx_word' id='word_1_588' title='bbox 1416 3964 1512 4013; x_wconf 86' lang='lat' dir='ltr'>habeut</span> <span class='ocrx_word' id='word_1_589' title='bbox 1540 3968 1566 4012; x_wconf 88' lang='lat' dir='ltr'>et</span> <span class='ocrx_word' id='word_1_590' title='bbox 1590 3979 1648 4012; x_wconf 86' lang='lat' dir='ltr'>curu</span> <span class='ocrx_word' id='word_1_591' title='bbox 1672 3963 1739 4012; x_wconf 89' lang='lat' dir='ltr'>luda</span> <span class='ocrx_word' id='word_1_592' title='bbox 1762 3964 1888 4015; x_wconf 89' lang='lat' dir='ltr'>traditore</span> 
     </span>
     <span class='ocr_line' id='line_1_88' title="bbox 1091 4065 1886 4135; baseline -0.006 -14"><span class='ocrx_word' id='word_1_593' title='bbox 1091 4072 1241 4135; x_wconf 88' lang='lat' dir='ltr'>porcionem</span> <span class='ocrx_word' id='word_1_594' title='bbox 1264 4070 1385 4132; x_wconf 87' lang='lat' dir='ltr'>accipiat.</span> <span class='ocrx_word' id='word_1_595' title='bbox 1422 4065 1500 4126; x_wconf 78' lang='lat' dir='ltr'>erod</span> <span class='ocrx_word' id='word_1_596' title='bbox 1523 4071 1553 4113; x_wconf 89' lang='lat' dir='ltr'>ut</span> <span class='ocrx_word' id='word_1_597' title='bbox 1575 4068 1663 4116; x_wconf 84' lang='lat' dir='ltr'>verius</span> <span class='ocrx_word' id='word_1_598' title='bbox 1686 4066 1808 4116; x_wconf 87' lang='lat' dir='ltr'>credatur</span> <span class='ocrx_word' id='word_1_599' title='bbox 1830 4067 1886 4116; x_wconf 92' lang='lat' dir='ltr'>dili·</span> 
     </span>
     <span class='ocr_line' id='line_1_89' title="bbox 1090 4165 1939 4241; baseline -0.013 -16"><span class='ocrx_word' id='word_1_600' title='bbox 1090 4176 1247 4241; x_wconf 77' lang='lat' dir='ltr'>gentilisque</span> <span class='ocrx_word' id='word_1_601' title='bbox 1270 4172 1303 4222; x_wconf 91' lang='lat' dir='ltr'>ab</span> <span class='ocrx_word' id='word_1_602' title='bbox 1330 4174 1452 4221; x_wconf 88' lang='lat' dir='ltr'>‹unnibus</span> <span class='ocrx_word' id='word_1_603' title='bbox 1480 4173 1648 4231; x_wconf 78' lang='lat' dir='ltr'>observetur,</span> <span class='ocrx_word' id='word_1_604' title='bbox 1677 4171 1799 4219; x_wconf 84' lang='lat' dir='ltr'>manibus</span> <span class='ocrx_word' id='word_1_605' title='bbox 1827 4186 1886 4234; x_wconf 92' lang='lat' dir='ltr'>pro-</span> <span class='ocrx_word' id='word_1_606' title='bbox 1904 4165 1939 4215; x_wconf 78' lang='lat'>35</span> 
     </span>
     <span class='ocr_line' id='line_1_90' title="bbox 1091 4273 1888 4342; baseline -0.003 -17"><span class='ocrx_word' id='word_1_607' title='bbox 1091 4278 1155 4342; x_wconf 88' lang='lat' dir='ltr'>priis</span> <span class='ocrx_word' id='word_1_608' title='bbox 1188 4278 1343 4326; x_wconf 88' lang='lat' dir='ltr'>roborantes</span> <span class='ocrx_word' id='word_1_609' title='bbox 1377 4275 1449 4325; x_wconf 89' lang='lat' dir='ltr'>anuli</span> <span class='ocrx_word' id='word_1_610' title='bbox 1483 4275 1565 4323; x_wconf 89' lang='lat' dir='ltr'>nostri</span> <span class='ocrx_word' id='word_1_611' title='bbox 1602 4273 1764 4337; x_wconf 87' lang='lat' dir='ltr'>inpressione</span> <span class='ocrx_word' id='word_1_612' title='bbox 1798 4274 1888 4323; x_wconf 87' lang='lat' dir='ltr'>subter</span> 
     </span>
    </p>
   </div>
   <div class='ocr_carea' id='block_1_8' title="bbox 1091 4379 1367 4443">
    <p class='ocr_par' dir='ltr' id='par_1_12' title="bbox 1091 4379 1367 4443">
     <span class='ocr_line' id='line_1_91' title="bbox 1091 4379 1367 4443; baseline -0.007 -13"><span class='ocrx_word' id='word_1_613' title='bbox 1091 4382 1216 4430; x_wconf 88' lang='lat' dir='ltr'>iussimus</span> <span class='ocrx_word' id='word_1_614' title='bbox 1239 4379 1367 4443; x_wconf 88' lang='lat' dir='ltr'>insigniri.</span> 
     </span>
    </p>
   </div>
   <div class='ocr_carea' id='block_1_9' title="bbox 0 0 2263 6420">
    <p class='ocr_par' dir='ltr' id='par_1_13' title="bbox 0 0 2263 6420">
     <span class='ocr_line' id='line_1_92' title="bbox 0 0 2263 6420; baseline 0 0"><span class='ocrx_word' id='word_1_615' title='bbox 0 0 2263 6420; x_wconf 95' lang='lat' dir='ltr'> </span> 
     </span>
    </p>
   </div>
  </div>
 </body>
</html>
