4298 6414
219 417 284 481 552
814 423 1267 483 KAISERURKUNDEN.

221 607 414 691 antiquioris
446 613 516 668 erat
545 607 641 688 etatis
673 614 704 669 et
732 606 896 687 annosior,
932 602 1035 691 quiall
1062 605 1148 689 parti
1177 604 1280 689 ipsius
1311 603 1457 687 subiecte
1488 604 1674 666 monasterii
1700 626 1752 691 que
1768 630 1821 676 oon·
1895 658 1898 663 .

221 710 306 772 iacet
328 709 361 771 in
384 709 541 772 comitatu
564 708 723 771 Firmensi
747 717 885 792 preerat,
908 707 970 771 hae
995 708 1168 771 occasione
1191 707 1291 771 totius
1314 707 1504 771 monasterii
1529 703 1682 770 honorem
1702 706 1752 772 sibi
1770 734 1821 778 ven·

222 811 330 875 dicare
359 810 494 875 volebat
521 821 553 875 ct
581 833 615 875 se
645 810 797 875 abbatem
827 810 897 874 fore
932 809 1049 874 debere
1082 806 1281 874 asserebat.i
1325 808 1490 873 Iohannes
1519 830 1599 872 vero
1628 806 1724 873 abbas
1750 813 1820 895 ipsius

221 915 407 978 monasterii
439 913 570 979 dicebat
599 936 634 977 se
663 915 764 997 ipsius
792 912 925 977 honoris
954 911 1072 976 infulas
1102 934 1173 976 esse
1200 910 1355 995 adeptum
1378 911 1539 976 electione
1561 920 1595 974 ct
1617 932 1760 977 consensu
1776 938 1820 980 οιιι-

221 1018 310 1079 nium
332 1016 566 1080 monachorum
590 1028 622 1080 et
643 1018 743 1080 totius
766 1017 1021 1100 congregatione
1044 1014 1174 1099 collegii
1196 1026 1237 1095 et,
1268 1014 1356 1101 quod
1378 1023 1449 1079 erat
1470 1014 1608 1096 firmius,
1633 1017 1738 1079 summi
1754 1016 1839 1083 beros

222 1118 364 1182 dictione
387 1118 567 1203 pontificis,
590 1121 723 1203 insuper
745 1142 786 1182 ox
810 1120 882 1203 ipso
906 1119 1103 1201 imperatore
1119 1117 1301 1181 clarissimo
1318 1116 1510 1201 possidebat
1526 1115 1568 1181 de
1582 1119 1655 1201 ipso
1669 1125 1819 1186 monasterio

222 1223 458 1305 pragmatieon.
505 1217 602 1304 Qual
626 1223 820 1305 omniaque
843 1219 1050 1304 promulgata
1073 1220 1212 1284 suntab
1235 1218 1382 1284 Iohanne
1405 1218 1537 1300 abbate,
1560 1220 1661 1285 firmis
1682 1226 1820 1288 assertion-

221 1321 282 1387 bus
306 1344 384 1407 vera
406 1344 478 1387 esse
501 1322 687 1387 claruerunt
708 1344 819 1386 coram
842 1325 945 1407 ipsius
968 1326 1173 1406 imperatoris
1195 1326 1375 1407 presentia,
1407 1323 1627 1387 residentibus
1652 1322 1695 1387 ibi
1716 1323 1820 1409 plurimis

222 1426 345 1491 llitalie
375 1426 595 1512 principibus,
631 1426 783 1491 videlicet
815 1426 974 1491 Pandulfo
1010 1429 1156 1512 principe
1186 1437 1218 1491 et
1247 1426 1435 1491 marchione
1464 1436 1497 1491 et
1527 1426 1677 1490 Huberte
1703 1427 1821 1494 leiensi

222 1532 377 1615 episeopo
402 1539 501 1614 atque
517 1529 612 1593 Petro
632 1531 749 1593 conrite
772 1540 805 1593 et
827 1532 941 1613 ceteris
965 1552 1063 1615 quam
1086 1529 1232 1615 plurimis
1255 1532 1419 1615 episcopis
1443 1529 1622 1594 comitibus
1645 1530 1821 1597 sacerdotibus
1833 1554 1851 1599 a

224 1632 429 1713 diaconibus,
453 1631 579 1716 clericis
603 1634 699 1697 etiam
724 1632 833 1697 multis
856 1642 888 1696 et
910 1633 1013 1697 laicis.
1041 1633 1133 1697 'lhmc
1157 1634 1228 1717 ipse
1249 1635 1425 1717 imperator
1448 1630 1697 1696 dissertissimus
1717 1642 1745 1696 et
1761 1656 1822 1698 sano·

222 1732 387 1799 tissimns¹
415 1734 571 1798 Iohannis
601 1734 730 1799 abbatis
760 1736 985 1801 rectitudinem
1015 1739 1120 1802 sciens
1151 1746 1183 1801 et
1211 1736 1383 1801 mendacia
1413 1744 1510 1821 atque
1545 1736 1716 1799 iniustitias
1743 1738 1822 1821 prelati

224 1837 440 1923 Hildeprandi
454 1845 474 1872 ¹¹¹
497 1837 682 1922 providens,
706 1841 852 1923 precepit
869 1839 1031 1904 Pandulfo
1054 1840 1193 1924 principi
1216 1848 1249 1903 et
1270 1840 1449 1903 marchioni
1470 1850 1502 1903 et
1518 1839 1616 1903 Petro
1639 1840 1824 1924 comitiaque

222 1943 318 2006 Petro
336 1965 394 2006 suo
411 1941 618 2023 cancellarie,
641 1949 677 2005 ut
693 1965 749 2006 eos
765 1942 880 2007 ambos
900 1945 933 2007 in
953 1945 1001 2008 sui
1022 1944 1217 2027 presentiam
1240 1941 1396 2007 ducerent
1417 1951 1449 2006 et
1472 1942 1558 2006 hanc
1581 1941 1670 2006 litem
1691 1944 1754 2005 itan
1769 1945 1825 2006 inter

223 2068 280 2110 eos
304 2044 474 2109 definirent
496 2046 579 2108 iuste
602 2043 749 2128 legaliter
771 2054 827 2110 et⁰
851 2046 986 2110 firmiter
1007 2068 1070 2131 quo
1086 2044 1176 2109 nulla
1192 2044 1360 2110 altercatio
1378 2047 1461 2109 inter
1476 2055 1559 2110 eosl‘
1581 2045 1695 2109 fuisset
1714 2044 1824 2130 amplius.
1838 2064 1855 2108 a

224 2170 262 2211 eo
279 2145 433 2211 videlicet
455 2146 565 2210 ordine
584 2157 619 2210 ut
637 2147 800 2212 lohannes
823 2148 927 2212 abbas
950 2149 1052 2232 ipsius
1075 2148 1262 2211 monasterii
1285 2150 1416 2213 omnino
1438 2149 1556 2213 fuisset
1579 2147 1825 2213 cunctarentur

224 2253 290 2335 vite
314 2274 370 2334 sue
393 2249 499 2314 abbas
522 2259 554 2313 ot
577 2249 746 2333 dominus3
771 2262 879 2315 tamon
902 2274 962 2336 pro
986 2250 1036 2314 dei
1060 2272 1169 2315 amore
1192 2260 1226 2315 et
1247 2250 1389 2315 remedio
1413 2272 1469 2334 surg
1492 2252 1601 2334 anime.
1620 2260 1652 2314 et
1667 2248 1828 2335 qniallill·

224 2353 401 2437 prandns¹¹¹
428 2362 498 2416 erat
521 2352 650 2436 vetulus
673 2363 705 2417 et
728 2354 900 2438 plurimum
923 2364 1049 2418 (rantisr
1076 2364 1175 2438 atque
1197 2355 1292 2437 etatis
1320 2354 1499 2439 decrepite,
1524 2353 1738 2418 concederent
1758 2356 1779 2417 ei
1794 2352 1829 2415 rel

225 2456 312 2519 dua'*
340 2456 414 2519 loca
442 2454 552 2519 unde*
580 2458 702 2520 victum
730 2467 761 2520 et
790 2460 1018 2522 vestimentum
1047 2478 1122 2520 curn
1147 2458 1262 2540 ceteris
1291 2455 1351 2519 sibi
1377 2454 1532 2520 subiectis
1556 2454 1679 2519 habere
1700 2456 1829 2540 petiisset,

225 2560 377 2624 videlicet
399 2570 522 2623 seurtem
546 2557 586 2623 de
609 2559 754 2624 Muliano
778 2571 810 2624 ct
831 2570 956 2624 curtem
979 2559 1018 2623 de
1042 2568 1155 2624 sancto
1179 2559 1358 2624 Benedicta
1381 2580 1457 2622 cum
1480 2557 1633 2622 omnibus
1661 2579 1764 2621 earum
1783 2570 1861 2639 per-a

225 2664 383 2744 tinentiis3
407 2660 506 2726 nichil
530 2670 639 2725 tamen
653 2672 665 2699 ¹¹
689 2662 828 2746 amplius
852 2671 1000 2747 quereret
1022 2683 1081 2725 nec
1101 2661 1244 2746 aliquam
1260 2659 1425 2746 querelam
1440 2660 1582 2741 faceret3
1606 2662 1727 2724 sivero
1748 2660 1831 2723 futuis

224 2764 425 2850 temporibus
458 2764 541 2829 ultra
569 2763 630 2848 bec
662 2764 804 2849 aliquam
833 2776 1005 2850 pretaxato
1033 2765 1170 2831 Iohanni
1201 2765 1366 2851 querclam
1396 2774 1571 2849 temptaret
1599 2786 1713 2847 agere,
1743 2764 1831 2849 proprii

226 2868 359 2933 honoris
383 2867 505 2932 subiret
535 2867 730 2951 periculum,
765 2892 806 2931 arx
829 2869 983 2952 predictis
1006 2891 1082 2932 vero
1106 2868 1252 2934 curtibus
1275 2868 1398 2933 nullam
1421 2868 1556 2933 haberet
1580 2877 1767 2953 potestatem
1782 2888 1833 2927 ven·

225 2971 322 3035 dendi
346 2971 568 3036 commutandi
593 2970 758 3034 alienandi
781 2971 834 3035 vel
857 2971 979 3057 aliquid
997 2972 1149 3055 faciendi,
1172 2973 1235 3037 nisi
1257 2972 1398 3037 fructum
1421 2974 1452 3036 in
1477 2974 1647 3057 proprium
1669 2993 1758 3035 usum
1777 2971 1834 3034 aeci·

225 3075 345 3159 piendi.
389 3074 511 3155 Quodu
536 3077 629 3137 iuxta
652 3075 849 3137 sanctissimi
872 3076 1077 3157 imperatoris
1101 3074 1266 3139 decretum
1290 3084 1365 3138 ante
1389 3075 1589 3159 presentiam
1612 3073 1757 3138 Pandulfi
1776 3074 1867 3157 prin-li

225 3180 308 3263 cipis
331 3186 363 3241 et
385 3177 583 3243 marchionis
607 3186 639 3241 et
661 3177 747 3242 Petri
771 3179 900 3243 comitis
923 3187 1021 3264 atque
1043 3179 1129 3243 Petri
1159 3178 1344 3244 cancellarii
1373 3177 1542 3243 definitum
1564 3187 1598 3244 et
1621 3179 1837 3243 determinatum

226 3290 276 3345 est
304 3282 387 3347 inter
415 3304 487 3362 eos,
517 3304 557 3345 ea
585 3282 712 3345 ratione
743 3291 779 3344 ut
805 3280 996 3345 inviolatum
1026 3290 1057 3345 et
1087 3280 1314 3346 inconvulsum
1343 3282 1428 3346 inter
1457 3283 1547 3366 ipsos
1572 3283 1660 3345 omni
1684 3286 1839 3365 permaneat

225 3396 370 3469 tempore
386 3384 547 3450 volumus.
581 3383 680 3465 Quod
695 3395 730 3450 ut
745 3385 853 3469 verius
870 3384 911 3450 ab
929 3384 1079 3449 omnibus
1098 3384 1258 3467 credatur,
1282 3395 1394 3450 nostro
1418 3384 1524 3469 sigillo
1548 3384 1685 3467 sigillari
1708 3385 1840 3449 iussimus.

1004 3622 1090 3696 tos.

236 3775 316 3848 Ora
338 3777 479 3851 soherrlst
494 3778 559 3849 rait
581 3777 715 3850 Wissea
737 3776 817 3849 arrad
834 3778 1083 3873 erstirnmaap
1104 3778 1215 3849 seira-os
1233 3774 1368 3850 Soli-aas
1391 3776 1455 3850 der
1477 3777 1722 3874 birchoflichea
1739 3776 1843 3851 Kirra
1856 3795 1877 3841 a*

227 3922 272 3967 aa
299 3896 450 3968 Maisan
478 3896 547 3969 {lea
576 3898 735 3970 Zabulon
760 3923 832 3969 vuon
860 3897 953 3969 allen
979 3897 1153 3994 Abpobea
1178 3897 1219 3968 ia
1246 3897 1478 3989 Delam-laza,
1516 3898 1671 3988 Nisaae,
1700 3899 1844 3971 Diodoto,

228 4015 403 4088 Milzsaae
429 4017 508 4087 alred
535 4018 664 4091 [nauci.
1470 4039 1615 4097 Rareaaa
1638 4044 1699 4099 971
1723 4074 1762 4083 -
1782 4072 1817 4083 —

336 4241 582 4317 Oriyiaoldr'plom
604 4246 644 4301 iar
668 4245 695 4303 t.
720 4246 839 4317 Haupt·
862 4244 925 4303 arat
948 4243 1149 4303 Stactari-rebla
1170 4261 1210 4301 ra
1231 4243 1366 4302 Drasdea
1388 4243 1448 4322 (A).

330 4397 441 4456 Kthler
463 4396 525 4459 01).
549 4401 696 4459 sensatior
717 4419 784 4474 arcp.
809 4399 852 4457 od.
874 4410 914 4469 ΙΙ,
938 4394 981 4469 ll,
1006 4402 1122 4457 12201
1146 4415 1202 4456 aas
1224 4396 1254 4454 A
1275 4415 1315 4455 sa
1337 4401 1409 4457 970.
1439 4430 1481 4440 -
1510 4396 1573 4457 01).
1599 4397 1749 4457 &aoniae
1774 4399 1855 4471 rapior

332 4513 373 4570 ll,
397 4507 426 4572 1,
450 4507 491 4562 11
514 4512 548 4560 a⁰
569 4510 590 4563 0
612 4522 668 4563 aras
691 4505 716 4561 A
740 4523 780 4562 aa
803 4508 866 4564 070
889 4502 952 4561 arad
972 4510 995 4572 Ι,
1019 4506 1048 4572 1,
1071 4502 1133 4561 251
1158 4507 1192 4558 ιιο
1215 4504 1254 4559 13
1276 4500 1398 4573 Fraqra.
1423 4517 1479 4559 aaa
1502 4499 1531 4558 A
1552 4518 1593 4558 aa
1616 4505 1802 4561 070-971.
1824 4531 1856 4543 -
1869 4514 1895 4559 35

334 4606 463 4680 Stamps
480 4608 552 4681 Rea.
577 4611 648 4668 500.

332 4760 399 4819 Allo
423 4762 589 4820 Mart-,mole
616 4779 672 4821 roa
698 4761 765 4820 DO.
790 4764 852 4820 406
882 4762 987 4819 weisea
1015 4757 1135 4829 darauf
1158 4758 1210 4816 leia
1238 4758 1307 4815 stass
1336 4759 1400 4815 ιὶειιι
1423 4756 1551 4828 Bisaltas
1569 4758 1712 4817 Folohold
1738 4777 1792 4817 roa
1819 4758 1863 4815 da

330 4867 458 4925 Ila-raalai
481 4869 530 4925 oia
545 4868 704 4941 Blaaqart
728 4865 790 4936 auf
808 4866 872 4923 dom
895 4863 970 4925 WA.
995 4864 1043 4921 die
1055 4880 1150 4935 panae
1164 4866 1239 4920 erate
1256 4861 1336 4919 Zoilo
1357 4861 1421 4919 atad
1442 4861 1490 4919 die
1512 4862 1613 4920 beiden
1629 4862 1863 4935 Subscriptionea

330 4971 513 5043 perclariebea
535 4971 615 5029 lratlc
638 4971 701 5029 trad
724 4970 839 5027 roelohos
862 4969 937 5025 arech
960 4969 1065 5025 hereits
1088 4967 1142 5023 aad
1158 4964 1311 5022 Ilnadarol
1332 4963 1397 5021 aad
1415 4963 1509 5035 Sicqel
1530 4966 1671 5023 rcrsehrn
1693 4984 1763 5037 scor,
1789 4966 1865 5023 aber·

330 5075 422 5145 actea
444 5073 546 5131 roardo
567 5091 619 5131 aar
642 5090 671 5131 cs
691 5078 807 5146 perrrdss
829 5071 882 5129 der
903 5069 1096 5128 haiserlirhea
1117 5068 1358 5139 Erstschlicssanp
1385 5065 1590 5137 aasarrsitllea.
1628 5067 1693 5126 Der
1721 5069 1799 5127 daea
1822 5085 1866 5141 or·
1880 5088 1903 5134 ro

331 5178 436 5236 northlte
458 5178 647 5250 Inpressator
669 5178 748 5234 lrattc
763 5193 821 5249 aar
838 5175 922 5233 hetae
942 5174 1062 5246 Urbano
1077 5174 1110 5229 ia
1124 5170 1387 5243 sasernae-messer
1402 5169 1517 5241 Schrift
1532 5170 1596 5229 aad
1610 5171 1721 5230 lunate
1735 5189 1768 5231 so
1783 5174 1869 5243 scatia

333 5300 393 5341 aas
416 5283 539 5341 Brouch-
561 5282 614 5339 der
634 5281 764 5339 Koarlci
787 5298 858 5350 aar,
883 5277 952 5336 (lass
975 5293 1006 5334 er
1028 5277 1075 5334 die
1096 5275 1258 5347 Dathema,
1282 5276 1316 5333 ia
1337 5274 1457 5332 acelaber
1477 5292 1538 5333 aaa
1560 5274 1641 5335 Jaar
1663 5276 1729 5333 aad
1748 5275 1800 5336 Ort
1821 5276 1870 5333 der

317 5468 375 5521 4⁰5.
404 5470 474 5534 l1)(1',
494 5476 519 5521 ot
537 5471 600 5536 quia
618 5468 644 5518 B
743 5469 761 5529 i)
784 5465 811 5527 0,
830 5465 899 5529 fehlt
917 5467 945 5514 in
963 5464 989 5514 Β
1086 5463 1115 5524 k)
1134 5462 1325 5525 Qua—laicis
1342 5461 1371 5509 ia
1388 5459 1416 5509 Ζ.
1430 5463 1457 5509 11
1469 5460 1539 5522 fehlt
1556 5462 1584 5509 ta
1605 5459 1628 5511 0
1720 5461 1740 5525 l)
1757 5467 1782 5511 et
1798 5476 1868 5510 sanc-

402 5542 517 5589 tissimus
538 5538 609 5601 fehlt
631 5540 659 5586 in
680 5536 703 5587 0
801 5535 837 5601 m)
857 5532 1073 5598 0,He¹‹1em.l3
1177 5533 1204 5595 n)
1219 5528 1289 5593 fehlt
1309 5531 1337 5578 in
1357 5526 1380 5578 0
1481 5534 1507 5589 o)
1526 5531 1595 5580 inste
1618 5528 1741 5595 legaliter
1762 5535 1788 5579 et
1803 5527 1869 5592 fehlt

402 5608 475 5659 ιἰιθ
574 5609 601 5673 p)
618 5608 754 5657 altercatio
774 5605 836 5655 inde
857 5603 880 5654 0
979 5602 1117 5667 apaetesis
1138 5599 1161 5651 0
1259 5600 1282 5663 r)
1301 5599 1441 5663 plurimum
1459 5600 1565 5648 oanium
1583 5596 1618 5661 B,
1640 5599 1811 5663 plurimorum
1828 5600 1903 5648 call

403 5680 475 5727 ιιίιιιιι
496 5676 519 5728 0
618 5674 711 5743 ιι)Βο
810 5678 830 5735 t)
849 5669 969 5723 unan
1068 5674 1097 5731 u)
1114 5671 1161 5719 mit
1184 5667 1254 5733 quod
1272 5669 1311 5717 sic
1329 5666 1464 5717 delinitum
1483 5673 1523 5718 est
1539 5670 1608 5717 inter
1625 5683 1672 5717 eos
1692 5666 1776 5717 bricht
1794 5664 1867 5717 Oet.
