4500 6420
298 441 361 505 440
887 442 1337 501 KAISERURKUNDEN.

296 629 461 713 dignitatis
484 628 627 692 officium
655 624 669 706 l
696 646 768 689 esse
790 633 934 706 constat,
967 622 1027 688 deo
1052 623 1238 707 sanctisque
1260 622 1329 687 eius
1351 622 1551 686 monasteria
1573 620 1624 686 vel
1647 620 1721 687 loca
1742 632 1937 688 constmere

295 742 327 797 et
355 754 481 816 semper
509 728 757 795 auctoritatibus
787 729 944 811 augeam*
973 736 1005 792 et
1032 726 1197 791 roborari:
1232 723 1354 789 idcirco
1383 736 1496 789 notum
1518 724 1763 791 essevolumus
1787 726 1935 791 omnium

293 835 435 900 fidelium
457 843 641 898 nostrorum
668 842 736 896 tam
764 828 987 916 presentiumb
1017 829 1140 893 scilicet
1169 850 1267 913 quam
1296 837 1328 892 et
1355 828 1535 893 futurorum
1564 828 1759 911 industriae,
1793 828 1938 915 qualiter

293 960 352 1002 nos
374 940 556 1003 interventu
579 935 717 1000 dilectae
739 935 887 1015 coniugis
910 941 1041 997 nostrae
1056 930 1248 995 Adalheidis
1271 930 1394 1016 filiique
1417 932 1578 996 carissimi
1600 933 1704 996 nostri
1717 940 1738 1013 ⁰,
1760 934 1848 1016 regis
1872 934 1937 997 sci-

292 1039 367 1104 licet
390 1039 537 1121 Ottonis,
572 1061 632 1103 nec
655 1060 721 1102 non
743 1059 801 1123 pro
830 1046 915 1100 statu
944 1046 976 1099 et
1004 1034 1226 1099 incolomitate
1256 1035 1348 1118 regni
1377 1033 1430 1098 vel
1458 1036 1585 1119 imperii
1614 1036 1734 1117 nostri,
1770 1034 1811 1098 ob
1841 1050 1972 1120 spemn

293 1145 388 1207 etiam
418 1143 545 1207 divinae
573 1142 841 1207 remunerationis
863 1138 1061 1204 monialibus
1085 1139 1136 1203 die
1160 1148 1322 1223 noctuque
1347 1136 1407 1201 deo
1432 1138 1618 1223 sanctisque
1641 1138 1710 1201 eius
1734 1137 1937 1222 martyribus

293 1242 430 1310 Casurae
453 1257 485 1310 et
507 1245 671 1309 Damiano
695 1242 928 1308 famulantibus
952 1242 1145 1307 donavimus
1169 1253 1292 1307 curtem
1322 1263 1405 1326 quae
1434 1236 1507 1304 estd
1536 1243 1598 1305 sita
1626 1242 1659 1305 in
1682 1240 1761 1305 villa
1784 1240 1934 1323 Erieseli,

292 1371 387 1433 quam
412 1347 488 1414 olim
512 1347 553 1412 ob
577 1348 765 1432 petitionem
788 1345 844 1409 filii
867 1347 970 1409 nostri
993 1344 1126 1409 Lintolfi
1150 1343 1237 1409 filiae
1260 1366 1338 1409 suae
1356 1342 1529 1408 Mahthildi
1552 1346 1586 1407 in
1609 1346 1776 1429 proprium
1798 1366 1934 1408 conces·

292 1452 402 1516 simus.
439 1452 533 1516 Nunc
556 1472 633 1514 vero
662 1458 736 1534 post
759 1448 938 1513 discessum
960 1450 1048 1512 vitae
1071 1450 1172 1533 ipsius
1196 1450 1397 1533 praenotatis
1421 1447 1617 1512 monialibus
1641 1449 1674 1513 in
1696 1447 1848 1513 Astnithe
1871 1446 1934 1513 deo

293 1556 477 1639 sanctisque
500 1552 697 1637 martyribus
713 1550 853 1616 Oosmae
869 1563 901 1616 et
915 1553 1079 1617 Daruiano
1100 1551 1314 1617 servientibus
1333 1551 1538 1631 donavimus,
1561 1551 1754 1617 tradidimus
1775 1554 1808 1615 in
1832 1552 1933 1617 comi·
1957 1565 1988 1611 ιο

292 1665 363 1720 tatu
385 1655 508 1721 Hooldi
531 1656 659 1719 comitis
683 1656 823 1740 inpage
847 1656 1053 1739 Borhtergo⁰
1083 1666 1206 1720 curtem
1235 1654 1435 1740 praedictam
1460 1653 1583 1719 scilicet
1605 1655 1744 1721 Erieseli
1767 1677 1842 1719 cum
1866 1678 1933 1719 om-

291 1757 386 1821 nibus
415 1758 629 1844 appenditiis,
664 1766 729 1821 tam
759 1759 792 1820 in
820 1760 1011 1842 mantipiis¹⁸
1039 1781 1137 1844 quam
1166 1768 1197 1822 et
1224 1761 1257 1822 in
1287 1759 1445 1823 aedificiis
1472 1758 1641 1823 curtilibus
1664 1760 1758 1823 terris
1781 1758 1878 1823 cultis
1901 1768 1936 1823 et

291 1859 421 1922 incultis
443 1861 503 1923 viis
526 1870 558 1924 et
580 1861 675 1923 inviis
698 1858 839 1924 exitibus
862 1872 894 1924 et
916 1861 1072 1926 reditibus
1095 1862 1251 1948 quaesitis
1275 1870 1308 1924 et
1329 1860 1530 1947 inquirendis
1557 1864 1659 1947 pratis
1686 1863 1818 1948 pascuis
1841 1861 1933 1926 silvis

294 1963 386 2046 aquis
409 1984 606 2048 aquarumve
626 1961 817 2026 decursibus
832 1963 1027 2029 molendinis
1042 1963 1217 2029 mobilibus
1237 1973 1269 2028 et
1286 1963 1497 2027 inmobilibus
1517 1987 1574 2029 seu
1593 1966 1824 2049 cuiuscumque
1844 1963 1932 2028 modi

292 2064 440 2129 utilitatis
462 2064 505 2129 ad
527 2074 674 2129 nostrum
696 2066 746 2129 ius
769 2064 889 2131 habore
910 2066 1093 2151 videbatur,
1117 2091 1192 2133 cum
1216 2069 1303 2132 oumi
1327 2070 1511 2151 integritate
1534 2069 1711 2153 praedictis
1734 2067 1932 2132 monialibus
1956 2078 1986 2124 to

293 2168 484 2233 donavimus
507 2178 539 2233 et
562 2168 621 2233 sub
645 2179 802 2254 perpetua
831 2172 1017 2235 emunitatis
1047 2171 1200 2237 nostrae‘
1228 2173 1364 2236 tuitione
1393 2170 1652 2253 essevolumus,
1686 2173 1733 2235 ita
1761 2180 1797 2236 ut
1824 2170 1933 2236 nullus

292 2280 401 2336 noster
422 2270 521 2336 iudex
544 2281 599 2335 aut
622 2271 770 2356 publicus
793 2272 863 2336 fisci
888 2284 1024 2338 exactor
1046 2299 1105 2339 nec
1128 2298 1193 2341 non
1217 2277 1289 2360 ipsa
1312 2273 1481 2338 abbatissa
1498 2274 1550 2338 vel
1573 2273 1754 2339 advocatus
1772 2273 1825 2338 vel
1849 2274 1933 2339 alius

292 2373 409 2459 aliquis
431 2376 709 2458 praenominatam
732 2383 855 2439 curtem
878 2377 1002 2459 ingredi
1026 2377 1146 2443 audeat
1166 2386 1248 2443 aut⁸
1270 2377 1379 2442 fredas
1395 2376 1573 2462 exigendas
1589 2388 1646 2442 aut
1661 2386 1795 2463 paratas
1810 2377 1932 2443 facien·

293 2478 351 2541 das
373 2478 424 2541 vel
447 2477 631 2543 hominibus
662 2481 852 2564 praescripti
882 2483 1069 2544 monasterii
1099 2481 1178 2545 inibi
1208 2480 1432 2546 habitantibus
1462 2479 1735 2546 distractionemh
1764 2480 1932 2565 ingerendi

291 2580 341 2645 vel
364 2581 453 2645 aliud
476 2580 554 2667 quid
576 2584 745 2667 potestatis
769 2580 942 2645 exercendi
966 2581 1130 2648 licentiam
1152 2584 1281 2666 babeat,
1304 2586 1365 2648 nisi
1390 2583 1548 2648 moniales
1571 2593 1603 2647 ot
1625 2587 1813 2668 praeposita
1833 2606 1931 2669 quam
1951 2598 1987 2645 20

292 2682 353 2746 sibi
376 2685 466 2768 ipsae
487 2683 599 2747 utilem
622 2692 653 2748 et
675 2685 894 2748 necessariam
917 2686 1070 2767 habeant,
1094 2690 1160 2753 suis
1176 2698 1211 2752 ut
1226 2685 1376 2753 libueriti
1399 2686 1511 2751 usibus
1536 2687 1731 2771 adiungat.a
1753 2687 1797 2751 Et
1815 2695 1851 2751 ut
1868 2689 1932 2752 hoc

292 2786 563 2851 corroborationis
578 2786 630 2851 vel
654 2789 859 2851 auctoritatis
881 2774 1013 2855 nostrae
1036 2802 1248 2876 praeceptum
1270 2791 1372 2854 fixum
1395 2802 1428 2855 et
1449 2788 1616 2854 immobile
1639 2800 1839 2872 pemnaneat,
1863 2813 1932 2854 ear-

290 2898 357 2953 tam
379 2891 463 2954 hanc
486 2889 647 2955 conscribi
672 2900 705 2954 et
727 2891 814 2954 anuli
838 2893 939 2956 nostri
961 2894 1174 2977 impressione
1197 2894 1319 2975 signari
1337 2894 1499 2975 iussimus,
1523 2914 1619 2977 quam
1637 2901 1670 2956 et
1686 2914 1784 2956 manu
1801 2894 1933 2977 propria

291 2993 403 3059 subtus
426 2994 634 3058 firmavimus.

390 3130 405 3212 Ξ
427 3130 562 3216 Signum
585 3130 695 3195 domni
720 3130 850 3196 Ottouis
876 3134 964 3213 (MP.)
989 3130 1098 3215 magni
1122 3142 1154 3196 et
1177 3133 1380 3198 invictissimi
1404 3133 1609 3216 imperatoris
1633 3131 1810 3215 augustii}
1950 3146 1985 3192 25

390 3233 589 3314 {Lintolfus
612 3225 827 3300 cancellarius
851 3235 1000 3300 advicem
1022 3236 1223 3301 Uuillihelmi
1246 3236 1522 3322 archicappellani
1549 3237 1735 3319 recognovi.
1765 3234 1779 3312 ,l
1809 3238 1929 3317 (81.6.)

1849 3339 1932 3418 (su.)

391 3478 480 3542 Data
502 3476 569 3542 kal.
593 3487 686 3541 mart.
712 3499 798 3541 anno
822 3477 1005 3542 dominicae
1028 3480 1260 3542 incarnationis
1283 3494 1478 3541 occucurri-'1
1486 3527 1494 3559 ,
1525 3475 1702 3540 indictione
1727 3493 1818 3551 vnn,
1844 3498 1930 3539 auno

290 3583 380 3663 regni
403 3581 512 3645 doumi
537 3580 667 3645 Ottouis
692 3569 793 3663 xxxi,
825 3583 951 3666 imperii
975 3591 1082 3644 autem
1107 3599 1143 3661 νς
1176 3590 1284 3646 actutu
1308 3581 1494 3664 Diuspargo
1519 3578 1607 3663 quod
1631 3578 1828 3662 vulgaliter³
1854 3577 1931 3641 diei-

291 3704 362 3746 mus
384 3683 569 3766 Diusburg3
592 3684 624 3745 iu
648 3682 780 3747 domino
803 3682 939 3747 feliciter
962 3705 1067 3747 amen.
1950 3691 1985 3737 30

1066 3925 1153 3997 326.

301 4076 380 4152 Ouo
406 4078 565 4177 bestiitt'qt
590 4077 670 4151 deon
696 4079 857 4152 Basllturu
889 4077 988 4154 tlara
1014 4080 1092 4150 cirre
1118 4104 1190 4149 oon
1221 4077 1290 4149 cleu
1317 4076 1607 4173 Freipolussoueu
1638 4075 1829 4148 lturnorelu
1855 4074 1934 4146 arrd

301 4196 508 4271 Vodelbrelet
535 4200 712 4297 persedulo
745 4196 957 4295 ›S‘clrsrrluup
991 4200 1032 4271 iu
1064 4198 1288 4295 [sappiupea
1321 4196 1401 4267 aad
1434 4197 1492 4267 ein
1524 4196 1589 4266 urit
1619 4194 1794 4266 Adalbert
1826 4195 1930 4292 obpe-

291 4319 495 4391 scltlossenas
525 4318 561 4390 T
556 4319 827 4418 artscltyescltdft.
1415 4336 1617 4412 Qrtcdle‘nburp
1639 4339 1702 4394 966
1724 4333 1815 4407 April
1835 4338 1887 4394 22.

397 4525 645 4598 Originaldiplom
667 4528 709 4584 im
731 4527 931 4595 bisclrdsliclrca
945 4524 1055 4584 Arclu'v
1071 4542 1112 4583 su
1128 4524 1211 4584 Glrar
1234 4522 1297 4601 (A).
1321 4557 1363 4566 —
1387 4521 1615 4582 &kartula-rimu
1637 4541 1777 4595 aversanum
1801 4541 1858 4581 arcs
1881 4523 1933 4580 der
1950 4542 1983 4588 35

394 4629 484 4687 Mitte
505 4629 555 4687 des
577 4631 627 4688 15.
644 4628 697 4687 Jlt.
722 4627 745 4700 s.
771 4632 813 4688 97
834 4630 944 4688 euentu
966 4628 977 4705 (
1004 4628 1024 4706 ).

396 4766 523 4825 laelandi
542 4765 643 4826 Gallia
657 4771 771 4825 cometa
785 4769 849 4825 317
864 4769 911 4826 cit.
934 4799 979 4809 —
1003 4764 1188 4825 Grandidier
1210 4766 1243 4822 ia
1265 4766 1449 4825 erdtroeia
1470 4766 1555 4823 Nora
1577 4766 1656 4823 subs.
1681 4768 1711 4834 3,
1735 4768 1799 4823 397
1820 4769 1854 4821 n⁰
1869 4768 1931 4823 194

394 4886 450 4927 aas
467 4867 492 4927 0
512 4893 551 4921 =
573 4869 707 4943 Nonqurt
725 4868 786 4927 CD.
803 4867 896 4926 sltem.
913 4873 943 4939 1,
961 4871 1022 4927 614
1044 4873 1079 4925 a⁰
1095 4870 1157 4926 758
1173 4867 1260 4926 Estr.
1284 4900 1326 4911 -
1349 4869 1497 4928 Wirtanb.
1520 4868 1584 4927 UB.
1608 4872 1638 4935 1,
1654 4870 1719 4927 217
1740 4870 1854 4925 69197
1875 4886 1932 4926 aas

394 4970 433 5031 A.
460 5006 501 5014 -
530 4972 620 5030 Molrr
643 4970 705 5031 01).
728 4972 814 5031 Boot.
838 4976 868 5043 1,
892 4975 934 5031 86
954 4977 989 5029 a⁰
1013 4974 1051 5030 61
1076 4988 1133 5029 aas
1155 4967 1193 5028 A.
1223 5004 1266 5011 -
1293 4971 1613 5044 Beneuentanum.
1642 5003 1684 5013 -
1712 4969 1841 5042 Sturnpf
1858 4972 1930 5044 Ray.

395 5079 466 5135 403.
490 5109 534 5119 -
555 5074 669 5133 Hidber
690 5076 763 5147 ch.
788 5078 881 5135 1085.
1949 5085 1984 5131 40

393 5213 479 5273 Naclr
500 5211 565 5271 mas
586 5212 705 5271 Dictate
727 5212 777 5271 des
799 5211 865 5270 LE.
886 5211 1073 5284 qesctriebcn
1093 5228 1150 5269 von
1170 5207 1244 5281 LO,
1267 5209 1391 5281 romnus
1401 5210 1480 5280 LK,
1504 5210 1623 5269 welrlrer
1637 5213 1713 5270 araris
1730 5212 1777 5269 die
1792 5212 1932 5283 Fassuap

393 5317 444 5376 der
467 5316 620 5376 Titalatar
641 5317 810 5389 beaafleast
831 5317 924 5375 habea
946 5315 1022 5374 wird
1046 5314 1111 5393 (apl.
1127 5316 1193 5375 DO.
1210 5313 1297 5393 318),
1321 5316 1376 5375 dos
1397 5316 1722 5388 Reoopaitioasseiclreu
1744 5314 1929 5387 ltinsull‘lptn

380 5500 438 5553 ³²⁵.
465 5501 559 5570 [Foltz]
663 5501 728 5568 a)A
828 5503 856 5564 b)
873 5519 941 5554 corr.
958 5518 1006 5552 arse
1022 5505 1171 5569 praentium
1266 5504 1292 5565 e)
1310 5501 1372 5553 r’s‘ber
1388 5501 1436 5552 der
1452 5500 1522 5550 Zeila
1537 5498 1725 5564 namurcum
1820 5500 1847 5561 d)
1865 5517 1930 5551 corr.

463 5588 510 5620 aaa
528 5578 554 5621 et
640 5574 665 5632 c)
685 5572 784 5623 llooldi
796 5600 829 5608 —
842 5573 987 5637 Borhtergo
1006 5573 1035 5620 iu
1051 5571 1235 5637 crept-duplat
1246 5570 1449 5635 froiqelarrenm
1467 5569 1553 5619 Raram
1569 5567 1755 5631 coelipeta-apen
1843 5570 1864 5629 s)
1882 5585 1933 5620 aon

465 5640 522 5689 LK.
541 5646 590 5689 erat
607 5640 675 5689 ancli
698 5642 820 5691 volumus
841 5641 1002 5704 pactuatus
1024 5640 1079 5690 and
1095 5642 1179 5691 durch
1197 5639 1470 5703 Vmemmgmeten
1491 5638 1532 5686 ala
1556 5637 1643 5686 lu'elrcr
1664 5636 1769 5699 petora
1792 5638 1932 5687 liezeiclmet
1948 5635 1983 5682 46

463 5718 491 5775 g)
509 5709 532 5759 A
549 5715 610 5758 rtatt
632 5712 666 5759 ad
771 5712 799 5775 lr)
818 5710 840 5759 A
858 5716 919 5759 rtatt
936 5710 1126 5759 districtionem
1229 5710 1250 5775 i)
1269 5726 1286 5757 u
1303 5708 1365 5758 uter
1380 5708 1428 5758 der
1445 5707 1514 5756 Zeila
1533 5705 1727 5771 uacdpetrayen.
