4500 6420
970 467 1095 525 ΟΤΤΟ
1117 467 1141 523 Ι.
1166 462 1239 523 965.
1355 526 1359 531 ,
1863 456 1928 523 423

281 646 427 712 tuitionis
450 648 655 733 patrocinio⁰
677 649 945 731 condonavimus,
969 650 1184 734 precipientes
1205 649 1268 714 hoc
1287 651 1515 734 imperatoriae
1535 651 1740 715 auctoritatis
1759 662 1925 737 precepto,

282 772 346 834 quo
377 753 411 816 in
440 752 589 817 omnibus
617 752 674 817 tali
704 754 948 838 patrocinentur
975 752 1077 816 tutela
1106 762 1138 817 ct
1167 755 1333 837 potiantur
1360 756 1429 818 iure
1453 753 1542 838 quali
1565 763 1745 818 ceterarum
1767 753 1926 838 regalium

281 853 445 918 institores
468 855 607 937 urbium,
630 878 790 943 nemoque
813 855 892 921 inibi
916 854 1060 941 aliquam
1083 855 1146 920 sibi
1169 856 1321 920 vendicet
1342 864 1549 941 potestatem,
1572 857 1635 920 nisi
1658 857 1775 942 prefati
1798 859 1927 942 pontifi-

281 965 374 1021 catus
396 957 662 1045 archiepiscopus
685 968 717 1023 et
739 979 836 1044 quem
858 959 928 1043 ipse
951 958 995 1022 ad
1016 957 1080 1023 hoc
1102 957 1317 1042 delegaverit,
1348 980 1448 1024 manu
1476 968 1589 1024 nostra
1618 959 1745 1042 signato
1775 970 1807 1025 et
1836 960 1925 1026 anuli

247 1075 263 1120 a
282 1060 384 1123 nostri
406 1061 620 1145 impressione
642 1060 807 1127 roborato.

383 1211 492 1278 Aetas
511 1232 558 1279 ιν.
581 1215 654 1279 idus
678 1218 808 1302 augusti
833 1238 918 1281 anno
942 1215 1125 1280 dominicae
1147 1217 1382 1281 incarnationis
1405 1231 1616 1298 Dccccuxw,
1650 1214 1828 1281 indictione
1851 1234 1925 1299 vm,

281 1337 367 1381 anno
384 1316 506 1382 domini
524 1317 655 1384 Ottonis
671 1321 782 1405 magni
804 1321 1009 1406 imperatoris
1032 1321 1123 1405 regni
1146 1337 1243 1401 xxxi,
1267 1321 1393 1404 imperii
1411 1327 1515 1382 vero⁸
1537 1336 1590 1400 1v3
1612 1328 1722 1383 actum
1737 1319 1925 1402 Mersburg3

282 1420 316 1483 in
339 1419 390 1484 dci
413 1422 544 1486 nomine
565 1421 713 1487 feliciter.

1059 1643 1145 1719 308.

232 1818 264 1865 1o
291 1793 371 1871 Otto
398 1796 544 1870 ecrlct'bt
569 1796 639 1870 deu
665 1798 838 1872 Bautae
865 1798 1239 1872 maturabatur
1265 1826 1310 1872 zu
1336 1801 1533 1899 Lttueburq
1559 1800 1630 1873 dec
1644 1799 1803 1899 sttafteu
1825 1801 1928 1874 Ttett
1958 1811 1979 1895 χ

282 1916 342 1990 des
368 1917 593 1992 Murktzolles
620 1919 780 1994 dosolbst.
1554 1940 1880 2002 -9650166661,
1951 2012 1955 2023 Ι

384 2124 472 2200 copta
493 2127 542 2187 des
564 2131 615 2188 12.
632 2127 685 2188 Jb.
708 2130 751 2187 tm
772 2127 1022 2189 1686666666ὴὶ6
1043 2146 1084 2187 su
1106 2128 1267 2187 Houuouer
1290 2126 1354 2206 (B).

382 2279 548 2354 Pfefftuper
566 2283 730 2343 Vttrtarius
752 2283 861 2343 illustr.
886 2288 916 2353 1,
941 2287 1005 2344 982
1026 2301 1083 2343 aas
1104 2283 1135 2342 B
1157 2306 1197 2335 =
1220 2282 1386 2357 Pfefftuqer
1400 2284 1480 2344 Hist.
1497 2284 1548 2343 des
1563 2285 1925 2358 Brounsebwetp-Isttue-

383 2385 466 2458 6666.
483 2385 600 2444 Huuscs
616 2391 646 2457 1,
663 2389 735 2446 309.
759 2419 801 2429 -
823 2385 1210 2460 Η6666666166666696
1229 2386 1293 2446 UB.
1319 2391 1348 2458 7,
1372 2388 1391 2447 5
1413 2389 1482 2447 605
1505 2404 1562 2446 aas
1584 2386 1622 2445 B.
1645 2419 1688 2430 -
1710 2386 1840 2445 Bttmer
1853 2388 1923 2461 Ray.

383 2488 456 2546 306.
479 2520 523 2530 —
544 2486 673 2560 &umus
690 2489 762 2562 Res.
786 2490 860 2549 386.

385 2641 520 2714 Versasst
541 2643 618 2716 666,
651 2645 705 2702 soie
726 2645 780 2703 dus
802 2647 836 2703 tu
857 2645 887 2704 Β
908 2643 1084 2718 abpebttdete
1107 2643 1167 2704 SR.
1192 2644 1330 2716 durttsut,
1362 2645 1439 2703 6666
1464 2644 1650 2718 percurrebat
1677 2661 1734 2704 666
1759 2643 1827 2702 LK.
1865 2643 1926 2702 Dte

382 2745 540 2804 Bedenten
567 2747 670 2806 66666
691 2748 795 2820 Kepos
816 2750 850 2806 tu
871 2746 1029 2806 Dttmmter
1051 2747 1157 2806 Jutrrb.
1183 2746 1216 2806 0.
1237 2755 1260 2806 Ι.
1285 2750 1349 2807 578
1373 2765 1464 2821 seyen
1491 2747 1590 2809 DDO.
1614 2750 1687 2818 308,
1711 2751 1773 2807 309
1803 2748 1925 2806 616666

382 2849 441 2919 bot,
464 2849 534 2908 stad
555 2851 643 2908 schoa
664 2868 719 2908 ocu
742 2850 878 2911 Weiluad
897 2852 931 2909 in
946 2851 997 2910 88.
1013 2852 1066 2921 23,
1083 2852 1147 2911 393
1169 2851 1214 2909 als
1235 2852 1314 2909 6616
1335 2851 1502 2924 sttsbhutttp
1524 2853 1663 2910 6666366
1684 2849 1809 2910 socrdem.

483 3052 523 3116 In
545 3054 675 3117 nomine
698 3061 810 3137 sancte
833 3064 865 3117 et
886 3052 1053 3136 individue
1075 3052 1238 3118 trinitatis.
1283 3051 1362 3118 Otto
1387 3052 1497 3117 divina
1519 3053 1650 3118 favente
1672 3053 1844 3118 clementia
1866 3055 1924 3118 im·

229 3173 262 3219 20
281 3164 411 3240 perator
428 3163 596 3239 augustus.
690 3156 827 3220 Noverit
849 3158 991 3221 omnium
1013 3154 1158 3220 fidelium
1179 3165 1365 3221 nostrorum
1387 3163 1454 3219 tam
1477 3157 1697 3240 praesentium
1719 3179 1817 3241 quam
1840 3156 1924 3221 futu·

279 3281 390 3324 rorum
419 3260 595 3344 industria,
630 3260 768 3347 qualiter
795 3284 855 3327 nos
884 3263 1067 3326 interventu
1096 3259 1205 3325 dilecti
1237 3260 1367 3325 comitis
1397 3260 1499 3324 nostri
1530 3260 1722 3324 Herimanni
1757 3259 1798 3326 ob
1833 3282 1923 3346 spem

279 3365 548 3429 remunerationis
572 3363 696 3449 divine,
727 3388 786 3452 pro
814 3365 957 3431 remedio
990 3373 1022 3429 et
1051 3362 1256 3428 absolutione
1285 3365 1392 3447 anime
1425 3374 1534 3448 nostre
1565 3362 1745 3450 dilectqque
1774 3365 1923 3448 coniugis

280 3476 390 3551 nostre
417 3466 609 3532 Adalheidis
637 3467 759 3554 filiique
785 3471 888 3533 nostri
911 3468 1071 3532 carissimi
1095 3465 1226 3531 Ottonis
1248 3465 1404 3531 fratribus
1428 3467 1461 3530 in
1483 3465 1686 3531 Livniburch
1710 3465 1771 3530 deo
1796 3477 1923 3533 sancto·

281 3594 343 3657 que
365 3570 540 3635 Michaheli
565 3571 777 3636 servientibus
802 3573 947 3657 quintam
970 3581 1095 3656 partem
1118 3571 1223 3634 tocius
1247 3568 1364 3633 telonei
1389 3567 1432 3632 ad
1455 3578 1602 3633 nostrum
1629 3570 1680 3634 ius
1709 3570 1923 3654 pertinentem

228 3690 261 3736 25
280 3673 320 3738 de
342 3686 485 3740 mercato
507 3675 731 3739 concessimus
750 3676 784 3738 in
800 3672 1012 3754 Liuniburch,
1035 3682 1072 3738 ut
1094 3695 1221 3758 semper
1243 3672 1368 3758 absque
1391 3670 1488 3736 ullius
1511 3671 1769 3737 contradictione
1791 3680 1924 3736 teneant

280 3787 311 3841 et
334 3778 523 3862 possideant
546 3787 579 3842 et
601 3780 668 3842 suis
691 3788 726 3842 ut
748 3776 878 3842 libuerit
900 3777 1014 3842 usibus
1037 3776 1227 3861 adiungunt.
1271 3776 1315 3839 Et
1337 3784 1373 3840 ut
1394 3775 1454 3860 hec
1477 3775 1615 3840 tradicio
1645 3777 1765 3840 nostris
1793 3775 1923 3839 futuris·

279 3902 341 3967 que
364 3881 564 3966 temporibus
586 3880 710 3946 firmius
732 3880 892 3945 habeatur
913 3881 1084 3965 veriusque
1107 3879 1274 3961 credatur,
1308 3878 1393 3943 hanc
1422 3878 1553 3943 kartam
1581 3879 1744 3944 conscribi
1772 3887 1805 3943 et
1833 3877 1923 3943 anuli

277 3987 378 4049 nostri
401 3987 604 4070 inpressione
627 3985 749 4069 signari
771 3984 934 4066 iussimus,
958 4005 1055 4069 quam
1078 3992 1110 4047 et
1132 4005 1231 4049 manu
1253 3983 1387 4068 propria
1409 3982 1523 4047 subtus
1545 3983 1756 4048 firmavimus.

381 4140 516 4224 Signum
540 4140 669 4205 Ottonis
692 4141 756 4222 (M.)
777 4141 887 4224 magni
912 4149 943 4204 et
966 4141 1169 4204 invictissimi
1193 4139 1409 4223 imperatoris.

228 4271 261 4319 30
381 4259 552 4324 Livdolfus
575 4260 790 4324 cancellarius
812 4260 961 4325 advicem
982 4260 1147 4324 Brunonis
1169 4257 1449 4323 archicancellarii
1473 4258 1659 4343 recognovi.
1838 4256 1921 4337 (su)

381 4416 470 4479 Data
492 4415 559 4479 kal.
578 4414 686 4480 octob.
709 4437 795 4479 anno
820 4415 981 4500 dominice
1003 4414 1237 4479 incarnationis
1260 4428 1452 4494 Dccccuxv,
1475 4411 1652 4475 indictione
1669 4427 1742 4492 vl11,
1765 4419 1921 4493 regnante

278 4521 332 4604 pio
358 4519 477 4583 Ottonc
501 4541 586 4583 anno
610 4536 684 4582 xxx
707 4521 822 4604 primo,
845 4519 971 4604 imperii
995 4527 1104 4583 autem
1127 4535 1197 4601 11113
1221 4527 1330 4582 actum
1355 4538 1422 4597 ...ς
1445 4516 1478 4578 in
1501 4514 1632 4579 domino
1656 4511 1793 4577 feliciter
1815 4535 1921 4577 amen.

1056 4756 1142 4832 309.

287 4916 366 4993 Otto
393 4916 539 4990 vcrlcibt
565 4916 635 4989 deu
661 4914 834 4987 Brttderu
861 4914 921 4987 cles
947 4911 1245 4986 Michaellolostcrs
1270 4936 1316 4985 zu
1341 4910 1538 5008 muscum
1564 4910 1635 4983 deu
1654 4908 1814 4983 Zebuteu
1839 4934 1920 4983 core
1958 4958 1973 5044 q

226 5061 259 5108 as
279 5038 377 5112 Zella
403 5065 449 5110 zu
472 5035 681 5110 Bardaetta.
1553 5083 1595 5093 —
1618 5051 1680 5111 965
1701 5048 1825 5108 Ottoter
1846 5054 1876 5108 1.

381 5244 559 5318 Coptcltucb
579 5261 636 5303 666
657 5242 834 5306 8616666
855 5260 912 5302 aas
935 5242 1000 5300 dero
1021 5241 1108 5301 Eudo
1130 5240 1180 5301 des
1202 5245 1253 5300 14.
1270 5240 1323 5300 Jb.
1347 5238 1371 5311 f.
1387 5229 1418 5300 2‘
1441 5242 1483 5298 tm
1505 5239 1532 5297 ts.
1551 5238 1750 5297 Stactsurchiv
1771 5255 1811 5295 au
1833 5237 1919 5295 Hun-

376 5365 466 5407 uover
489 5346 553 5426 (Ο).
577 5381 621 5390 -
643 5345 821 5420 Coptulbuctt
842 5363 899 5405 uus
922 5345 988 5403 dem
1009 5344 1095 5403 Eride
1122 5343 1172 5403 des
1196 5347 1246 5403 14.
1263 5343 1316 5406 Ju.
1334 5361 1368 5416 p.
1393 5346 1411 5402 4
1436 5343 1555 5413 stende,
1578 5359 1634 5400 uus
1658 5338 1713 5419 0(
1744 5338 1764 5419 ).

361 5532 421 5586 807.
448 5539 471 5598 e)
491 5533 683 5602 patrociniaO,
711 5534 848 5602 patrocina
865 5533 894 5584 D
995 5532 1016 5595 f>
1037 5530 1087 5584 ΟΒ
1186 5532 1214 5598 g)
1234 5529 1271 5593 D,
1282 5529 1353 5594 sebit
1370 5531 1399 5580 tn
1419 5527 1447 5583 (ι’.

363 5638 422 5691 808.
449 5638 552 5707 [Foltal.

224 5739 259 5788 40
361 5741 420 5796 ³00.
448 5741 553 5811 [Foltzl.
