4298 6414
887 465 1012 525 ΟΤΤΟ
1034 466 1058 523 1.
1082 460 1273 524 aes-973.
1837 457 1901 524 589

255 650 355 715 etiam
382 647 585 714 dilectissimi
614 648 769 734 genitoris
798 648 899 712 nostri
927 648 1075 712 Heinriei
1104 649 1189 731 regis
1218 647 1363 733 prefatos
1391 647 1539 712 homines
1564 669 1622 712 seu
1644 647 1780 714 colonos
1804 672 1901 735 super

255 763 360 818 terras
388 754 559 819 memorati
589 752 779 817 monasterii
807 750 915 816 ubivis
939 761 1172 816 conmanentes
1195 753 1276 836 ipsis
1298 749 1455 815 tradimus
1478 761 1510 814 et
1533 750 1692 816 donamus
1716 761 1748 816 et
1770 752 1901 818 eosdem

255 856 404 921 homines
434 852 621 941 supradicto
650 853 762 919 abbati
791 853 981 918 Hadamaro
1011 862 1043 918 ct
1072 857 1139 919 suis
1168 853 1411 918 successoribus
1442 875 1502 917 nec
1532 875 1598 917 non
1621 865 1654 918 et
1675 855 1844 919 monachis
1867 857 1900 920 in

256 978 335 1043 sepe
358 956 447 1023 dicto
469 958 666 1023 monasterio
684 956 815 1022 domino
831 956 1044 1022 militantibus
1059 958 1253 1022 auctoritate
1268 957 1358 1040 regia
1374 956 1614 1022 confirmamus.
1653 956 1780 1038 Quibus
1803 960 1900 1024 etiam

222 1061 373 1128 adamus
395 1061 455 1127 hos
478 1063 590 1147 apices
613 1062 795 1126 serenitatis
818 1071 950 1125 nostrae
974 1082 1031 1145 per
1054 1058 1185 1124 anulum
1208 1070 1355 1124 nostrum
1383 1062 1555 1144 insignitos
1578 1082 1636 1146 per
1658 1082 1740 1146 quos
1764 1064 1900 1147 precipi-

254 1188 328 1232 mus
344 1175 378 1230 et
392 1165 597 1248 mandamus,
620 1174 656 1230 ut
670 1163 778 1230 nullus
793 1163 893 1229 iudex
909 1161 1060 1248 publicus
1083 1162 1135 1227 vel
1158 1161 1275 1248 aliquis
1297 1162 1485 1228 iudiciariae
1508 1165 1680 1248 potestatis
1703 1174 1900 1230 memoratos

254 1269 403 1334 homines
426 1269 648 1352 constringere
670 1266 721 1331 vel
743 1266 932 1350 perturbare
955 1278 1122 1352 presumat
1144 1278 1201 1333 aut
1223 1267 1264 1331 ab
1289 1269 1336 1332 eis
1359 1267 1483 1354 aliquid
1507 1279 1714 1356 extorquere,
1742 1269 1800 1335 sed
1824 1291 1900 1355 sepe

256 1371 363 1436 dictus
386 1370 491 1436 abbas
514 1380 546 1434 et
569 1372 618 1435 sui
641 1391 846 1435 successores
868 1369 1005 1435 liberam
1026 1370 1170 1436 habeant
1192 1381 1387 1456 potestatem
1410 1373 1578 1438 hominum
1602 1372 1805 1456 eorumdem,
1839 1395 1900 1437 nec

255 1475 354 1540 liceat
377 1476 424 1539 eis
447 1484 483 1538 ut
505 1473 646 1561 aliquem
670 1473 710 1539 de
733 1495 810 1559 sepe
831 1475 908 1539 fatis
931 1472 1116 1539 hominibus
1144 1474 1243 1540 alicui
1271 1475 1457 1541 mortalium
1484 1477 1517 1539 in
1546 1475 1740 1541 beneficium
1769 1476 1902 1542 tradant

210 1598 241 1645 ιο
256 1578 310 1644 vel
328 1580 362 1643 in
377 1577 475 1643 feodo
491 1578 673 1660 conferant,
698 1579 774 1663 quia
796 1600 853 1643 eos
877 1577 938 1643 sub
961 1577 1023 1642 hac
1047 1578 1234 1644 conditione
1256 1580 1314 1642 in²
1336 1579 1525 1644 monasterii
1546 1579 1648 1664 ipsius
1671 1581 1742 1643 iura
1763 1582 1901 1644 transire

255 1683 487 1767 permittimus,
516 1689 552 1746 ut
574 1701 686 1746 eorum
708 1680 852 1746 conditio
876 1681 1018 1747 deterior
1039 1704 1103 1746 non
1125 1681 1198 1764 fiat,
1231 1681 1288 1747 sed
1317 1682 1405 1769 quod
1433 1704 1511 1767 sepo
1540 1682 1678 1748 dicendo
1703 1686 1899 1749 monasterio

256 1784 397 1850 Fulthae
420 1784 530 1871 quoad
552 1783 742 1849 nutriendas
765 1807 922 1870 personas
941 1796 972 1851 et
993 1785 1174 1851 inbuendas
1190 1785 1373 1850 scolasticis
1389 1785 1570 1871 disciplinis
1587 1788 1728 1851 serviant
1743 1785 1784 1850 de
1800 1788 1900 1851 omni-

256 1888 317 1954 bus
341 1910 404 1974 que
427 1888 542 1954 adius
564 1887 636 1952 fisci
658 1888 777 1972 regalis
799 1899 950 1974 poterant
972 1892 1142 1976 provenire
1165 1891 1205 1956 de
1227 1890 1412 1956 hominibus
1436 1890 1620 1956 antedictis.
1656 1891 1808 1956 Preterea
1830 1913 1899 1976 pre·

257 1993 396 2077 cipimus
419 2002 452 2056 et
473 1990 704 2056 confirmamus
727 2001 902 2078 nostraque
925 1994 1026 2081 regali
1049 2004 1210 2081 potestate
1233 2004 1266 2060 ot
1288 1996 1481 2060 auctoritate
1503 1993 1734 2077 interdicimus,
1757 2017 1798 2060 ne
1815 1994 1901 2061 ullus

216 2112 241 2160 tt
257 2097 451 2181 principum,
475 2094 594 2160 ducum
612 2094 764 2160 videlicet
787 2097 1011 2163 marchionum
1034 2100 1187 2165 comitum
1203 2097 1254 2162 vel
1273 2098 1413 2164 aliorum
1435 2099 1527 2181 regni
1549 2097 1717 2180 nobilium,
1738 2100 1771 2162 in
1794 2100 1901 2163 termi-

256 2201 306 2264 nis
334 2208 393 2265 aut
420 2198 528 2264 fundis
558 2221 640 2285 quos
669 2199 729 2264 sub
759 2201 908 2266 Romano
937 2203 1073 2288 imperio
1106 2205 1213 2287 ipsum
1241 2199 1427 2266 venerabile
1458 2199 1634 2264 Fnlthense
1668 2201 1900 2265 monasterium

256 2304 414 2389 possidet,
441 2301 562 2389 oppida
585 2311 695 2369 castra
718 2302 768 2367 vel
792 2304 928 2369 castella
950 2306 1002 2370 vel
1026 2306 1153 2391 aliquas
1177 2307 1308 2370 omnino
1332 2304 1527 2369 munitiones
1550 2312 1652 2389 ponat
1674 2304 1824 2369 instituat
1846 2314 1903 2368 aut

255 2407 418 2489 informet,
440 2405 592 2472 thelonea
615 2408 714 2471 etiam
736 2407 911 2492 vectigalia
934 2409 1075 2493 pedagia
1096 2419 1244 2474 monetas
1268 2419 1300 2473 et
1321 2406 1519 2472 wiltbannos
1542 2407 1693 2473 omnibus
1715 2407 1901 2473 hominibus

256 2513 490 2597 cuiuscumque
518 2510 697 2576 nobilitatis
727 2509 893 2595 dignitatis
916 2511 968 2575 vel
996 2513 1227 2595 proeminentia
1257 2512 1413 2592 existant,
1443 2509 1666 2574 interdicimus
1694 2511 1727 2574 in
1755 2513 1901 2575 terminis

208 2633 239 2683 so
257 2636 316 2678 seu
338 2611 602 2699 possessionibus
624 2616 813 2678 monasterii
837 2613 1026 2699 supradicti.
1071 2614 1115 2678 Et
1138 2614 1214 2698 quia
1237 2636 1313 2699 sepe
1336 2613 1422 2678 fatus
1445 2612 1549 2678 abbas
1572 2613 1783 2679 Hadamarus
1805 2613 1901 2679 nobis
1934 2682 1937 2687 ,

257 2727 307 2782 est
326 2725 523 2803 conquestus
546 2715 636 2803 quod
657 2718 793 2781 comites
816 2715 1034 2801 provinciales
1058 2725 1090 2781 et
1112 2715 1167 2780 alii
1189 2715 1317 2781 nobiles
1338 2716 1502 2780 ministros
1525 2725 1557 2779 et
1571 2714 1733 2780 vassallos
1756 2738 1797 2780 ac
1819 2714 1901 2780 alios

257 2820 406 2885 homines
429 2840 507 2885 suos
530 2818 574 2884 ad
595 2817 717 2884 iudicia
740 2818 873 2904 publica
895 2829 989 2884 extra
1010 2822 1165 2884 terminos
1189 2819 1378 2905 pertrahant
1405 2841 1522 2904 genere
1545 2818 1787 2901 monomachia,
1815 2817 1902 2884 unde
1993 2905 1995 2909 Α

256 2925 493 2989 monasterium
515 2922 671 3007 affligitur
693 2931 726 2987 et
748 2932 911 3006 gravatur,
935 2922 1073 3009 ideoque
1096 2934 1132 2988 ut
1155 2922 1356 3008 sepedictus
1378 2921 1483 2987 abbas
1507 2930 1539 2985 et
1562 2922 1611 2985 sui
1634 2942 1839 2986 successores
1862 2944 1900 2985 ac

257 3027 366 3111 ipsum
380 3024 558 3090 Fulthense
572 3026 805 3090 monasterium
821 3046 895 3088 cum
918 3027 1067 3109 personis
1089 3036 1121 3090 et
1144 3025 1294 3092 omnibus
1317 3024 1411 3090 bonis
1435 3027 1502 3090 suis
1525 3024 1621 3109 plena
1644 3023 1786 3109 gaudeat
1807 3024 1902 3090 liber·

206 3151 239 3198 as
258 3139 342 3213 tate,
374 3128 612 3194 districtissime
635 3127 845 3213 prohibemus
868 3137 904 3193 ut
925 3127 1033 3193 nullus
1055 3129 1154 3195 iudex
1177 3128 1327 3214 publicus
1350 3128 1419 3193 dux
1441 3128 1587 3193 marchio
1610 3149 1720 3193 comes
1742 3129 1795 3194 vel
1817 3131 1901 3194 viee·

259 3253 370 3298 comes
392 3233 556 3297 ministros
579 3230 743 3296 vassallos
766 3240 823 3296 aut
844 3229 992 3296 homines
1014 3233 1117 3316 ipsius
1140 3232 1328 3297 monasterii
1351 3240 1419 3297 tam
1442 3235 1599 3317 ingenuos
1623 3255 1720 3319 quam
1739 3243 1771 3298 et
1789 3256 1902 3299 servos

259 3336 304 3402 ad
325 3336 447 3401 iudicia
468 3334 579 3421 aliqua
600 3334 747 3417 trahant,
777 3332 837 3398 sed
858 3356 970 3399 coram
993 3333 1115 3400 abbate
1139 3336 1192 3419 qui
1216 3344 1293 3399 tunc
1315 3335 1413 3401 fuerit
1435 3358 1553 3401 causas
1577 3358 1653 3401 suas
1676 3347 1792 3421 agant3
1820 3340 1902 3402 etsi

259 3439 365 3506 abbas
387 3438 517 3524 tepidus
540 3448 573 3503 et
594 3440 748 3503 remissus
771 3447 829 3503 aut
849 3438 1025 3503 iniuriosus
1048 3438 1295 3524 querulantibus
1325 3447 1427 3521 esset,
1458 3460 1569 3503 coram
1591 3459 1668 3523 rege
1690 3439 1742 3503 vel
1764 3441 1901 3524 impera·

259 3555 329 3609 tore
351 3542 404 3607 vel
427 3541 590 3626 deputatis
614 3541 655 3606 ab
680 3545 726 3607 eis
756 3543 920 3607 iusticiam
948 3551 1198 3628 consequantur.
1243 3542 1287 3606 Et
1315 3564 1356 3606 ne
1385 3564 1443 3628 por
1471 3542 1580 3607 futura
1608 3551 1756 3627 tempora
1785 3542 1902 3628 aliquis

209 3664 242 3712 ao
259 3646 445 3713 mortalium
474 3655 589 3711 contra
616 3645 676 3710 hos
709 3647 820 3730 apices
849 3645 1031 3710 serenitatis
1060 3655 1192 3709 nostrae
1219 3649 1330 3711 venire
1360 3647 1463 3732 possit
1484 3645 1536 3710 vel
1559 3645 1694 3728 audeat,
1724 3668 1781 3712 eos
1804 3647 1901 3712 anulo

258 3760 371 3816 nostro
394 3760 432 3815 ut
454 3751 601 3834 superius
624 3750 830 3834 premisimus
854 3750 1065 3833 consignatos
1088 3771 1188 3812 manu
1210 3748 1401 3815 roborantes
1425 3752 1558 3836 propria
1581 3749 1692 3815 abbati
1711 3750 1902 3816 Hadamaro

259 3866 291 3919 et
314 3855 382 3918 suis
406 3852 651 3937 successoribus
673 3851 906 3938 monachisque
928 3861 961 3916 ct
982 3853 1180 3916 monasterio
1196 3850 1366 3918 Fulthensi
1390 3853 1505 3918 damus
1521 3863 1553 3917 et
1568 3854 1726 3918 tradimus
1748 3857 1781 3919 in
1803 3854 1904 3919 robur

260 3958 404 4022 omnium
427 3957 668 4042 premissorum,
693 3965 789 4020 uteo
813 3954 928 4020 melius
952 3965 1099 4018 sanctam
1122 3957 1410 4038 congregationem
1432 3956 1535 4040 ipsius
1557 3957 1747 4021 monasterii
1765 3955 1903 4021 delectet

260 4084 318 4147 pro
342 4061 439 4127 nobis
462 4061 601 4146 coniuge
624 4069 738 4126 nostra
760 4082 799 4124 ac
823 4059 915 4144 prole
938 4057 1060 4122 domini
1082 4059 1339 4124 misericordiam
1363 4080 1510 4123 exorare.

210 4230 242 4278 35
362 4201 376 4283 Ξ
399 4198 535 4282 Signum
558 4197 679 4263 domini
704 4197 858 4263 Otthonis
880 4197 1084 4260 invictissimi
1107 4198 1193 4282 regis
1215 4202 1229 4282 ij
1253 4198 1317 4278 (Μ.)

361 4303 376 4387 ξ
398 4300 523 4366 Hoholt
545 4300 775 4367 cancellarusb
798 4300 946 4365 advicem
968 4301 1132 4365 Brunonis
1155 4300 1408 4386 archicapellani
1432 4300 1619 4384 recognovi.
1641 4301 1656 4382 {t
1776 4300 1833 4377 (SI.
1850 4300 1901 4378 D.)

362 4440 451 4503 Data
472 4438 539 4504 kal.
557 4439 738 4505 decembris
762 4461 848 4505 anno
873 4439 1035 4504 dominice
1059 4441 1292 4504 incarnationis
1315 4454 1484 4519 cccccxt,
1508 4437 1684 4502 indictione
1700 4416 1788 4518 xlni,
1812 4436 1902 4520 rcgni

258 4564 337 4607 vero
362 4540 471 4607 domni
495 4539 649 4606 Otthonis
672 4542 810 4627 piissimi
832 4544 919 4627 regis
943 4544 1072 4628 quinto,
1102 4552 1210 4608 achim
1233 4552 1313 4629 aput
1333 4540 1603 4622 Frankenvvrth3
1637 4540 1823 4604 innomine
1847 4538 1902 4603 do·

259 4646 337 4710 mini
362 4644 499 4711 feliciter
522 4668 627 4709 amen.

209 4865 242 4911 ιο
1040 4831 1125 4905 [437.

993 4987 1170 5066 (utrecht.)

270 5125 350 5201 Otto
378 5127 547 5219 bestiuuut
574 5126 632 5199 die
658 5124 822 5202 Greuzea
850 5125 910 5198 des
936 5151 1008 5197 ‘oo-u
1036 5125 1107 5197 ι’]ιιιι
1131 5125 1374 5223 peprttudcteu
1401 5125 1581 5198 Bistbuvus
1608 5125 1771 5197 thebaea.

1447 5248 1555 5305 alatur
1577 5250 1640 5307 948
1663 5246 1786 5306 Joauar
1809 5251 1859 5305 11.

338 5484 341 5490 .
365 5437 506 5498 Urbanus
528 5437 577 5497 cles
602 5441 651 5497 12.
669 5438 721 5497 Ju.
747 5440 779 5496 ia
799 5437 1003 5512 Diplomform
1026 5439 1066 5495 ιἰιι
1088 5437 1115 5495 b.
1133 5437 1253 5509 Haupt·
1275 5436 1339 5495 aaa
1361 5435 1564 5496 Staatsarcbiv
1584 5453 1626 5494 su
1647 5435 1784 5494 Drasdea
1804 5433 1865 5512 (Α).

209 5590 243 5636 ts
364 5575 485 5636 Statuta
499 5575 602 5650 synod.
618 5593 661 5649 cp.
679 5577 773 5636 Mssa.
799 5576 841 5634 at.
863 5584 880 5635 Ι
902 5573 1009 5653 (1504)
1024 5576 1064 5634 35
1086 5591 1143 5633 aas
1158 5575 1185 5631 Α
1210 5597 1249 5626 =
1273 5573 1316 5632 ert.
1334 5582 1368 5634 ll
1389 5571 1651 5651 (Boutsca1627)
1668 5575 1709 5633 95
1734 5595 1772 5624 =
1796 5571 1905 5630 Moder

348 5741 407 5798 430.
435 5743 530 5814 [l'oltz]
634 5744 660 5812 a)
679 5748 707 5796 in
725 5747 753 5795 ιἰι
770 5744 793 5796 A
811 5744 998 5812 mbqetropcn
1099 5748 1127 5809 b)
1146 5745 1177 5798 A.
