4500 6420
238 456 302 521 436
833 457 1281 516 KAISERURKUNDEN.

239 646 329 729 regni
356 644 409 708 vel
438 644 564 728 imperii
592 642 695 706 nostri
724 640 845 725 filiique
877 637 990 721 [nostri
1021 637 1191 720 carissimi]
1218 636 1348 702 Ottonis
1377 651 1503 717 quicquid
1532 651 1616 715 predii
1639 650 1834 717 ttegingaudus
1857 656 1884 701 et

239 765 355 828 Reginzo
378 748 523 830 germani
552 762 660 821 tratres,
689 765 830 823 antequam
854 758 887 805 ob
911 758 1049 806 latnuinia
1072 764 1098 806 et
1120 757 1189 805 mala
1211 757 1282 805 facta
1304 771 1395 804 eorum
1418 757 1444 804 in
1468 749 1615 803 nostrum
1644 754 1780 818 publicum
1803 771 1819 802 s
1841 754 1884 803 ius

240 862 296 915 aut
318 865 409 916 liscum
432 849 557 934 legibus
580 846 836 924 aditttlicaretltr,
868 850 1091 918 lracrcditlarium]
1114 850 1230 917 bablcre]
1254 859 1303 906 visi
1326 866 1401 917 stant,
1433 859 1511 907 tertia
1532 848 1653 916 [tanturn]
1676 862 1751 921 parto
1773 862 1886 922 excepta

240 988 291 1037 que
313 972 458 1019 Lantborto
482 970 555 1018 tratri
579 984 669 1016 eorum
692 967 784 1015 maiori
807 948 1003 1033 hqrctlitaria
1026 964 1149 1023 accessit,
1176 947 1219 1012 ad
1241 947 1434 1012 aecclesiam
1457 946 1545 1011 beati
1569 945 1722 1031 Gengolfi
1744 948 1884 1012 martiris

240 1081 338 1144 quam
369 1056 429 1140 [vir
457 1054 663 1140 ve]nerabilis
693 1052 958 1137 archiepiscopus
986 1049 1215 1133 Th[e]odricus
1244 1051 1330 1116 infra
1358 1049 1492 1133 1n[uros]
1524 1048 1766 1134 hllag]ontin[e]
1795 1050 1920 1115 urbiso

242 1160 447 1244 [fundaverat
453 1209 462 1241 ,
498 1177 524 1223 in
547 1175 681 1238 proprium
706 1189 738 1222 ex
760 1176 816 1221 toto
839 1176 865 1218 et
887 1153 1001 1237 integro]
1027 1168 1152 1218 munilica
1174 1168 1296 1235 largitate
1319 1168 1491 1230 donavimus,
1526 1169 1563 1218 ita
1591 1184 1654 1218 sane
1682 1174 1713 1218 ut
1739 1160 1886 1234 qnilclquid

240 1264 447 1349 proprietatis
464 1272 519 1328 aut
534 1262 750 1348 possessionis
767 1259 938 1345 proscripti
954 1272 1006 1322 duo
1022 1274 1116 1322 fratros
1131 1290 1148 1320 r·
1159 1273 1287 1323 haberent
1299 1264 1344 1332 [in]
1360 1264 1504 1332 clomlitatu
1518 1272 1666 1337 Nahgouue
1682 1273 1710 1320 in
1725 1271 1792 1322 loeis
1806 1263 1885 1332 sulb]-

241 1384 347 1444 notatis,
371 1382 495 1431 videlieet
517 1383 544 1429 in
567 1395 656 1430 marca
672 1371 763 1440 [illita
785 1378 813 1426 ia
828 1376 941 1440 Bargus,
965 1367 1001 1435 [in
1016 1368 1195 1439 Puzuuilalrc,
1217 1377 1246 1424 in
1261 1376 1417 1437 Husonbab,
1441 1376 1468 1424 in
1486 1374 1657 1437 Bottonsorst‚
1680 1391 1740 1424 erim
1763 1375 1886 1424 omnibus

240 1485 405 1549 appendiciis
428 1470 495 1533 suis
518 1490 545 1533 st
567 1483 741 1544 utilitatibus,
774 1485 828 1529 tarn
853 1481 880 1527 in
903 1479 1042 1529 curtilibus
1065 1485 1091 1529 et
1113 1479 1240 1529 aedificiis
1263 1495 1341 1544 quam
1364 1480 1391 1528 in
1414 1480 1552 1542 mrurcipiis
1575 1480 1657 1542 pratis
1679 1480 1786 1542 pascuis
1811 1479 1886 1528 silvis

241 1590 317 1638 terris
340 1579 437 1646 culitis]
461 1593 487 1636 st
508 1586 616 1636 incultis
638 1587 715 1650 aquis
737 1575 908 1648 aqurdrumve
931 1581 1086 1632 deeursibus
1110 1573 1277 1641 molonldinis
1299 1599 1315 1630 a
1338 1584 1388 1631 viis
1412 1588 1438 1632 et
1459 1573 1556 1641 inlviis]
1579 1582 1695 1632 exitibus
1713 1587 1739 1631 st
1757 1582 1886 1631 reditibus
1906 1581 1940 1627 lo

241 1691 351 1755 quastus
383 1698 409 1737 et
437 1688 614 1753 inquirendis,
644 1672 687 1736 ad
715 1673 765 1735 ius
789 1681 821 1734 et
842 1692 938 1734 usum
961 1672 1138 1757 prescripta
1163 1670 1342 1737 aecclesiae
1364 1671 1452 1736 beati
1476 1670 1629 1756 Gangolfi
1652 1672 1792 1736 martiris
1815 1693 1885 1756 per·

241 1779 435 1865 petualiter³
465 1779 636 1843 deserviat.
682 1793 717 1842 Et
746 1796 777 1840 ut.
805 1783 864 1850 [lroc
893 1792 1059 1841 auctoritatis
1088 1797 1193 1842 nostras
1215 1809 1231 1839 a
1254 1797 1406 1857 preceptum
1429 1790 1531 1840 lirmum
1554 1796 1581 1840 et
1602 1791 1698 1840 stabile
1726 1798 1886 1855 permaneat,

241 1904 340 1947 cartam
363 1889 440 1957 harno]
464 1898 595 1947 conscribi
618 1902 644 1946 et
666 1895 738 1945 anuli
761 1895 844 1943 nostri
867 1895 1039 1958 impressione
1067 1886 1184 1960 signar[i]
1214 1896 1354 1957 iussimus,
1387 1910 1466 1959 qnam
1494 1899 1521 1944 et
1548 1895 1656 1958 propria
1683 1910 1763 1943 manu
1792 1895 1886 1943 subtus

243 2002 412 2052 firmavimus.

343 2121 357 2202 ll
380 2123 516 2206 Signum
539 2121 661 2186 domini
685 2121 815 2187 Ottonis
841 2124 930 2203 (MP.)
955 2125 1065 2207 magni
1088 2132 1120 2186 et
1141 2120 1344 2186 invictissimi
1368 2120 1572 2204 imperatoris
1596 2119 1770 2202 augusti}
1906 2129 1939 2176 15

344 2226 358 2310 ξ
379 2225 552 2290 Liudolfus
568 2226 781 2291 cancellarius
797 2226 946 2290 advicern
962 2225 1162 2291 Uuillihelmi
1179 2222 1454 2309 archicappellani
1470 2220 1682 2305 recogn[ovi].
1701 2219 1715 2304 ξ
1737 2224 1795 2302 (St.
1811 2220 1887 2303 D.)¹‘

345 2363 435 2427 Data
456 2381 531 2427 vlu.
553 2363 597 2427 id.
619 2358 773 2428 februarii
796 2384 881 2427 anno
905 2361 1066 2428 dominice
1089 2362 1329 2428 incarnacionis
1358 2375 1570 2441 Dccccnxvt,
1599 2359 1776 2424 indictione
1799 2376 1886 2442 v1111,

246 2462 343 2546 [anno
366 2465 457 2549 regni
480 2464 590 2529 domni
613 2464 743 2530 Ottonis
766 2484 869 2547 xxxi,
903 2466 1030 2551 imperii
1051 2489 1130 2531 vero
1151 2484 1188 2546 νς
1223 2474 1333 2530 aetum
1361 2464 1584 2547 Nouiomag03
1617 2463 1651 2526 in
1679 2462 1731 2526 dei
1759 2463 1888 2527 nominc

243 2567 380 2632 feliciter
402 2567 519 2651 amen]

1021 2809 1108 2882 322.
1906 2831 1941 2878 ao

251 2962 332 3037 ouo
356 2963 432 3062 piot
458 2964 538 3037 dem
563 2963 783 3062 Erzbiscdof
813 2964 1032 3039 theoderici
1056 2990 1129 3037 coo
1160 2964 1265 3037 lhicr
1291 2964 1349 3037 dic
1375 2964 1481 3037 Abtci
1513 2961 1631 3038 Ocrea
1661 2988 1706 3034 zu
1737 2961 1883 3034 Turseli.

351 3274 598 3348 Oriyimldiplom
619 3276 662 3332 im
684 3274 711 3332 t.
736 3274 938 3334 Staotsarcbio
958 3292 999 3332 sa
1020 3272 1152 3332 Koblms
1173 3269 1233 3351 (A).

351 3411 487 3471 Goatber
510 3411 571 3472 OD.
594 3411 838 3472 Blaene-Mosen.
865 3415 892 3482 1,
918 3416 958 3472 74
980 3419 1014 3504 a⁰
1035 3416 1075 3472 21
1101 3429 1157 3471 arcs
1180 3410 1208 3468 Α
1229 3430 1269 3469 su
1292 3413 1483 3471 966-971.
1512 3443 1550 3451 —-
1572 3409 1669 3482 Beyer
1695 3408 1887 3466 Mittelrbein.

350 3514 414 3574 ΠΒ,
439 3520 469 3586 1,
491 3518 554 3576 285
577 3522 611 3572 n⁰
632 3519 695 3576 229
719 3533 775 3573 aas
797 3514 826 3573 A
848 3533 888 3574 ru
911 3518 973 3575 966
980 3520 1100 3576 -971.
1124 3547 1166 3557 —
1189 3513 1317 3586 &coms
1334 3515 1407 3585 Rea.
1425 3514 1486 3573 545
1510 3511 1673 3571 uadGc'ra
1694 3511 1940 3573 attractatam

347 3620 419 3692 Rea.
444 3623 529 3678 1033
550 3636 591 3676 au
613 3620 804 3679 965—973.

352 3754 486 3825 Versosst
509 3755 572 3812 aad
591 3756 775 3828 aesc-briocen
796 3773 851 3813 run
873 3754 958 3824 an,
986 3754 1062 3813 asach
1085 3755 1187 3814 dessea
1208 3756 1349 3813 Dictoten
1371 3755 1419 3813 dic
1441 3755 1564 3813 Locbca
1585 3754 1748 3827 ousqefttllt
1772 3755 1889 3814 aserdan

350 3856 427 3915 sind.
473 3857 549 3914 Hier
571 3858 727 3930 sinpereilst
749 3858 824 3915 acob
846 3857 912 3914 dora
935 3859 967 3914 in
989 3856 1056 3916 DO.
1073 3860 1137 3916 318
1160 3859 1370 3929 besprocbenea
1395 3858 1478 3916 ruet

353 4041 411 4120 (C.)
435 4040 509 4122 3111
531 4043 662 4106 nominc
685 4052 817 4106 sanetae
841 4052 872 4106 ct
894 4041 1081 4106 individuae
1104 4042 1267 4105 trinitatis.
1314 4040 1392 4105 Otto
1422 4041 1532 4106 divina
1561 4043 1691 4106 favente
1719 4043 1890 4107 clementia

247 4148 425 4230 imperator
447 4156 602 4229 augustus
624 4147 844 4216 Romanorum
868 4158 900 4210 et
921 4148 1134 4211 Francorum.
1229 4146 1391 4226 Quoniam
1413 4168 1471 4230 pro
1496 4147 1727 4211 commoditate
1749 4147 1801 4210 vcl
1825 4146 1887 4209 dis·
1907 4172 1941 4219 30

248 4250 410 4333 positione
438 4248 584 4313 locorum
615 4259 671 4314 aut
699 4260 880 4334 temporum
910 4272 1072 4314 consensu
1093 4248 1107 4328 i
1130 4247 1133 4332 l
1159 4272 1271 4334 regum
1294 4258 1351 4311 aut
1380 4250 1612 4333 imperatorum
1636 4249 1795 4314 derebus
1819 4271 1889 4313 aec-

250 4353 442 4418 clesiasticis
471 4354 665 4418 concambia
695 4376 771 4439 sepe
800 4353 905 4417 solent
932 4353 1018 4435 fiori,
1052 4361 1088 4416 ut
1115 4376 1157 4416 ex
1186 4354 1259 4436 ipsa
1285 4350 1516 4416 commoditate
1541 4353 1644 4416 maior
1666 4350 1890 4416 mutuantibus

249 4455 371 4520 utilitas
401 4466 583 4520 accrescat:
618 4456 740 4520 idcirco
768 4457 895 4519 noverit
919 4458 1061 4520 omnium
1083 4455 1227 4520 fidelium
1250 4464 1434 4519 nostrorum
1458 4465 1525 4519 tam
1547 4457 1766 4541 praesentium
1792 4478 1890 4540 quam

248 4560 429 4623 futurorum
447 4557 615 4639 industria,
636 4556 640 4641 Ι
660 4558 798 4644 qualiter
816 4568 946 4622 nostrae
970 4560 1133 4623 serenitati
1158 4582 1232 4623 cunr
1254 4558 1426 4622 Thiedrico
1451 4568 1584 4623 sanctae
1607 4559 1779 4642 Treuerice
1803 4557 1889 4622 sedis

249 4660 425 4725 venerabili
449 4660 696 4746 archiepiscopo
721 4661 760 4724 de
783 4660 879 4724 rebus
902 4662 990 4725 beati
1013 4663 1098 4725 Petri
1122 4661 1347 4746 apostolorum
1370 4664 1526 4746 principis
1550 4661 1715 4747 quoddam
1738 4684 1888 4726 concam-
1909 4685 1941 4733 35

248 4764 338 4829 bium
362 4765 469 4828 facero
492 4763 698 4848 complacuit,
722 4764 874 4829 videlicet
895 4775 931 4829 ut
952 4764 1145 4829 abbatiam³
1167 4765 1243 4829 almi
1267 4765 1464 4829 confessoris
1481 4763 1600 4828 Christi
1618 4765 1757 4828 Seruatii
1781 4763 1784 4848 l
1811 4764 1890 4828 Tra-

250 4869 335 4931 iecto
364 4869 399 4932 in
427 4869 499 4952 ripa
526 4867 619 4951 Mose
647 4868 788 4932 fluminis
818 4871 928 4950 sitam,
960 4891 1044 4954 quae
1073 4869 1206 4954 propria
1234 4868 1322 4933 beati
1353 4869 1437 4933 Petri
1468 4867 1607 4953 apostoli
1631 4867 1673 4931 ad
1697 4867 1891 4931 aecclesiam

251 4979 385 5035 sanctae
408 4970 600 5035 Treuericac
624 4970 710 5034 sedis
733 4970 890 5035 hactenus
913 4993 984 5034 esse
998 4971 1180 5055 videbatur,
1204 4973 1237 5035 in
1260 4973 1309 5035 ius
1333 4983 1365 5036 et
1387 4974 1620 5057 proprietatem
1643 4973 1744 5035 nostri
1768 4970 1890 5055 publici

250 5075 328 5137 iuris
357 5082 414 5136 aut
442 5072 514 5135 fisci
544 5095 783 5137 assumeremus
812 5084 858 5155 et,
893 5074 1048 5158 quoniam
1075 5075 1110 5137 in
1132 5073 1254 5138 eisdem
1277 5074 1425 5160 partibus
1450 5071 1454 5155 l
1483 5096 1541 5159 pro
1566 5073 1777 5157 disponendis
1800 5074 1890 5155 regni

249 5177 388 5260 nogotiis
411 5175 558 5261 pluribus
582 5175 779 5259 indigemus,
814 5178 934 5241 nostris
958 5199 1031 5241 eam
1054 5200 1343 5265 successorumque
1365 5186 1550 5242 nostrorum
1574 5174 1804 5261 perpetualiter
1827 5178 1890 5240 usi·
1909 5201 1943 5248 40

250 5279 312 5343 bus
340 5278 600 5362 adiungeremus.
644 5279 790 5344 Econtra
813 5301 906 5361 vero,
936 5302 976 5343 ne
1001 5290 1113 5345 saneta
1136 5282 1344 5346 Treuercnsis
1367 5280 1528 5346 aecclesia
1550 5281 1603 5345 vol
1626 5281 1891 5364 praenominatus

250 5379 430 5446 verabilisb
459 5381 725 5468 archiepiscopus
756 5381 948 5446 Thicdricns
979 5382 1103 5470 aliquid
1132 5384 1207 5448 inde
1232 5382 1236 5469 Ι
1263 5384 1395 5470 dampni
1424 5385 1584 5468 patiatur,
1616 5383 1784 5448 abbatiam
1808 5385 1892 5447 iulia

338 5567 396 5621 ³2l.
425 5566 520 5636 [rota]
624 5573 649 5633 a)
666 5588 712 5637 per
736 5588 802 5622 corr.
820 5589 867 5621 oras
890 5590 941 5638 pep
1047 5575 1072 5631 b)
1091 5572 1127 5621 da
1150 5572 1199 5621 das
1221 5571 1306 5621 rectas
1331 5577 1417 5621 statere
1436 5572 1527 5622 Viertel
1544 5572 1591 5621 der
1608 5572 1729 5621 talama
1748 5574 1892 5636 &perieras

422 5641 463 5701 ist,
481 5654 509 5686 so
528 5638 590 5687 ldset
607 5638 662 5688 siclt
679 5639 750 5689 ntem
767 5656 845 5705 sapen
863 5641 892 5690 ob
910 5640 1019 5691 dicretis
1036 5642 1083 5690 mit
1102 5640 1155 5692 SR.
1173 5640 1293 5691 cornelien
1310 5657 1365 5691 roor
1383 5640 1445 5690 oder
1462 5639 1540 5689 rzicbt.

337 5736 395 5793 ³22.
424 5738 521 5807 [Foltz]
625 5742 652 5803 a)
670 5748 681 5792 t
698 5758 764 5794 corr.
781 5759 861 5793 ausc
966 5745 992 5807 b)
1011 5743 1035 5794 A
1053 5749 1113 5794 etate
1130 5744 1298 5795 venerabilis.
1909 5743 1944 5790 45
