4298 6414
221 449 286 515 514
817 458 1268 517 KAISERURKUNDEN.

223 650 362 726 quatuor
391 639 530 704 miliaria
558 649 655 724 atque
684 640 827 721 Tanagri
856 637 998 703 fluminis
1031 661 1160 703 omnem
1186 639 1360 723 ripaticum
1383 646 1417 702 et
1439 637 1646 723 aquaticum,
1678 635 1831 704 abbaeiolas

223 765 365 829 quoquc,
389 766 487 807 unam
511 743 550 807 de
573 742 703 825 Agiono
726 744 760 806 in
781 742 904 807 honore
927 744 1031 807 sancti
1054 740 1277 806 Bartholomoi
1300 739 1441 826 apostoli
1465 750 1500 804 et
1522 738 1740 805 Pedonenscm
1758 739 1831 807 abba·

222 847 301 910 tiam
324 855 356 909 et
378 847 572 910 canonicam
594 847 628 909 in
649 844 773 909 honore
797 845 962 928 quondam
985 846 1090 909 sancti
1113 842 1276 909 Dalmacii
1300 847 1443 909 martiris
1468 844 1599 908 dicatas
1621 865 1695 908 cum
1716 845 1829 911 omnibus

222 948 384 1013 rebusad
409 947 573 1033 predictas
603 947 793 1013 abbaciolas
822 950 1028 1033 integerrime
1052 947 1297 1033 pertinentibus,
1320 950 1354 1012 in
1377 947 1639 1034 quibuscumque
1661 949 1829 1015 eomitatibus

222 1074 278 1115 seu
300 1051 381 1115 loeis
404 1051 663 1135 Lougobardieg
686 1061 717 1115 et
739 1050 844 1115 Italici
868 1054 958 1135 regni
983 1050 1220 1133 adiacentibus,
1245 1060 1367 1115 cortem
1391 1072 1521 1136 quoque
1544 1049 1587 1114 de
1602 1046 1759 1135 Compello
1777 1072 1849 1118 cuns

221 1154 304 1217 silva
326 1164 358 1217 et
381 1154 531 1218 omnibus
555 1154 598 1217 ad
621 1177 655 1218 se
678 1154 913 1239 pcrtinentibus
937 1166 969 1218 ct
992 1154 1093 1218 silvas
1117 1153 1158 1219 de
1180 1153 1322 1218 Andona
1344 1164 1377 1217 et
1399 1151 1527 1217 Banale
1550 1162 1735 1239 ceterasque
1757 1154 1827 1220 silvas

221 1278 296 1320 cum
319 1255 469 1320 omnibus
492 1256 695 1340 pertinentiis
720 1258 785 1319 suis
810 1278 867 1320 seu
890 1258 989 1321 etiam
1012 1254 1157 1322 cunctah
1182 1256 1297 1321 habita
1319 1264 1409 1320 tenta
1432 1266 1531 1341 atque
1554 1277 1707 1340 possessa
1726 1256 1762 1320 ad
1778 1279 1827 1343 par-

220 1368 285 1422 tem
308 1362 410 1443 ipsius
430 1359 517 1423 sedis
534 1382 554 1422 a
570 1358 715 1444 quolibet
738 1359 968 1443 predecessore
991 1362 1150 1444 presentis
1174 1361 1319 1445 episcopi
1342 1368 1441 1445 atque
1466 1360 1579 1423 omnia
1602 1358 1708 1445 aliquo
1727 1351 1826 1447 inscrip

220 1463 318 1525 tionis
342 1471 374 1525 ct
397 1462 588 1526 donacionis
611 1461 705 1526 titulo
728 1462 885 1525 hactenus
909 1461 1031 1527 donata
1049 1471 1081 1526 et
1101 1462 1222 1527 collata
1238 1484 1295 1528 seu
1310 1461 1431 1527 tradita
1446 1462 1595 1548 predicte
1611 1472 1719 1526 sancte
1731 1462 1826 1529 Astera

222 1565 357 1629 ecclesie
373 1590 393 1629 a
410 1565 667 1650 quibuscumque
690 1565 876 1629 hominibus
899 1565 1109 1629 concedimus
1133 1565 1293 1630 donamus
1312 1565 1546 1630 confirmamus
1560 1575 1595 1630 et
1610 1564 1825 1649 corroboramus,
1837 1584 1856 1631 n

221 1691 287 1732 uua
315 1691 388 1732 cum
418 1671 521 1733 vincis
552 1671 677 1753 campis
709 1671 811 1753 pratis
840 1669 971 1753 pascuis
1002 1668 1108 1732 zerbis
1138 1668 1303 1733 montibus
1330 1668 1473 1733 vallibus
1504 1668 1644 1734 collibus
1666 1668 1825 1754 planiciebus

222 1771 312 1836 silvis
334 1771 449 1836 insulis
472 1772 639 1836 frascariis
662 1769 842 1835 buscariisi
873 1771 1027 1837 stallariis
1055 1774 1135 1858 ripis
1163 1774 1289 1858 rupinis
1315 1774 1409 1859 aquis
1433 1795 1657 1859 aquarumque
1678 1771 1825 1838 decursibus

221 1874 415 1938 molendinis
439 1874 685 1960 piscationibus,
711 1876 820 1938 onmia
844 1896 917 1938 cum
942 1875 1091 1939 omuibus
1114 1875 1211 1940 rebus
1236 1899 1298 1962 que
1322 1876 1384 1941 dici
1408 1875 1461 1940 vel
1482 1877 1647 1941 nominari
1670 1877 1826 1961 possuntad

222 1977 403 2062 predictam
426 1979 573 2062 episcopi
604 1976 713 2041 sedem
736 1979 768 2040 in
794 1978 953 2061 integrum
976 1978 1228 2064 pertinentibus,
1259 1988 1291 2045 et
1313 2002 1371 2065 per
1392 1979 1457 2044 hoc
1480 1990 1593 2044 nostre
1616 1979 1825 2046 confirmationis

221 2089 412 2165 preceptum
435 2080 476 2143 dc
499 2089 612 2144 nostro
636 2089 668 2143 ct
690 2081 780 2163 regni
804 2081 874 2145 iure
897 2092 929 2145 et
951 2082 1094 2147 dominio
1124 2084 1158 2146 in
1187 2082 1312 2167 prefate
1341 2092 1454 2147 sancte
1476 2083 1628 2148 Astensis
1657 2082 1775 2147 ecclesie
1792 2085 1857 2147 inu

222 2193 254 2248 et
277 2185 454 2249 dominium
479 2188 609 2250 omnino
634 2185 892 2249 transfundimus
915 2206 955 2248 ac
978 2183 1177 2268 delegamus,
1201 2194 1238 2249 ut
1255 2185 1410 2271 deinceps
1425 2196 1458 2250 et
1472 2187 1686 2271 imposterum
1699 2185 1825 2271 perhenni·

221 2289 283 2353 bus
300 2290 499 2374 temporibus
515 2289 636 2355 habeat
650 2300 761 2355 teneat
782 2290 981 2374 firmiterque
1005 2288 1173 2374 possideat
1194 2291 1263 2355 iure
1286 2289 1511 2375 proprietario,
1538 2291 1681 2354 omnium
1701 2287 1827 2353 hominm

223 2391 489 2455 contradictionis
518 2391 740 2477 inquietudine
769 2403 904 2457 remota.
942 2393 1081 2478 Insuper
1109 2393 1320 2458 concedimus
1349 2401 1448 2478 atque
1476 2391 1634 2477 largimur
1663 2402 1697 2456 ut
1724 2392 1827 2477 presenti

224 2497 380 2581 episcopo
404 2506 437 2560 et
460 2496 704 2561 successoribus
728 2498 814 2576 eius,
849 2496 1033 2583 ubicunque
1056 2497 1219 2563 voluerint
1240 2507 1273 2562 et
1294 2495 1513 2581 previderint,
1548 2497 1582 2560 in
1612 2495 1752 2561 omnibns
1773 2494 1828 2558 locis

223 2601 446 2683 prenominate
477 2611 590 2664 sancte
620 2601 688 2665 sedi
718 2600 951 2686 pertinentibus
979 2601 1078 2665 liceat
1104 2600 1242 2666 castella
1264 2610 1369 2664 turres
1391 2599 1534 2664 merulos
1557 2601 1752 2664 monetioncs
1768 2595 1861 2660 vallon

222 2701 330 2766 fossas
353 2712 386 2766 et
407 2704 532 2767 fossata
555 2724 629 2768 cum
652 2704 907 2789 propugnaculis
932 2713 1054 2768 struere
1077 2713 1110 2768 et
1132 2703 1302 2786 edificare,
1330 2705 1401 2768 vias
1432 2725 1562 2790 quoque
1589 2702 1691 2767 libere
1715 2700 1829 2779 incidere,

223 2827 326 2890 aquas
349 2806 476 2870 trahere
499 2816 531 2870 et
554 2806 755 2892 aqueductus
779 2816 811 2870 et
833 2805 1036 2872 molendinos
1066 2807 1191 2889 facere,
1228 2805 1401 2872 cuiuslibet
1421 2805 1564 2871 hominis
1589 2808 1718 2871 omniuo
1739 2814 1831 2870 eontra·

223 2908 364 2973 dictione
393 2919 527 2973 remota.
572 2910 723 2974 Preterca
753 2909 961 2974 concedimus
991 2920 1089 2996 atque
1118 2909 1274 2994 largimur
1304 2920 1340 2973 ut
1368 2912 1401 2973 in
1425 2911 1579 2994 Tanagro
1609 2910 1739 2975 flumine
1763 2926 1834 2995 prope

221 3013 302 3077 Aste
319 3022 351 3077 et
365 3012 507 3077 blasium
530 3023 652 3079 cortem
676 3023 788 3099 portus
811 3016 942 3078 navium
967 3016 1053 3078 omni
1076 3023 1222 3099 tempore
1246 3013 1395 3099 predicta
1417 3013 1559 3078 ecclesia
1574 3012 1696 3078 habeat
1710 3011 1836 3077 aduens-

223 3116 397 3181 meandum
428 3115 582 3202 quiequid
611 3140 745 3182 necesse
774 3116 819 3180 ibi
844 3119 929 3181 omni
953 3116 1077 3182 homini
1099 3118 1210 3200 fuerit,
1243 3126 1275 3181 et
1296 3117 1483 3182 theloneum
1506 3116 1551 3181 ad
1573 3116 1744 3182 utilitatem
1764 3115 1876 3201 ipsius2b

224 3220 359 3285 ecclesie
383 3222 565 3305 accipiatur
587 3229 618 3284 et
640 3229 785 3285 mercata
807 3221 840 3283 in
862 3220 1023 3285 territorio
1049 3220 1300 3305 Quadringenti,
1325 3221 1612 3306 quocienscunque
1636 3222 1670 3285 in
1693 3242 1774 3285 anno
1792 3239 1845 3303 pre·

223 3323 343 3387 libatus
366 3325 541 3408 episcopus
564 3333 621 3387 aut
645 3344 849 3386 successores
873 3323 976 3407 ipsius
998 3321 1170 3405 voluerint,
1198 3332 1322 3387 struere
1343 3322 1452 3386 facere
1475 3331 1508 3386 et
1530 3321 1720 3388 theloneum
1741 3316 1850 3406 accipik

224 3426 266 3490 ad
288 3436 414 3512 partem
437 3425 645 3491 luminarium
676 3425 813 3489 ecclesie
836 3426 941 3489 sancti
969 3424 1154 3489 Dalmacii¹
1184 3425 1328 3510 predicte
1357 3424 1472 3510 plebis.
1520 3425 1675 3512 Denique
1702 3448 1760 3511 per
1784 3424 1852 3489 hanc

223 3540 333 3594 nostre
363 3529 646 3594 corroboracionis
676 3530 831 3613 paginam
861 3526 1071 3593 concedimus
1101 3527 1260 3593 donamus
1291 3538 1389 3616 atque
1417 3530 1669 3612 confirmamus,
1703 3540 1740 3594 ut
1767 3530 1855 3595 omnis

224 3633 332 3698 incola
362 3657 417 3697 seu
447 3634 582 3697 colonus
612 3643 710 3717 atque
738 3632 904 3696 habitator
932 3641 964 3694 ot
991 3630 1137 3696 residens
1167 3641 1251 3695 terre
1279 3642 1311 3697 et
1339 3642 1496 3697 terrarum
1525 3642 1623 3718 atquc
1654 3632 1751 3698 ullius
1773 3633 1857 3697 castn
1871 3624 1903 3687 5³

224 3748 336 3800 sancto
361 3737 411 3800 dei
436 3736 603 3821 genitricis
627 3759 817 3821 semperque
833 3735 968 3817 virginis
984 3734 1088 3798 Marie
1112 3737 1281 3820 sanctique
1297 3735 1438 3802 Secundi
1462 3738 1690 3822 prenominate
1713 3736 1860 3801 sedisse

223 3838 312 3902 nullo
337 3839 468 3903 homine
492 3838 728 3923 perplacitum
752 3849 809 3903 aut
832 3862 890 3925 per
911 3839 1016 3923 legem
1047 3840 1259 3925 distringatur
1287 3840 1475 3923 dilanietur,
1504 3843 1565 3906 nisi
1598 3851 1675 3906 ante
1705 3850 1863 3927 pretaxate

226 3952 339 4005 sancte
363 3943 500 4006 ecclesio
523 3943 661 4027 presulis
686 3945 799 4028 suique
822 3945 912 4007 missi
936 3946 1142 4028 presentiam,
1167 3955 1199 4008 et
1222 3943 1320 4008 talem
1344 3946 1450 4029 legem
1467 3944 1512 4008 ibi
1531 3944 1634 4010 faciat
1653 3945 1784 4031 qualem
1799 3955 1865 4010 ante

224 4053 370 4108 nostram
394 4055 450 4107 aut
468 4048 569 4108 nostri
589 4049 717 4109 comitis
734 4045 853 4130 palacii
871 4049 1074 4131 presenciam
1090 4048 1199 4111 facere
1216 4047 1404 4114 debuerant.
1431 4047 1618 4113 Statuentcs
1635 4050 1748 4136 itaque
1763 4058 1867 4114 nesus

224 4146 383 4231 imperiali
414 4150 606 4213 anctoritate
635 4150 784 4215 iubemus
812 4160 849 4213 ut
877 4150 1031 4237 deinceps
1055 4151 1162 4217 nullus
1186 4152 1254 4217 dux
1277 4151 1422 4216 marchio
1445 4173 1556 4216 comes
1580 4154 1769 4218 vicecomes
1792 4151 1903 4216 scu-s

225 4249 334 4313 dessio
359 4250 540 4333 gastaldius
564 4261 620 4315 aut
642 4251 727 4316 ullus
750 4254 796 4315 rei
820 4253 951 4336 publice
974 4265 1110 4318 exactor
1133 4277 1189 4318 seu
1216 4254 1280 4318 alia
1305 4253 1446 4339 quelibet
1469 4275 1591 4337 magna
1614 4277 1785 4340 parvaque
1806 4277 1868 4340 per·

225 4373 306 4416 sona
328 4373 500 4433 regnorum
523 4363 707 4417 nostrorum
730 4354 892 4438 prefatum
912 4357 1103 4440 episcopum
1119 4357 1253 4440 eiusque
1270 4378 1476 4421 successores
1493 4356 1533 4421 de
1549 4357 1707 4441 predictis
1724 4356 1869 4444 plebibus

224 4465 256 4520 et
278 4456 422 4520 cortibus
447 4457 660 4543 omnibusque
683 4457 781 4521 rebus
805 4457 979 4522 mobilibus
1003 4466 1035 4521 ct
1057 4457 1267 4522 inmobilibus
1291 4459 1460 4524 disvestire
1479 4460 1657 4525 molestare
1677 4471 1734 4526 aut
1753 4464 1870 4548 inquie

223 4569 293 4623 tare
316 4559 457 4645 aliquem
481 4583 522 4624 ex
547 4562 612 4623 suis
636 4560 772 4641 colonis,
796 4562 1070 4624 mansionaticum
1092 4562 1126 4624 in
1149 4560 1258 4648 aliquo
1289 4585 1419 4627 suornm
1443 4561 1591 4627 locorum
1615 4563 1743 4646 facere,
1773 4564 1870 4630 thelo-

223 4686 320 4728 neum
344 4674 401 4727 aut
423 4663 523 4728 ullam
547 4664 710 4749 publicam
733 4665 933 4728 fonctionem
956 4667 1088 4749 exigere
1110 4665 1247 4747 audeat,
1278 4665 1335 4729 sed
1359 4666 1457 4730 liceat
1484 4666 1622 4731 eandem
1649 4679 1801 4734 sanctam
1823 4668 1903 4733 deis

223 4767 397 4831 ecclesiam
420 4769 554 4852 eiusque
576 4769 717 4832 vicarios
741 4769 848 4854 quiete
871 4776 903 4830 ct
925 4767 1062 4852 pacifice
1086 4770 1195 4832 omnia
1217 4777 1327 4833 tenere
1354 4790 1466 4853 regere
1495 4778 1528 4833 et
1556 4769 1757 4855 gubernare,
1788 4774 1869 4837 omni

223 4868 372 4932 molestia
396 4879 427 4931 et
450 4869 707 4933 contradictione
731 4870 907 4934 utriuslibet
929 4870 1068 4934 hominis
1091 4881 1227 4935 remota.
1267 4871 1301 4936 si
1325 4873 1395 4956 quis
1426 4873 1539 4955 igitur,
1569 4872 1659 4958 quod
1681 4896 1750 4939 non
1772 4875 1870 4940 credi·

224 4993 310 5051 mus,
346 4974 535 5035 temerarius
565 4972 660 5037 liuius
688 4975 791 5036 nostri
823 4975 966 5058 precepti
997 4974 1138 5037 violator
1160 4975 1321 5056 extiterit,
1356 4977 1439 5038 sciat
1462 4999 1497 5041 se
1520 4977 1783 5060 compositurum
1805 4980 1870 5042 auri

225 5076 337 5158 optimi
363 5075 462 5139 libras
485 5075 583 5157 mille,
606 5076 814 5140 medietatem
838 5098 967 5141 camere
990 5085 1101 5141 nostre
1124 5086 1157 5140 et
1177 5077 1385 5143 medictatem
1408 5080 1475 5142 iam
1498 5079 1585 5143 dicto
1610 5081 1770 5166 episcopo
1795 5082 1869 5146 suis·

224 5198 285 5261 que
315 5178 569 5242 successoribus.
615 5179 713 5259 Quod
735 5188 770 5242 ut
792 5181 899 5243 verius
923 5180 1074 5244 credatur
1097 5179 1370 5266 diligentius[que]
1400 5181 1441 5245 ab
1473 5181 1624 5246 omnibus
1652 5190 1903 5265 conservaruat

223 5300 321 5343 mauu
343 5282 477 5364 propria
499 5280 691 5345 roborantes
715 5282 828 5346 annuli
850 5285 953 5347 nostri
977 5284 1190 5368 impressione
1214 5284 1326 5349 subter
1348 5284 1495 5368 insigniri
1519 5285 1684 5349 iussimus.

328 5522 521 5587 Ambrosius
544 5524 758 5589 cancellarius
782 5525 931 5589 adviccm
947 5523 1059 5589 Uberti
1077 5528 1222 5611 episcopi
1240 5536 1272 5590 et
1287 5525 1566 5592 archicancellarii
1582 5530 1772 5615 recognovi.
1790 5531 1867 5611 (SR)

310 5671 368 5726 tu.
395 5677 618 5807 g))Lo(rlngp3ardie
636 5679 662 5728 Β
749 5680 776 5742 Ιι)
793 5685 872 5729 conta
890 5679 916 5729 Β
1002 5682 1021 5745 i)
1038 5681 1157 5731 lurscaris
1176 5681 1202 5731 Β
1288 5682 1315 5745 Ιι)
1333 5682 1359 5732 Β
1375 5688 1437 5732 stott
1454 5684 1577 5750 accipere
1669 5684 1689 5747 l)
1705 5686 1826 5736 Dalmaei
1843 5682 1903 5794 Βω

395 5761 420 5793 m
450 5762 506 5796 se1
551 5783 558 5797 .
