<?xml version="1.0" encoding="UTF-8"?>
<!DOCTYPE html PUBLIC "-//W3C//DTD XHTML 1.0 Transitional//EN"
    "http://www.w3.org/TR/xhtml1/DTD/xhtml1-transitional.dtd">
<html xmlns="http://www.w3.org/1999/xhtml" xml:lang="en" lang="en">
 <head>
  <title>
</title>
<meta http-equiv="Content-Type" content="text/html;charset=utf-8" />
  <meta name='ocr-system' content='tesseract 3.04.00' />
  <meta name='ocr-capabilities' content='ocr_page ocr_carea ocr_par ocr_line ocrx_word'/>
</head>
<body>
  <div class='ocr_page' id='page_1' title='image "./conradiiheinric00ottogoog/conradiiheinric00ottogoog_0221.png"; bbox 0 0 4298 6414; ppageno 0'>
   <div class='ocr_carea' id='block_1_1' title="bbox 948 109 1901 174">
    <p class='ocr_par' dir='ltr' id='par_1_1' title="bbox 948 109 1901 174">
     <span class='ocr_line' id='line_1_1' title="bbox 948 109 1901 174; baseline 0.002 -4"><span class='ocrx_word' id='word_1_1' title='bbox 948 115 1072 171; x_wconf 87' lang='grc' dir='ltr'><strong>ΟΤΤΟ</strong></span> <span class='ocrx_word' id='word_1_2' title='bbox 1095 117 1118 171; x_wconf 95' lang='lat' dir='ltr'><strong>I.</strong></span> <span class='ocrx_word' id='word_1_3' title='bbox 1143 112 1214 170; x_wconf 83' lang='lat'><strong>948.</strong></span> <span class='ocrx_word' id='word_1_4' title='bbox 1840 109 1901 174; x_wconf 87' lang='grc'><strong>189</strong></span> 
     </span>
    </p>
   </div>
   <div class='ocr_carea' id='block_1_2' title="bbox 359 297 1902 787">
    <p class='ocr_par' dir='ltr' id='par_1_2' title="bbox 359 297 1902 787">
     <span class='ocr_line' id='line_1_2' title="bbox 361 297 1902 377; baseline 0.003 -19"><span class='ocrx_word' id='word_1_5' title='bbox 361 299 411 358; x_wconf 80' lang='lat' dir='ltr'><strong>wie</strong></span> <span class='ocrx_word' id='word_1_6' title='bbox 433 314 461 358; x_wconf 84' lang='lat' dir='ltr'><strong>es</strong></span> <span class='ocrx_word' id='word_1_7' title='bbox 483 297 579 358; x_wconf 78' lang='lat' dir='ltr'><strong>lenam</strong></span> <span class='ocrx_word' id='word_1_8' title='bbox 597 299 737 373; x_wconf 62' lang='lat' dir='ltr'><strong>aaaron</strong></span> <span class='ocrx_word' id='word_1_9' title='bbox 759 304 845 370; x_wconf 78' lang='lat' dir='ltr'><strong>sobre,</strong></span> <span class='ocrx_word' id='word_1_10' title='bbox 869 316 954 358; x_wconf 79' lang='lat' dir='ltr'><strong>nene</strong></span> <span class='ocrx_word' id='word_1_11' title='bbox 976 299 1106 359; x_wconf 78' lang='lat' dir='ltr'><strong>deserite</strong></span> <span class='ocrx_word' id='word_1_12' title='bbox 1127 300 1270 359; x_wconf 75' lang='lat' dir='ltr'><strong>anteceder</strong></span> <span class='ocrx_word' id='word_1_13' title='bbox 1288 318 1368 375; x_wconf 69' lang='lat' dir='ltr'><strong>pene</strong></span> <span class='ocrx_word' id='word_1_14' title='bbox 1388 302 1464 361; x_wconf 78' lang='lat' dir='ltr'><strong>noch</strong></span> <span class='ocrx_word' id='word_1_15' title='bbox 1486 300 1551 361; x_wconf 76' lang='grc' dir='ltr'><strong>ΒΟ.</strong></span> <span class='ocrx_word' id='word_1_16' title='bbox 1576 304 1637 362; x_wconf 85' lang='lat'><strong>105</strong></span> <span class='ocrx_word' id='word_1_17' title='bbox 1665 303 1811 377; x_wconf 69' lang='lat' dir='ltr'><strong>qesblscbt</strong></span> <span class='ocrx_word' id='word_1_18' title='bbox 1833 303 1902 362; x_wconf 82' lang='lat' dir='ltr'><strong>oder</strong></span> 
     </span>
     <span class='ocr_line' id='line_1_3' title="bbox 361 401 1902 478; baseline 0.002 -16"><span class='ocrx_word' id='word_1_19' title='bbox 361 418 441 462; x_wconf 78' lang='lat' dir='ltr'><strong>nean</strong></span> <span class='ocrx_word' id='word_1_20' title='bbox 463 419 494 460; x_wconf 84' lang='lat' dir='ltr'><strong>es</strong></span> <span class='ocrx_word' id='word_1_21' title='bbox 515 419 574 463; x_wconf 79' lang='lat' dir='ltr'><strong>aas</strong></span> <span class='ocrx_word' id='word_1_22' title='bbox 595 401 839 478; x_wconf 73' lang='lat' dir='ltr'><strong>ursprdneticber</strong></span> <span class='ocrx_word' id='word_1_23' title='bbox 857 403 997 477; x_wconf 69' lang='lat' dir='ltr'><strong>Faesnnq</strong></span> <span class='ocrx_word' id='word_1_24' title='bbox 1019 404 1083 462; x_wconf 83' lang='lat' dir='ltr'><strong>and</strong></span> <span class='ocrx_word' id='word_1_25' title='bbox 1103 408 1241 476; x_wconf 63' lang='lat' dir='ltr'><strong>speraret</strong></span> <span class='ocrx_word' id='word_1_26' title='bbox 1258 405 1407 463; x_wconf 63' lang='lat' dir='ltr'><strong>fflsbteen</strong></span> <span class='ocrx_word' id='word_1_27' title='bbox 1427 409 1706 478; x_wconf 68' lang='lat' dir='ltr'><strong>ensnmnseaqesetet</strong></span> <span class='ocrx_word' id='word_1_28' title='bbox 1728 412 1813 476; x_wconf 69' lang='lat' dir='ltr'><strong>cedre,</strong></span> <span class='ocrx_word' id='word_1_29' title='bbox 1837 407 1902 465; x_wconf 77' lang='lat' dir='ltr'><strong>end</strong></span> 
     </span>
     <span class='ocr_line' id='line_1_4' title="bbox 360 504 1902 582; baseline 0.001 -17"><span class='ocrx_word' id='word_1_30' title='bbox 360 505 426 565; x_wconf 79' lang='lat' dir='ltr'><strong>dces</strong></span> <span class='ocrx_word' id='word_1_31' title='bbox 447 505 512 564; x_wconf 73' lang='lat' dir='ltr'><strong>sicli</strong></span> <span class='ocrx_word' id='word_1_32' title='bbox 532 505 581 564; x_wconf 81' lang='lat' dir='ltr'><strong>die</strong></span> <span class='ocrx_word' id='word_1_33' title='bbox 602 505 742 576; x_wconf 81' lang='lat' dir='ltr'><strong>oielfecbe</strong></span> <span class='ocrx_word' id='word_1_34' title='bbox 762 504 1014 576; x_wconf 73' lang='lat' dir='ltr'><strong>Vernandtscboft</strong></span> <span class='ocrx_word' id='word_1_35' title='bbox 1029 507 1173 564; x_wconf 73' lang='lat' dir='ltr'><strong>esciscben</strong></span> <span class='ocrx_word' id='word_1_36' title='bbox 1187 506 1289 565; x_wconf 78' lang='lat' dir='ltr'><em>beiden</em></span> <span class='ocrx_word' id='word_1_37' title='bbox 1303 507 1468 580; x_wconf 80' lang='lat' dir='ltr'><strong>Prb&#39;cepten</strong></span> <span class='ocrx_word' id='word_1_38' title='bbox 1480 525 1559 580; x_wconf 70' lang='lat' dir='ltr'><strong>eene</strong></span> <span class='ocrx_word' id='word_1_39' title='bbox 1574 526 1793 582; x_wconf 69' lang='lat' dir='ltr'><strong>nnpeeeoanpen</strong></span> <span class='ocrx_word' id='word_1_40' title='bbox 1808 509 1902 567; x_wconf 78' lang='lat' dir='ltr'><strong>durch</strong></span> 
     </span>
     <span class='ocr_line' id='line_1_5' title="bbox 359 606 1901 684; baseline 0.002 -17"><span class='ocrx_word' id='word_1_41' title='bbox 359 611 452 667; x_wconf 79' lang='lat' dir='ltr'><strong>meino</strong></span> <span class='ocrx_word' id='word_1_42' title='bbox 473 606 632 668; x_wconf 81' lang='lat' dir='ltr'><strong>Annebme</strong></span> <span class='ocrx_word' id='word_1_43' title='bbox 654 607 764 667; x_wconf 72' lang='lat' dir='ltr'><strong>erbllm</strong></span> <span class='ocrx_word' id='word_1_44' title='bbox 785 607 865 680; x_wconf 78' lang='lat' dir='ltr'><strong>dass,</strong></span> <span class='ocrx_word' id='word_1_45' title='bbox 888 610 987 666; x_wconf 72' lang='lat' dir='ltr'><strong>indere</strong></span> <span class='ocrx_word' id='word_1_46' title='bbox 1009 610 1070 667; x_wconf 71' lang='lat' dir='ltr'><strong>side</strong></span> <span class='ocrx_word' id='word_1_47' title='bbox 1088 609 1136 667; x_wconf 79' lang='lat' dir='ltr'><strong>dle</strong></span> <span class='ocrx_word' id='word_1_48' title='bbox 1149 610 1313 684; x_wconf 72' lang='lat' dir='ltr'><strong>Hendlanp</strong></span> <span class='ocrx_word' id='word_1_49' title='bbox 1328 628 1383 669; x_wconf 83' lang='lat' dir='ltr'><strong>eon</strong></span> <span class='ocrx_word' id='word_1_50' title='bbox 1398 613 1461 670; x_wconf 74' lang='lat'><strong>946</strong></span> <span class='ocrx_word' id='word_1_51' title='bbox 1475 613 1550 670; x_wconf 73' lang='lat' dir='ltr'><strong>nacla</strong></span> <span class='ocrx_word' id='word_1_52' title='bbox 1564 613 1636 670; x_wconf 76' lang='lat' dir='ltr'><strong>aecci</strong></span> <span class='ocrx_word' id='word_1_53' title='bbox 1650 611 1766 671; x_wconf 75' lang='lat' dir='ltr'><strong>Jclrren</strong></span> <span class='ocrx_word' id='word_1_54' title='bbox 1782 612 1901 670; x_wconf 46' lang='lat' dir='ltr'><strong>reticuer-</strong></span> 
     </span>
     <span class='ocr_line' id='line_1_6' title="bbox 360 711 1635 787; baseline 0.002 -15"><span class='ocrx_word' id='word_1_55' title='bbox 360 713 443 784; x_wconf 83' lang='lat' dir='ltr'><strong>bolte,</strong></span> <span class='ocrx_word' id='word_1_56' title='bbox 466 713 516 771; x_wconf 84' lang='lat' dir='ltr'><strong>die</strong></span> <span class='ocrx_word' id='word_1_57' title='bbox 537 712 627 772; x_wconf 77' lang='lat' dir='ltr'><strong>bitere</strong></span> <span class='ocrx_word' id='word_1_58' title='bbox 647 712 788 773; x_wconf 80' lang='lat' dir='ltr'><strong>Urknnde</strong></span> <span class='ocrx_word' id='word_1_59' title='bbox 809 711 864 783; x_wconf 71' lang='lat' dir='ltr'><strong>far</strong></span> <span class='ocrx_word' id='word_1_60' title='bbox 886 712 940 771; x_wconf 83' lang='lat' dir='ltr'><strong>des</strong></span> <span class='ocrx_word' id='word_1_61' title='bbox 964 711 1087 786; x_wconf 77' lang='lat' dir='ltr'><strong>Concept</strong></span> <span class='ocrx_word' id='word_1_62' title='bbox 1110 713 1162 771; x_wconf 88' lang='lat' dir='ltr'><strong>der</strong></span> <span class='ocrx_word' id='word_1_63' title='bbox 1176 715 1325 787; x_wconf 60' lang='lat' dir='ltr'><strong>juncera</strong></span> <span class='ocrx_word' id='word_1_64' title='bbox 1346 715 1505 773; x_wconf 62' lang='lat' dir='ltr'><strong>aerternae</strong></span> <span class='ocrx_word' id='word_1_65' title='bbox 1528 715 1635 774; x_wconf 78' lang='lat' dir='ltr'><strong>werde.</strong></span> 
     </span>
    </p>
   </div>
   <div class='ocr_carea' id='block_1_3' title="bbox 206 914 1941 3792">
    <p class='ocr_par' dir='ltr' id='par_1_3' title="bbox 206 914 1941 3792">
     <span class='ocr_line' id='line_1_7' title="bbox 360 914 1901 1001; baseline 0.003 -21"><span class='ocrx_word' id='word_1_66' title='bbox 360 916 421 997; x_wconf 81' lang='grc' dir='ltr'>(Ο.)</span> <span class='ocrx_word' id='word_1_67' title='bbox 450 914 465 996; x_wconf 63' lang='grc' dir='ltr'>ξ</span> <span class='ocrx_word' id='word_1_68' title='bbox 492 916 532 980; x_wconf 94' lang='lat' dir='ltr'><strong>In</strong></span> <span class='ocrx_word' id='word_1_69' title='bbox 558 916 689 981; x_wconf 91' lang='lat' dir='ltr'><strong>nomine</strong></span> <span class='ocrx_word' id='word_1_70' title='bbox 718 924 851 980; x_wconf 88' lang='lat' dir='ltr'><strong>sanctae</strong></span> <span class='ocrx_word' id='word_1_71' title='bbox 881 923 913 979; x_wconf 91' lang='lat' dir='ltr'><strong>et</strong></span> <span class='ocrx_word' id='word_1_72' title='bbox 941 915 1129 980; x_wconf 85' lang='lat' dir='ltr'><strong>individuae</strong></span> <span class='ocrx_word' id='word_1_73' title='bbox 1157 916 1321 981; x_wconf 76' lang='lat' dir='ltr'><strong>trinitatis.</strong></span> <span class='ocrx_word' id='word_1_74' title='bbox 1368 915 1446 982; x_wconf 90' lang='lat' dir='ltr'><strong>Otto</strong></span> <span class='ocrx_word' id='word_1_75' title='bbox 1477 915 1588 980; x_wconf 90' lang='lat' dir='ltr'><strong>divina</strong></span> <span class='ocrx_word' id='word_1_76' title='bbox 1616 916 1807 1001; x_wconf 82' lang='lat' dir='ltr'><strong>providente</strong></span> <span class='ocrx_word' id='word_1_77' title='bbox 1836 918 1901 985; x_wconf 88' lang='lat' dir='ltr'><strong>cle·</strong></span> 
     </span>
     <span class='ocr_line' id='line_1_8' title="bbox 206 1017 1901 1106; baseline 0.005 -27"><span class='ocrx_word' id='word_1_78' title='bbox 206 1022 377 1085; x_wconf 73' lang='lat' dir='ltr'><strong>mentia</strong></span> <span class='ocrx_word' id='word_1_79' title='bbox 405 1043 476 1085; x_wconf 87' lang='lat' dir='ltr'><strong>rex.</strong></span> <span class='ocrx_word' id='word_1_80' title='bbox 576 1019 739 1101; x_wconf 81' lang='lat' dir='ltr'><strong>Quoniam</strong></span> <span class='ocrx_word' id='word_1_81' title='bbox 768 1017 898 1104; x_wconf 89' lang='lat' dir='ltr'><strong>quidem</strong></span> <span class='ocrx_word' id='word_1_82' title='bbox 926 1017 1160 1104; x_wconf 82' lang='lat' dir='ltr'><strong>propagandae</strong></span> <span class='ocrx_word' id='word_1_83' title='bbox 1189 1019 1265 1084; x_wconf 90' lang='lat' dir='ltr'><strong>fidei</strong></span> <span class='ocrx_word' id='word_1_84' title='bbox 1294 1019 1610 1106; x_wconf 88' lang='lat' dir='ltr'><strong>amplificandaeque</strong></span> <span class='ocrx_word' id='word_1_85' title='bbox 1638 1019 1787 1104; x_wconf 85' lang='lat' dir='ltr'><strong>religioni</strong></span> <span class='ocrx_word' id='word_1_86' title='bbox 1811 1021 1901 1087; x_wconf 80' lang='lat' dir='ltr'><strong>Chri·</strong></span> 
     </span>
     <span class='ocr_line' id='line_1_9' title="bbox 206 1122 1900 1208; baseline 0.003 -21"><span class='ocrx_word' id='word_1_87' title='bbox 206 1123 382 1189; x_wconf 62' lang='lat' dir='ltr'><strong>Seianae</strong></span> <span class='ocrx_word' id='word_1_88' title='bbox 405 1134 544 1190; x_wconf 89' lang='lat' dir='ltr'><strong>cunctos</strong></span> <span class='ocrx_word' id='word_1_89' title='bbox 566 1123 733 1208; x_wconf 89' lang='lat' dir='ltr'><strong>indulgere</strong></span> <span class='ocrx_word' id='word_1_90' title='bbox 755 1122 868 1187; x_wconf 87' lang='lat' dir='ltr'><strong>fideles</strong></span> <span class='ocrx_word' id='word_1_91' title='bbox 892 1145 989 1206; x_wconf 91' lang='lat' dir='ltr'><strong>opere</strong></span> <span class='ocrx_word' id='word_1_92' title='bbox 1012 1127 1157 1207; x_wconf 90' lang='lat' dir='ltr'><strong>precium</strong></span> <span class='ocrx_word' id='word_1_93' title='bbox 1179 1127 1339 1206; x_wconf 90' lang='lat' dir='ltr'><strong>novimus,</strong></span> <span class='ocrx_word' id='word_1_94' title='bbox 1363 1124 1376 1204; x_wconf 61' lang='grc' dir='ltr'><em>ξ</em></span> <span class='ocrx_word' id='word_1_95' title='bbox 1399 1124 1549 1189; x_wconf 90' lang='lat' dir='ltr'><strong>consultu</strong></span> <span class='ocrx_word' id='word_1_96' title='bbox 1564 1124 1682 1189; x_wconf 89' lang='lat' dir='ltr'><strong>Marini</strong></span> <span class='ocrx_word' id='word_1_97' title='bbox 1705 1127 1900 1192; x_wconf 89' lang='lat' dir='ltr'><strong>venerabilis</strong></span> 
     </span>
     <span class='ocr_line' id='line_1_10' title="bbox 206 1217 1901 1315; baseline 0.002 -24"><span class='ocrx_word' id='word_1_98' title='bbox 206 1226 393 1302; x_wconf 79' lang='lat' dir='ltr'><strong>presulis</strong></span> <span class='ocrx_word' id='word_1_99' title='bbox 416 1228 585 1293; x_wconf 85' lang='lat' dir='ltr'><strong>Romanae</strong></span> <span class='ocrx_word' id='word_1_100' title='bbox 619 1226 717 1310; x_wconf 86' lang='lat' dir='ltr'><strong>legati</strong></span> <span class='ocrx_word' id='word_1_101' title='bbox 750 1225 909 1292; x_wconf 87' lang='lat' dir='ltr'><strong>ecclesiae</strong></span> <span class='ocrx_word' id='word_1_102' title='bbox 942 1250 1003 1292; x_wconf 92' lang='lat' dir='ltr'><strong>nce</strong></span> <span class='ocrx_word' id='word_1_103' title='bbox 1036 1217 1106 1292; x_wconf 87' lang='lat' dir='ltr'><strong>non</strong></span> <span class='ocrx_word' id='word_1_104' title='bbox 1128 1227 1290 1294; x_wconf 87' lang='lat' dir='ltr'><strong>Fridurici</strong></span> <span class='ocrx_word' id='word_1_105' title='bbox 1326 1251 1366 1293; x_wconf 89' lang='lat' dir='ltr'><strong>ac</strong></span> <span class='ocrx_word' id='word_1_106' title='bbox 1389 1227 1552 1312; x_wconf 84' lang='lat' dir='ltr'><strong>Adaldagi</strong></span> <span class='ocrx_word' id='word_1_107' title='bbox 1582 1228 1901 1315; x_wconf 88' lang='lat' dir='ltr'><strong>archiepiscoporum</strong></span> 
     </span>
     <span class='ocr_line' id='line_1_11' title="bbox 210 1325 1899 1417; baseline 0.002 -23"><span class='ocrx_word' id='word_1_108' title='bbox 210 1325 461 1417; x_wconf 76' lang='lat' dir='ltr'><strong>aliorumque</strong></span> <span class='ocrx_word' id='word_1_109' title='bbox 483 1333 711 1417; x_wconf 87' lang='lat' dir='ltr'><strong>episcoporum</strong></span> <span class='ocrx_word' id='word_1_110' title='bbox 734 1330 949 1416; x_wconf 90' lang='lat' dir='ltr'><strong>complurium</strong></span> <span class='ocrx_word' id='word_1_111' title='bbox 972 1341 1004 1395; x_wconf 92' lang='lat' dir='ltr'><strong>et</strong></span> <span class='ocrx_word' id='word_1_112' title='bbox 1026 1332 1094 1394; x_wconf 88' lang='lat' dir='ltr'><strong>cari</strong></span> <span class='ocrx_word' id='word_1_113' title='bbox 1115 1331 1225 1395; x_wconf 83' lang='lat' dir='ltr'><strong>fratris</strong></span> <span class='ocrx_word' id='word_1_114' title='bbox 1248 1333 1351 1395; x_wconf 80' lang='lat' dir='ltr'><strong>nostri</strong></span> <span class='ocrx_word' id='word_1_115' title='bbox 1367 1332 1530 1395; x_wconf 90' lang='lat' dir='ltr'><strong>Brunonis</strong></span> <span class='ocrx_word' id='word_1_116' title='bbox 1546 1353 1782 1416; x_wconf 79' lang='lat' dir='ltr'><strong>procerumque</strong></span> <span class='ocrx_word' id='word_1_117' title='bbox 1797 1335 1899 1397; x_wconf 84' lang='lat' dir='ltr'><strong>nostri</strong></span> 
     </span>
     <span class='ocr_line' id='line_1_12' title="bbox 212 1432 1901 1524; baseline -0.001 -24"><span class='ocrx_word' id='word_1_118' title='bbox 212 1434 477 1520; x_wconf 83' lang='lat' dir='ltr'><strong>precipueque</strong></span> <span class='ocrx_word' id='word_1_119' title='bbox 501 1432 645 1499; x_wconf 80' lang='lat' dir='ltr'><strong>Geronis</strong></span> <span class='ocrx_word' id='word_1_120' title='bbox 668 1433 777 1524; x_wconf 89' lang='lat' dir='ltr'><strong>dilecti</strong></span> <span class='ocrx_word' id='word_1_121' title='bbox 801 1433 894 1499; x_wconf 89' lang='lat' dir='ltr'><strong>ducis</strong></span> <span class='ocrx_word' id='word_1_122' title='bbox 922 1455 962 1499; x_wconf 89' lang='lat' dir='ltr'><strong>ac</strong></span> <span class='ocrx_word' id='word_1_123' title='bbox 992 1433 1189 1498; x_wconf 90' lang='lat' dir='ltr'><strong>marchionis</strong></span> <span class='ocrx_word' id='word_1_124' title='bbox 1217 1435 1329 1513; x_wconf 78' lang='lat' dir='ltr'><strong>nostri,</strong></span> <span class='ocrx_word' id='word_1_125' title='bbox 1361 1435 1394 1497; x_wconf 91' lang='lat' dir='ltr'><strong>in</strong></span> <span class='ocrx_word' id='word_1_126' title='bbox 1422 1433 1556 1518; x_wconf 90' lang='lat' dir='ltr'><strong>praedio</strong></span> <span class='ocrx_word' id='word_1_127' title='bbox 1587 1446 1697 1498; x_wconf 90' lang='lat' dir='ltr'><strong>nostro</strong></span> <span class='ocrx_word' id='word_1_128' title='bbox 1727 1437 1760 1498; x_wconf 93' lang='lat' dir='ltr'><strong>in</strong></span> <span class='ocrx_word' id='word_1_129' title='bbox 1790 1457 1901 1499; x_wconf 89' lang='lat' dir='ltr'><strong>marca</strong></span> 
     </span>
     <span class='ocr_line' id='line_1_13' title="bbox 215 1522 1941 1623; baseline 0.003 -24"><span class='ocrx_word' id='word_1_130' title='bbox 215 1532 341 1601; x_wconf 86' lang='lat' dir='ltr'><strong>illins</strong></span> <span class='ocrx_word' id='word_1_131' title='bbox 371 1538 437 1602; x_wconf 88' lang='lat' dir='ltr'><strong>sito</strong></span> <span class='ocrx_word' id='word_1_132' title='bbox 468 1539 503 1602; x_wconf 92' lang='lat' dir='ltr'><strong>in</strong></span> <span class='ocrx_word' id='word_1_133' title='bbox 529 1546 618 1602; x_wconf 87' lang='lat' dir='ltr'><strong>terra</strong></span> <span class='ocrx_word' id='word_1_134' title='bbox 645 1536 838 1604; x_wconf 85' lang='lat' dir='ltr'><strong>Solavorum</strong></span> <span class='ocrx_word' id='word_1_135' title='bbox 865 1540 900 1602; x_wconf 86' lang='lat' dir='ltr'><strong>in</strong></span> <span class='ocrx_word' id='word_1_136' title='bbox 929 1560 1014 1623; x_wconf 89' lang='lat' dir='ltr'><strong>pago</strong></span> <span class='ocrx_word' id='word_1_137' title='bbox 1043 1536 1217 1601; x_wconf 86' lang='lat' dir='ltr'><strong>Heueldun</strong></span> <span class='ocrx_word' id='word_1_138' title='bbox 1245 1539 1279 1600; x_wconf 91' lang='lat' dir='ltr'><strong>in</strong></span> <span class='ocrx_word' id='word_1_139' title='bbox 1309 1538 1441 1600; x_wconf 89' lang='lat' dir='ltr'><strong>civitate</strong></span> <span class='ocrx_word' id='word_1_140' title='bbox 1464 1536 1702 1621; x_wconf 89' lang='lat' dir='ltr'><strong>Brendanburg</strong></span> <span class='ocrx_word' id='word_1_141' title='bbox 1723 1540 1756 1601; x_wconf 93' lang='lat' dir='ltr'><strong>in</strong></span> <span class='ocrx_word' id='word_1_142' title='bbox 1780 1538 1902 1604; x_wconf 89' lang='lat' dir='ltr'><strong>honore</strong></span> <span class='ocrx_word' id='word_1_143' title='bbox 1937 1522 1941 1527; x_wconf 37' lang='lat'>¹</span> 
     </span>
     <span class='ocr_line' id='line_1_14' title="bbox 219 1637 1902 1728; baseline 0.001 -24"><span class='ocrx_word' id='word_1_144' title='bbox 219 1637 379 1706; x_wconf 85' lang='lat' dir='ltr'><strong>domini</strong></span> <span class='ocrx_word' id='word_1_145' title='bbox 404 1663 445 1705; x_wconf 87' lang='lat' dir='ltr'><strong>ac</strong></span> <span class='ocrx_word' id='word_1_146' title='bbox 468 1641 642 1707; x_wconf 89' lang='lat' dir='ltr'><strong>salvatoris</strong></span> <span class='ocrx_word' id='word_1_147' title='bbox 664 1643 768 1707; x_wconf 83' lang='lat' dir='ltr'><strong>nostri</strong></span> <span class='ocrx_word' id='word_1_148' title='bbox 792 1644 961 1728; x_wconf 84' lang='lat' dir='ltr'><strong>sanctique</strong></span> <span class='ocrx_word' id='word_1_149' title='bbox 984 1643 1070 1705; x_wconf 90' lang='lat' dir='ltr'><strong>Petri</strong></span> <span class='ocrx_word' id='word_1_150' title='bbox 1100 1639 1322 1724; x_wconf 87' lang='lat' dir='ltr'><strong>apostolorum</strong></span> <span class='ocrx_word' id='word_1_151' title='bbox 1352 1641 1508 1725; x_wconf 90' lang='lat' dir='ltr'><strong>principis</strong></span> <span class='ocrx_word' id='word_1_152' title='bbox 1538 1641 1758 1725; x_wconf 89' lang='lat' dir='ltr'><strong>episcopalem</strong></span> <span class='ocrx_word' id='word_1_153' title='bbox 1785 1645 1902 1707; x_wconf 87' lang='lat' dir='ltr'><strong>consti-</strong></span> 
     </span>
     <span class='ocr_line' id='line_1_15' title="bbox 218 1743 1903 1830; baseline 0.001 -21"><span class='ocrx_word' id='word_1_154' title='bbox 218 1746 375 1810; x_wconf 83' lang='lat' dir='ltr'><strong>tuimus</strong></span> <span class='ocrx_word' id='word_1_155' title='bbox 401 1743 529 1827; x_wconf 89' lang='lat' dir='ltr'><strong>sedem,</strong></span> <span class='ocrx_word' id='word_1_156' title='bbox 558 1745 755 1830; x_wconf 82' lang='lat' dir='ltr'><strong>preferentes</strong></span> <span class='ocrx_word' id='word_1_157' title='bbox 778 1748 808 1811; x_wconf 93' lang='lat' dir='ltr'><strong>ei</strong></span> <span class='ocrx_word' id='word_1_158' title='bbox 830 1744 1017 1829; x_wconf 90' lang='lat' dir='ltr'><strong>religiosum</strong></span> <span class='ocrx_word' id='word_1_159' title='bbox 1040 1743 1200 1828; x_wconf 87' lang='lat' dir='ltr'><strong>presulem</strong></span> <span class='ocrx_word' id='word_1_160' title='bbox 1224 1743 1473 1806; x_wconf 68' lang='lat' dir='ltr'><strong>Thiatmaruw</strong></span> <span class='ocrx_word' id='word_1_161' title='bbox 1505 1743 1673 1829; x_wconf 79' lang='lat' dir='ltr'><strong>eidemque</strong></span> <span class='ocrx_word' id='word_1_162' title='bbox 1700 1745 1903 1811; x_wconf 89' lang='lat' dir='ltr'><strong>conferentes</strong></span> 
     </span>
     <span class='ocr_line' id='line_1_16' title="bbox 222 1845 1903 1934; baseline 0 -22"><span class='ocrx_word' id='word_1_163' title='bbox 222 1845 416 1912; x_wconf 81' lang='lat' dir='ltr'><strong>ecclesiae</strong></span> <span class='ocrx_word' id='word_1_164' title='bbox 439 1846 609 1913; x_wconf 88' lang='lat' dir='ltr'><strong>dimidiam</strong></span> <span class='ocrx_word' id='word_1_165' title='bbox 631 1857 758 1934; x_wconf 84' lang='lat' dir='ltr'><strong>partem</strong></span> <span class='ocrx_word' id='word_1_166' title='bbox 780 1848 968 1932; x_wconf 82' lang='lat' dir='ltr'><strong>praedictae</strong></span> <span class='ocrx_word' id='word_1_167' title='bbox 990 1850 1132 1913; x_wconf 89' lang='lat' dir='ltr'><strong>civitatis</strong></span> <span class='ocrx_word' id='word_1_168' title='bbox 1155 1846 1374 1933; x_wconf 86' lang='lat' dir='ltr'><strong>aquilonalem</strong></span> <span class='ocrx_word' id='word_1_169' title='bbox 1397 1856 1429 1910; x_wconf 91' lang='lat' dir='ltr'><strong>et</strong></span> <span class='ocrx_word' id='word_1_170' title='bbox 1447 1845 1615 1910; x_wconf 86' lang='lat' dir='ltr'><strong>dimidiam</strong></span> <span class='ocrx_word' id='word_1_171' title='bbox 1634 1856 1760 1931; x_wconf 87' lang='lat' dir='ltr'><strong>partem</strong></span> <span class='ocrx_word' id='word_1_172' title='bbox 1777 1848 1903 1912; x_wconf 88' lang='lat' dir='ltr'><strong>insulae</strong></span> 
     </span>
     <span class='ocr_line' id='line_1_17' title="bbox 227 1948 1902 2037; baseline -0.001 -22"><span class='ocrx_word' id='word_1_173' title='bbox 227 1953 356 2016; x_wconf 87' lang='lat' dir='ltr'><strong>totius</strong></span> <span class='ocrx_word' id='word_1_174' title='bbox 380 1950 669 2036; x_wconf 83' lang='lat' dir='ltr'><strong>septentrionalem</strong></span> <span class='ocrx_word' id='word_1_175' title='bbox 691 1952 725 2016; x_wconf 91' lang='lat' dir='ltr'><strong>in</strong></span> <span class='ocrx_word' id='word_1_176' title='bbox 748 1973 812 2037; x_wconf 92' lang='lat' dir='ltr'><strong>qna</strong></span> <span class='ocrx_word' id='word_1_177' title='bbox 834 1952 951 2017; x_wconf 82' lang='lat' dir='ltr'><strong>civitas</strong></span> <span class='ocrx_word' id='word_1_178' title='bbox 974 1950 1089 2015; x_wconf 91' lang='lat' dir='ltr'><strong>eadem</strong></span> <span class='ocrx_word' id='word_1_179' title='bbox 1110 1949 1250 2014; x_wconf 88' lang='lat' dir='ltr'><strong>habetur</strong></span> <span class='ocrx_word' id='word_1_180' title='bbox 1279 1957 1481 2029; x_wconf 88' lang='lat' dir='ltr'><strong>constructa,</strong></span> <span class='ocrx_word' id='word_1_181' title='bbox 1519 1948 1749 2034; x_wconf 86' lang='lat' dir='ltr'><strong>dimidiamque</strong></span> <span class='ocrx_word' id='word_1_182' title='bbox 1778 1960 1902 2035; x_wconf 90' lang='lat' dir='ltr'><strong>partem</strong></span> 
     </span>
     <span class='ocr_line' id='line_1_18' title="bbox 231 2053 1902 2140; baseline -0.001 -20"><span class='ocrx_word' id='word_1_183' title='bbox 231 2056 402 2121; x_wconf 90' lang='lat' dir='ltr'><strong>omnium</strong></span> <span class='ocrx_word' id='word_1_184' title='bbox 424 2054 577 2121; x_wconf 84' lang='lat' dir='ltr'><strong>villarum</strong></span> <span class='ocrx_word' id='word_1_185' title='bbox 599 2055 677 2120; x_wconf 91' lang='lat' dir='ltr'><strong>illuc</strong></span> <span class='ocrx_word' id='word_1_186' title='bbox 700 2057 943 2140; x_wconf 88' lang='lat' dir='ltr'><strong>pertinentium,</strong></span> <span class='ocrx_word' id='word_1_187' title='bbox 978 2053 1060 2119; x_wconf 89' lang='lat' dir='ltr'><strong>duas</strong></span> <span class='ocrx_word' id='word_1_188' title='bbox 1090 2057 1223 2138; x_wconf 90' lang='lat' dir='ltr'><strong>insuper</strong></span> <span class='ocrx_word' id='word_1_189' title='bbox 1244 2056 1369 2137; x_wconf 89' lang='lat' dir='ltr'><strong>integre</strong></span> <span class='ocrx_word' id='word_1_190' title='bbox 1393 2054 1540 2117; x_wconf 89' lang='lat' dir='ltr'><strong>civitates</strong></span> <span class='ocrx_word' id='word_1_191' title='bbox 1564 2075 1638 2117; x_wconf 91' lang='lat' dir='ltr'><strong>cum</strong></span> <span class='ocrx_word' id='word_1_192' title='bbox 1663 2053 1812 2118; x_wconf 91' lang='lat' dir='ltr'><strong>omnibus</strong></span> <span class='ocrx_word' id='word_1_193' title='bbox 1836 2057 1902 2118; x_wconf 89' lang='lat' dir='ltr'><strong>suis</strong></span> 
     </span>
     <span class='ocr_line' id='line_1_19' title="bbox 233 2154 1900 2243; baseline -0.001 -22"><span class='ocrx_word' id='word_1_194' title='bbox 233 2157 455 2243; x_wconf 79' lang='lat' dir='ltr'><strong>appenditiis</strong></span> <span class='ocrx_word' id='word_1_195' title='bbox 477 2158 620 2223; x_wconf 89' lang='lat' dir='ltr'><strong>Pricerui</strong></span> <span class='ocrx_word' id='word_1_196' title='bbox 644 2168 675 2222; x_wconf 92' lang='lat' dir='ltr'><strong>ct</strong></span> <span class='ocrx_word' id='word_1_197' title='bbox 697 2159 795 2223; x_wconf 84' lang='lat' dir='ltr'><strong>Ezeri</strong></span> <span class='ocrx_word' id='word_1_198' title='bbox 817 2158 1015 2222; x_wconf 90' lang='lat' dir='ltr'><strong>nominatas.</strong></span> <span class='ocrx_word' id='word_1_199' title='bbox 1050 2158 1200 2222; x_wconf 89' lang='lat' dir='ltr'><strong>Preterea</strong></span> <span class='ocrx_word' id='word_1_200' title='bbox 1224 2154 1510 2219; x_wconf 87' lang='lat' dir='ltr'><strong>determinavimus</strong></span> <span class='ocrx_word' id='word_1_201' title='bbox 1534 2166 1790 2239; x_wconf 88' lang='lat' dir='ltr'><strong>prememoratae</strong></span> <span class='ocrx_word' id='word_1_202' title='bbox 1814 2156 1900 2221; x_wconf 91' lang='lat' dir='ltr'><strong>sedis</strong></span> 
     </span>
     <span class='ocr_line' id='line_1_20' title="bbox 236 2256 1902 2347; baseline -0.002 -21"><span class='ocrx_word' id='word_1_203' title='bbox 236 2261 450 2346; x_wconf 85' lang='lat' dir='ltr'><strong>parrochiae</strong></span> <span class='ocrx_word' id='word_1_204' title='bbox 473 2264 654 2347; x_wconf 90' lang='lat' dir='ltr'><strong>provintias</strong></span> <span class='ocrx_word' id='word_1_205' title='bbox 669 2263 753 2327; x_wconf 83' lang='lat' dir='ltr'><strong>infra</strong></span> <span class='ocrx_word' id='word_1_206' title='bbox 768 2259 996 2344; x_wconf 75' lang='lat' dir='ltr'><strong>nominatlas]:</strong></span> <span class='ocrx_word' id='word_1_207' title='bbox 1019 2261 1210 2338; x_wconf 88' lang='lat' dir='ltr'><strong>Moraeiani,</strong></span> <span class='ocrx_word' id='word_1_208' title='bbox 1235 2256 1395 2339; x_wconf 82' lang='lat' dir='ltr'><strong>Oiemisti,</strong></span> <span class='ocrx_word' id='word_1_209' title='bbox 1420 2256 1523 2339; x_wconf 90' lang='lat' dir='ltr'><strong>Ploni,</strong></span> <span class='ocrx_word' id='word_1_210' title='bbox 1547 2257 1757 2342; x_wconf 89' lang='lat' dir='ltr'><strong>Zpriauuani,</strong></span> <span class='ocrx_word' id='word_1_211' title='bbox 1784 2258 1902 2323; x_wconf 88' lang='lat' dir='ltr'><strong>Heuel·</strong></span> 
     </span>
     <span class='ocr_line' id='line_1_21' title="bbox 206 2362 1903 2449; baseline -0.001 -21"><span class='ocrx_word' id='word_1_212' title='bbox 206 2404 208 2415; x_wconf 73' lang='lat'><strong>.</strong></span> <span class='ocrx_word' id='word_1_213' title='bbox 244 2364 338 2446; x_wconf 90' lang='lat' dir='ltr'><strong>dun,</strong></span> <span class='ocrx_word' id='word_1_214' title='bbox 368 2365 511 2448; x_wconf 90' lang='lat' dir='ltr'><strong>Vuucri,</strong></span> <span class='ocrx_word' id='word_1_215' title='bbox 540 2364 733 2449; x_wconf 75' lang='lat' dir='ltr'><strong>Rialcilani,</strong></span> <span class='ocrx_word' id='word_1_216' title='bbox 763 2365 924 2447; x_wconf 89' lang='lat' dir='ltr'><strong>Zamoiei,</strong></span> <span class='ocrx_word' id='word_1_217' title='bbox 954 2364 1091 2447; x_wconf 82' lang='lat' dir='ltr'><strong>Daseia,</strong></span> <span class='ocrx_word' id='word_1_218' title='bbox 1117 2365 1239 2428; x_wconf 91' lang='lat' dir='ltr'><strong>Lusici.</strong></span> <span class='ocrx_word' id='word_1_219' title='bbox 1274 2362 1461 2426; x_wconf 85' lang='lat' dir='ltr'><strong>Terminum</strong></span> <span class='ocrx_word' id='word_1_220' title='bbox 1483 2383 1561 2425; x_wconf 91' lang='lat' dir='ltr'><strong>vcro</strong></span> <span class='ocrx_word' id='word_1_221' title='bbox 1584 2362 1690 2426; x_wconf 89' lang='lat' dir='ltr'><strong>eidem</strong></span> <span class='ocrx_word' id='word_1_222' title='bbox 1712 2364 1903 2448; x_wconf 90' lang='lat' dir='ltr'><strong>parrochiae</strong></span> 
     </span>
     <span class='ocr_line' id='line_1_22' title="bbox 248 2464 1903 2552; baseline -0.001 -20"><span class='ocrx_word' id='word_1_223' title='bbox 248 2469 486 2532; x_wconf 86' lang='lat' dir='ltr'><strong>constituimus</strong></span> <span class='ocrx_word' id='word_1_224' title='bbox 511 2470 666 2533; x_wconf 90' lang='lat' dir='ltr'><strong>orientem</strong></span> <span class='ocrx_word' id='word_1_225' title='bbox 688 2490 802 2533; x_wconf 88' lang='lat' dir='ltr'><strong>versus</strong></span> <span class='ocrx_word' id='word_1_226' title='bbox 826 2467 868 2532; x_wconf 90' lang='lat' dir='ltr'><strong>ad</strong></span> <span class='ocrx_word' id='word_1_227' title='bbox 890 2466 1010 2533; x_wconf 90' lang='lat' dir='ltr'><strong>flumen</strong></span> <span class='ocrx_word' id='word_1_228' title='bbox 1029 2466 1139 2532; x_wconf 86' lang='lat' dir='ltr'><strong>Odere</strong></span> <span class='ocrx_word' id='word_1_229' title='bbox 1162 2477 1194 2530; x_wconf 90' lang='lat' dir='ltr'><strong>et</strong></span> <span class='ocrx_word' id='word_1_230' title='bbox 1217 2464 1418 2532; x_wconf 88' lang='lat' dir='ltr'><strong>occidentem</strong></span> <span class='ocrx_word' id='word_1_231' title='bbox 1442 2487 1480 2527; x_wconf 88' lang='lat' dir='ltr'><strong>ao</strong></span> <span class='ocrx_word' id='word_1_232' title='bbox 1504 2473 1649 2529; x_wconf 85' lang='lat' dir='ltr'><strong>austrum</strong></span> <span class='ocrx_word' id='word_1_233' title='bbox 1671 2488 1785 2530; x_wconf 89' lang='lat' dir='ltr'><strong>versus</strong></span> <span class='ocrx_word' id='word_1_234' title='bbox 1800 2489 1903 2552; x_wconf 89' lang='lat' dir='ltr'><strong>usque</strong></span> 
     </span>
     <span class='ocr_line' id='line_1_23' title="bbox 253 2569 1903 2656; baseline -0.001 -21"><span class='ocrx_word' id='word_1_235' title='bbox 253 2571 299 2636; x_wconf 87' lang='lat' dir='ltr'><strong>ad</strong></span> <span class='ocrx_word' id='word_1_236' title='bbox 313 2570 450 2636; x_wconf 85' lang='lat' dir='ltr'><strong>Albiam</strong></span> <span class='ocrx_word' id='word_1_237' title='bbox 472 2571 603 2654; x_wconf 87' lang='lat' dir='ltr'><strong>flumen,</strong></span> <span class='ocrx_word' id='word_1_238' title='bbox 627 2571 671 2636; x_wconf 91' lang='lat' dir='ltr'><strong>ad</strong></span> <span class='ocrx_word' id='word_1_239' title='bbox 692 2571 877 2656; x_wconf 87' lang='lat' dir='ltr'><strong>aquilonem</strong></span> <span class='ocrx_word' id='word_1_240' title='bbox 900 2593 977 2636; x_wconf 92' lang='lat' dir='ltr'><strong>vcro</strong></span> <span class='ocrx_word' id='word_1_241' title='bbox 1001 2592 1103 2655; x_wconf 92' lang='lat' dir='ltr'><strong>usquc</strong></span> <span class='ocrx_word' id='word_1_242' title='bbox 1126 2569 1169 2634; x_wconf 89' lang='lat' dir='ltr'><strong>ad</strong></span> <span class='ocrx_word' id='word_1_243' title='bbox 1190 2569 1272 2633; x_wconf 89' lang='lat' dir='ltr'><strong>fines</strong></span> <span class='ocrx_word' id='word_1_244' title='bbox 1295 2570 1530 2652; x_wconf 89' lang='lat' dir='ltr'><strong>provintiarum</strong></span> <span class='ocrx_word' id='word_1_245' title='bbox 1547 2571 1903 2652; x_wconf 80' lang='lat' dir='ltr'><strong>supranominatorum:</strong></span> 
     </span>
     <span class='ocr_line' id='line_1_24' title="bbox 255 2669 1903 2760; baseline -0.002 -20"><span class='ocrx_word' id='word_1_246' title='bbox 255 2675 396 2756; x_wconf 87' lang='lat' dir='ltr'><strong>Vuucri,</strong></span> <span class='ocrx_word' id='word_1_247' title='bbox 426 2673 597 2756; x_wconf 89' lang='lat' dir='ltr'><strong>Riaoiani‚</strong></span> <span class='ocrx_word' id='word_1_248' title='bbox 626 2674 765 2755; x_wconf 82' lang='lat' dir='ltr'><strong>Daseia3</strong></span> <span class='ocrx_word' id='word_1_249' title='bbox 800 2697 929 2739; x_wconf 90' lang='lat' dir='ltr'><strong>omnem</strong></span> <span class='ocrx_word' id='word_1_250' title='bbox 958 2677 1067 2760; x_wconf 83' lang='lat' dir='ltr'><strong>itaque</strong></span> <span class='ocrx_word' id='word_1_251' title='bbox 1098 2671 1359 2757; x_wconf 88' lang='lat' dir='ltr'><strong>supradictarum</strong></span> <span class='ocrx_word' id='word_1_252' title='bbox 1389 2669 1638 2735; x_wconf 90' lang='lat' dir='ltr'><strong>decimationem</strong></span> <span class='ocrx_word' id='word_1_253' title='bbox 1667 2674 1903 2756; x_wconf 88' lang='lat' dir='ltr'><strong>provintiarum</strong></span> 
     </span>
     <span class='ocr_line' id='line_1_25' title="bbox 258 2773 1902 2863; baseline -0.001 -23"><span class='ocrx_word' id='word_1_254' title='bbox 258 2777 403 2863; x_wconf 74' lang='lat' dir='ltr'><strong>predicte</strong></span> <span class='ocrx_word' id='word_1_255' title='bbox 427 2775 592 2840; x_wconf 88' lang='lat' dir='ltr'><strong>tradentes</strong></span> <span class='ocrx_word' id='word_1_256' title='bbox 615 2776 783 2859; x_wconf 90' lang='lat' dir='ltr'><strong>ecelesiae,</strong></span> <span class='ocrx_word' id='word_1_257' title='bbox 806 2787 947 2861; x_wconf 82' lang='lat' dir='ltr'><strong>excepta</strong></span> <span class='ocrx_word' id='word_1_258' title='bbox 969 2778 1138 2842; x_wconf 91' lang='lat' dir='ltr'><strong>civitatum</strong></span> <span class='ocrx_word' id='word_1_259' title='bbox 1162 2773 1276 2840; x_wconf 90' lang='lat' dir='ltr'><strong>subtus</strong></span> <span class='ocrx_word' id='word_1_260' title='bbox 1298 2774 1555 2838; x_wconf 88' lang='lat' dir='ltr'><strong>nominatarum:</strong></span> <span class='ocrx_word' id='word_1_261' title='bbox 1578 2773 1712 2856; x_wconf 87' lang='lat' dir='ltr'><strong>Bidrizi,</strong></span> <span class='ocrx_word' id='word_1_262' title='bbox 1730 2773 1902 2856; x_wconf 83' lang='lat' dir='ltr'><strong>Guntmiri,</strong></span> 
     </span>
     <span class='ocr_line' id='line_1_26' title="bbox 206 2875 1901 2965; baseline -0.002 -21"><span class='ocrx_word' id='word_1_263' title='bbox 206 2897 233 2944; x_wconf 77' lang='lat'><strong>5</strong></span> <span class='ocrx_word' id='word_1_264' title='bbox 260 2880 412 2962; x_wconf 79' lang='lat' dir='ltr'><strong>Pachom,</strong></span> <span class='ocrx_word' id='word_1_265' title='bbox 436 2879 644 2961; x_wconf 86' lang='lat' dir='ltr'><strong>Mokrianici,</strong></span> <span class='ocrx_word' id='word_1_266' title='bbox 668 2880 768 2965; x_wconf 86' lang='lat' dir='ltr'><strong>Burg,</strong></span> <span class='ocrx_word' id='word_1_267' title='bbox 792 2878 916 2962; x_wconf 82' lang='lat' dir='ltr'><strong>Grabo,</strong></span> <span class='ocrx_word' id='word_1_268' title='bbox 942 2878 1085 2944; x_wconf 83' lang='lat' dir='ltr'><strong>Ciertuui</strong></span> <span class='ocrx_word' id='word_1_269' title='bbox 1109 2887 1141 2941; x_wconf 88' lang='lat' dir='ltr'><strong>et</strong></span> <span class='ocrx_word' id='word_1_270' title='bbox 1163 2876 1314 2941; x_wconf 87' lang='lat' dir='ltr'><strong>villarum</strong></span> <span class='ocrx_word' id='word_1_271' title='bbox 1337 2876 1380 2940; x_wconf 90' lang='lat' dir='ltr'><strong>ad</strong></span> <span class='ocrx_word' id='word_1_272' title='bbox 1402 2875 1461 2939; x_wconf 89' lang='lat' dir='ltr'><strong>has</strong></span> <span class='ocrx_word' id='word_1_273' title='bbox 1485 2877 1633 2940; x_wconf 84' lang='lat' dir='ltr'><strong>civitates</strong></span> <span class='ocrx_word' id='word_1_274' title='bbox 1656 2879 1725 2941; x_wconf 89' lang='lat' dir='ltr'><strong>iure</strong></span> <span class='ocrx_word' id='word_1_275' title='bbox 1740 2879 1901 2962; x_wconf 89' lang='lat' dir='ltr'><strong>pertinen-</strong></span> 
     </span>
     <span class='ocr_line' id='line_1_27' title="bbox 260 2979 1900 3068; baseline -0.001 -22"><span class='ocrx_word' id='word_1_276' title='bbox 260 2985 347 3064; x_wconf 90' lang='lat' dir='ltr'><strong>tium,</strong></span> <span class='ocrx_word' id='word_1_277' title='bbox 372 3004 471 3068; x_wconf 90' lang='lat' dir='ltr'><strong>quam</strong></span> <span class='ocrx_word' id='word_1_278' title='bbox 493 2981 536 3047; x_wconf 81' lang='lat' dir='ltr'><strong>ad</strong></span> <span class='ocrx_word' id='word_1_279' title='bbox 559 3005 653 3048; x_wconf 89' lang='lat' dir='ltr'><strong>usum</strong></span> <span class='ocrx_word' id='word_1_280' title='bbox 675 2983 911 3048; x_wconf 89' lang='lat' dir='ltr'><strong>monachorum</strong></span> <span class='ocrx_word' id='word_1_281' title='bbox 933 2985 967 3046; x_wconf 93' lang='lat' dir='ltr'><strong>in</strong></span> <span class='ocrx_word' id='word_1_282' title='bbox 989 2983 1187 3047; x_wconf 90' lang='lat' dir='ltr'><strong>monasterio</strong></span> <span class='ocrx_word' id='word_1_283' title='bbox 1204 2979 1432 3065; x_wconf 86' lang='lat' dir='ltr'><strong>Magadaburg</strong></span> <span class='ocrx_word' id='word_1_284' title='bbox 1453 3001 1473 3043; x_wconf 89' lang='lat' dir='ltr'><strong>a</strong></span> <span class='ocrx_word' id='word_1_285' title='bbox 1494 2979 1591 3044; x_wconf 89' lang='lat' dir='ltr'><strong>nobis</strong></span> <span class='ocrx_word' id='word_1_286' title='bbox 1607 2982 1639 3043; x_wconf 93' lang='lat' dir='ltr'><strong>in</strong></span> <span class='ocrx_word' id='word_1_287' title='bbox 1655 2980 1779 3045; x_wconf 91' lang='lat' dir='ltr'><strong>honore</strong></span> <span class='ocrx_word' id='word_1_288' title='bbox 1796 2984 1900 3045; x_wconf 88' lang='lat' dir='ltr'><strong>sancti</strong></span> 
     </span>
     <span class='ocr_line' id='line_1_28' title="bbox 260 3078 1902 3171; baseline -0.001 -22"><span class='ocrx_word' id='word_1_289' title='bbox 260 3085 406 3150; x_wconf 85' lang='lat' dir='ltr'><strong>llanricii</strong></span> <span class='ocrx_word' id='word_1_290' title='bbox 431 3087 600 3169; x_wconf 90' lang='lat' dir='ltr'><strong>sanctique</strong></span> <span class='ocrx_word' id='word_1_291' title='bbox 615 3084 796 3150; x_wconf 89' lang='lat' dir='ltr'><strong>Innocentii</strong></span> <span class='ocrx_word' id='word_1_292' title='bbox 820 3095 1006 3150; x_wconf 88' lang='lat' dir='ltr'><strong>constructo</strong></span> <span class='ocrx_word' id='word_1_293' title='bbox 1031 3087 1178 3171; x_wconf 90' lang='lat' dir='ltr'><strong>episcopi</strong></span> <span class='ocrx_word' id='word_1_294' title='bbox 1201 3084 1354 3150; x_wconf 90' lang='lat' dir='ltr'><strong>videlicet</strong></span> <span class='ocrx_word' id='word_1_295' title='bbox 1369 3078 1531 3149; x_wconf 85' lang='lat' dir='ltr'><strong>consensu</strong></span> <span class='ocrx_word' id='word_1_296' title='bbox 1547 3083 1705 3170; x_wconf 89' lang='lat' dir='ltr'><strong>praedicti</strong></span> <span class='ocrx_word' id='word_1_297' title='bbox 1721 3084 1902 3149; x_wconf 82' lang='lat' dir='ltr'><strong>Thiatmari</strong></span> 
     </span>
     <span class='ocr_line' id='line_1_29' title="bbox 261 3186 1901 3272; baseline -0.001 -20"><span class='ocrx_word' id='word_1_298' title='bbox 261 3187 453 3252; x_wconf 90' lang='lat' dir='ltr'><strong>venerabilis</strong></span> <span class='ocrx_word' id='word_1_299' title='bbox 476 3186 563 3251; x_wconf 83' lang='lat' dir='ltr'><strong>virib</strong></span> <span class='ocrx_word' id='word_1_300' title='bbox 592 3187 802 3270; x_wconf 80' lang='lat' dir='ltr'><strong>donavimus3</strong></span> <span class='ocrx_word' id='word_1_301' title='bbox 833 3186 1050 3253; x_wconf 89' lang='lat' dir='ltr'><strong>deliberantes</strong></span> <span class='ocrx_word' id='word_1_302' title='bbox 1072 3197 1183 3252; x_wconf 88' lang='lat' dir='ltr'><strong>tamen</strong></span> <span class='ocrx_word' id='word_1_303' title='bbox 1205 3187 1406 3272; x_wconf 88' lang='lat' dir='ltr'><strong>praelibatae</strong></span> <span class='ocrx_word' id='word_1_304' title='bbox 1422 3189 1576 3272; x_wconf 90' lang='lat' dir='ltr'><strong>episcopo</strong></span> <span class='ocrx_word' id='word_1_305' title='bbox 1593 3186 1751 3250; x_wconf 90' lang='lat' dir='ltr'><strong>ecclesiae</strong></span> <span class='ocrx_word' id='word_1_306' title='bbox 1767 3187 1901 3271; x_wconf 87' lang='lat' dir='ltr'><strong>singulis</strong></span> 
     </span>
     <span class='ocr_line' id='line_1_30' title="bbox 262 3289 1902 3381; baseline 0 -27"><span class='ocrx_word' id='word_1_307' title='bbox 262 3293 352 3355; x_wconf 89' lang='lat' dir='ltr'><strong>annis</strong></span> <span class='ocrx_word' id='word_1_308' title='bbox 382 3301 529 3376; x_wconf 87' lang='lat' dir='ltr'><strong>tempore</strong></span> <span class='ocrx_word' id='word_1_309' title='bbox 556 3290 809 3376; x_wconf 88' lang='lat' dir='ltr'><strong>praedicationis</strong></span> <span class='ocrx_word' id='word_1_310' title='bbox 838 3301 870 3381; x_wconf 82' lang='lat' dir='ltr'><strong>et</strong></span> <span class='ocrx_word' id='word_1_311' title='bbox 899 3291 1156 3356; x_wconf 89' lang='lat' dir='ltr'><strong>confirmationis</strong></span> <span class='ocrx_word' id='word_1_312' title='bbox 1180 3293 1346 3356; x_wconf 90' lang='lat' dir='ltr'><strong>servitium</strong></span> <span class='ocrx_word' id='word_1_313' title='bbox 1368 3290 1512 3375; x_wconf 91' lang='lat' dir='ltr'><strong>impendi</strong></span> <span class='ocrx_word' id='word_1_314' title='bbox 1535 3289 1577 3355; x_wconf 90' lang='lat' dir='ltr'><strong>ab</strong></span> <span class='ocrx_word' id='word_1_315' title='bbox 1601 3289 1721 3354; x_wconf 89' lang='lat' dir='ltr'><strong>abbate</strong></span> <span class='ocrx_word' id='word_1_316' title='bbox 1744 3289 1902 3374; x_wconf 87' lang='lat' dir='ltr'><strong>Magada·</strong></span> 
     </span>
     <span class='ocr_line' id='line_1_31' title="bbox 210 3394 1905 3483; baseline 0.001 -25"><span class='ocrx_word' id='word_1_317' title='bbox 210 3394 430 3483; x_wconf 12' lang='lat' dir='ltr'><strong>eovbnrgensis</strong></span> <span class='ocrx_word' id='word_1_318' title='bbox 452 3397 642 3459; x_wconf 86' lang='lat' dir='ltr'><strong>monasterii</strong></span> <span class='ocrx_word' id='word_1_319' title='bbox 664 3397 699 3459; x_wconf 88' lang='lat' dir='ltr'><strong>in</strong></span> <span class='ocrx_word' id='word_1_320' title='bbox 721 3394 825 3460; x_wconf 92' lang='lat' dir='ltr'><strong>tribus</strong></span> <span class='ocrx_word' id='word_1_321' title='bbox 849 3417 924 3460; x_wconf 92' lang='lat' dir='ltr'><strong>vero</strong></span> <span class='ocrx_word' id='word_1_322' title='bbox 948 3394 1045 3478; x_wconf 90' lang='lat' dir='ltr'><strong>locis,</strong></span> <span class='ocrx_word' id='word_1_323' title='bbox 1069 3396 1208 3478; x_wconf 84' lang='lat' dir='ltr'><strong>Bidrici,</strong></span> <span class='ocrx_word' id='word_1_324' title='bbox 1232 3396 1322 3480; x_wconf 88' lang='lat' dir='ltr'><strong>Burg</strong></span> <span class='ocrx_word' id='word_1_325' title='bbox 1346 3395 1470 3460; x_wconf 92' lang='lat' dir='ltr'><strong>scilicet</strong></span> <span class='ocrx_word' id='word_1_326' title='bbox 1492 3404 1524 3458; x_wconf 92' lang='lat' dir='ltr'><strong>et</strong></span> <span class='ocrx_word' id='word_1_327' title='bbox 1545 3394 1740 3474; x_wconf 88' lang='lat' dir='ltr'><strong>Moeranici,</strong></span> <span class='ocrx_word' id='word_1_328' title='bbox 1764 3397 1798 3459; x_wconf 91' lang='lat' dir='ltr'><strong>in</strong></span> <span class='ocrx_word' id='word_1_329' title='bbox 1815 3405 1905 3460; x_wconf 79' lang='lat' dir='ltr'><strong>una⁰</strong></span> 
     </span>
     <span class='ocr_line' id='line_1_32' title="bbox 264 3497 1904 3584; baseline 0.001 -22"><span class='ocrx_word' id='word_1_330' title='bbox 264 3520 387 3584; x_wconf 87' lang='lat' dir='ltr'><strong>quoque</strong></span> <span class='ocrx_word' id='word_1_331' title='bbox 409 3519 523 3562; x_wconf 90' lang='lat' dir='ltr'><strong>eorum</strong></span> <span class='ocrx_word' id='word_1_332' title='bbox 546 3508 611 3562; x_wconf 90' lang='lat' dir='ltr'><strong>tres</strong></span> <span class='ocrx_word' id='word_1_333' title='bbox 633 3497 788 3563; x_wconf 88' lang='lat' dir='ltr'><strong>medones</strong></span> <span class='ocrx_word' id='word_1_334' title='bbox 812 3499 958 3584; x_wconf 88' lang='lat' dir='ltr'><strong>duasque</strong></span> <span class='ocrx_word' id='word_1_335' title='bbox 980 3501 1133 3582; x_wconf 86' lang='lat' dir='ltr'><strong>cervisas,</strong></span> <span class='ocrx_word' id='word_1_336' title='bbox 1157 3522 1216 3563; x_wconf 87' lang='lat' dir='ltr'><strong>sex</strong></span> <span class='ocrx_word' id='word_1_337' title='bbox 1239 3498 1365 3564; x_wconf 88' lang='lat' dir='ltr'><strong>modios</strong></span> <span class='ocrx_word' id='word_1_338' title='bbox 1389 3500 1497 3580; x_wconf 90' lang='lat' dir='ltr'><strong>tritici,</strong></span> <span class='ocrx_word' id='word_1_339' title='bbox 1521 3497 1603 3564; x_wconf 90' lang='lat' dir='ltr'><strong>duos</strong></span> <span class='ocrx_word' id='word_1_340' title='bbox 1627 3498 1798 3583; x_wconf 89' lang='lat' dir='ltr'><strong>porcellos,</strong></span> <span class='ocrx_word' id='word_1_341' title='bbox 1822 3497 1904 3564; x_wconf 86' lang='lat' dir='ltr'><strong>duas</strong></span> 
     </span>
     <span class='ocr_line' id='line_1_33' title="bbox 265 3587 1903 3688; baseline 0.001 -22"><span class='ocrx_word' id='word_1_342' title='bbox 265 3624 400 3684; x_wconf 83' lang='lat' dir='ltr'><strong>anseres,</strong></span> <span class='ocrx_word' id='word_1_343' title='bbox 424 3601 539 3666; x_wconf 88' lang='lat' dir='ltr'><strong>decem</strong></span> <span class='ocrx_word' id='word_1_344' title='bbox 560 3600 709 3686; x_wconf 87' lang='lat' dir='ltr'><strong>gallinas,</strong></span> <span class='ocrx_word' id='word_1_345' title='bbox 733 3625 792 3666; x_wconf 85' lang='lat' dir='ltr'><strong>sex</strong></span> <span class='ocrx_word' id='word_1_346' title='bbox 816 3587 944 3688; x_wconf 87' lang='lat' dir='ltr'><strong>quoque</strong></span> <span class='ocrx_word' id='word_1_347' title='bbox 967 3603 1138 3687; x_wconf 89' lang='lat' dir='ltr'><strong>frissingos</strong></span> <span class='ocrx_word' id='word_1_348' title='bbox 1160 3613 1193 3666; x_wconf 92' lang='lat' dir='ltr'><strong>et</strong></span> <span class='ocrx_word' id='word_1_349' title='bbox 1217 3625 1276 3666; x_wconf 88' lang='lat' dir='ltr'><strong>sex</strong></span> <span class='ocrx_word' id='word_1_350' title='bbox 1298 3600 1453 3666; x_wconf 89' lang='lat' dir='ltr'><strong>carradas</strong></span> <span class='ocrx_word' id='word_1_351' title='bbox 1469 3623 1597 3686; x_wconf 79' lang='lat' dir='ltr'><strong>annone</strong></span> <span class='ocrx_word' id='word_1_352' title='bbox 1612 3604 1720 3687; x_wconf 89' lang='lat' dir='ltr'><strong>pastui</strong></span> <span class='ocrx_word' id='word_1_353' title='bbox 1737 3624 1903 3687; x_wconf 90' lang='lat' dir='ltr'><strong>equorum.</strong></span> 
     </span>
     <span class='ocr_line' id='line_1_34' title="bbox 265 3704 1904 3792; baseline 0.001 -23"><span class='ocrx_word' id='word_1_354' title='bbox 265 3704 304 3769; x_wconf 84' lang='lat' dir='ltr'><strong>Et</strong></span> <span class='ocrx_word' id='word_1_355' title='bbox 323 3715 360 3769; x_wconf 91' lang='lat' dir='ltr'><strong>ut</strong></span> <span class='ocrx_word' id='word_1_356' title='bbox 379 3704 462 3770; x_wconf 91' lang='lat' dir='ltr'><strong>haec</strong></span> <span class='ocrx_word' id='word_1_357' title='bbox 485 3715 598 3770; x_wconf 90' lang='lat' dir='ltr'><strong>nostra</strong></span> <span class='ocrx_word' id='word_1_358' title='bbox 621 3704 752 3770; x_wconf 90' lang='lat' dir='ltr'><strong>traditio</strong></span> <span class='ocrx_word' id='word_1_359' title='bbox 774 3705 968 3771; x_wconf 89' lang='lat' dir='ltr'><strong>inconvulsa</strong></span> <span class='ocrx_word' id='word_1_360' title='bbox 989 3706 1140 3770; x_wconf 84' lang='lat' dir='ltr'><strong>firmitate</strong></span> <span class='ocrx_word' id='word_1_361' title='bbox 1163 3728 1222 3792; x_wconf 89' lang='lat' dir='ltr'><strong>por</strong></span> <span class='ocrx_word' id='word_1_362' title='bbox 1245 3708 1353 3770; x_wconf 90' lang='lat' dir='ltr'><strong>omnia</strong></span> <span class='ocrx_word' id='word_1_363' title='bbox 1376 3705 1619 3771; x_wconf 88' lang='lat' dir='ltr'><strong>succedentium</strong></span> <span class='ocrx_word' id='word_1_364' title='bbox 1642 3705 1804 3770; x_wconf 90' lang='lat' dir='ltr'><strong>curricula</strong></span> <span class='ocrx_word' id='word_1_365' title='bbox 1827 3716 1904 3770; x_wconf 92' lang='lat' dir='ltr'><strong>tem-</strong></span> 
     </span>
    </p>
   </div>
   <div class='ocr_carea' id='block_1_4' title="bbox 268 3807 2024 3894">
    <p class='ocr_par' dir='ltr' id='par_1_4' title="bbox 268 3807 2024 3894">
     <span class='ocr_line' id='line_1_35' title="bbox 268 3807 2024 3894; baseline 0.001 -22"><span class='ocrx_word' id='word_1_366' title='bbox 268 3829 376 3892; x_wconf 86' lang='lat' dir='ltr'><strong>porum</strong></span> <span class='ocrx_word' id='word_1_367' title='bbox 402 3807 667 3894; x_wconf 87' lang='lat' dir='ltr'><strong>inviolabilisque</strong></span> <span class='ocrx_word' id='word_1_368' title='bbox 695 3818 901 3894; x_wconf 86' lang='lat' dir='ltr'><strong>permaneat,</strong></span> <span class='ocrx_word' id='word_1_369' title='bbox 936 3810 1089 3874; x_wconf 90' lang='lat' dir='ltr'><strong>iussimus</strong></span> <span class='ocrx_word' id='word_1_370' title='bbox 1123 3810 1189 3873; x_wconf 89' lang='lat' dir='ltr'><strong>iam</strong></span> <span class='ocrx_word' id='word_1_371' title='bbox 1218 3832 1316 3894; x_wconf 89' lang='lat' dir='ltr'><strong>saepe</strong></span> <span class='ocrx_word' id='word_1_372' title='bbox 1344 3809 1431 3875; x_wconf 88' lang='lat' dir='ltr'><strong>dicto</strong></span> <span class='ocrx_word' id='word_1_373' title='bbox 1455 3808 1645 3874; x_wconf 86' lang='lat' dir='ltr'><strong>Thiatmaro</strong></span> <span class='ocrx_word' id='word_1_374' title='bbox 1676 3811 1813 3874; x_wconf 88' lang='lat' dir='ltr'><strong>antistiti</strong></span> <span class='ocrx_word' id='word_1_375' title='bbox 1841 3810 1905 3873; x_wconf 94' lang='lat' dir='ltr'><strong>hoc</strong></span> <span class='ocrx_word' id='word_1_376' title='bbox 2021 3878 2024 3883; x_wconf 65' lang='grc'><em>,</em></span> 
     </span>
    </p>
   </div>
   <div class='ocr_carea' id='block_1_5' title="bbox 229 3908 1905 4078">
    <p class='ocr_par' dir='ltr' id='par_1_5' title="bbox 229 3908 1905 4078">
     <span class='ocr_line' id='line_1_36' title="bbox 229 3908 1905 3997; baseline 0.001 -25"><span class='ocrx_word' id='word_1_377' title='bbox 229 3923 393 3994; x_wconf 70' lang='lat' dir='ltr'><strong>apresens</strong></span> <span class='ocrx_word' id='word_1_378' title='bbox 415 3908 579 3976; x_wconf 89' lang='lat' dir='ltr'><strong>conscribi</strong></span> <span class='ocrx_word' id='word_1_379' title='bbox 601 3921 791 3996; x_wconf 87' lang='lat' dir='ltr'><strong>preceptum</strong></span> <span class='ocrx_word' id='word_1_380' title='bbox 813 3933 912 3976; x_wconf 89' lang='lat' dir='ltr'><strong>manu</strong></span> <span class='ocrx_word' id='word_1_381' title='bbox 933 3920 1047 3975; x_wconf 89' lang='lat' dir='ltr'><strong>nostra</strong></span> <span class='ocrx_word' id='word_1_382' title='bbox 1070 3910 1183 3976; x_wconf 91' lang='lat' dir='ltr'><strong>subtus</strong></span> <span class='ocrx_word' id='word_1_383' title='bbox 1206 3911 1369 3976; x_wconf 89' lang='lat' dir='ltr'><strong>firmatum</strong></span> <span class='ocrx_word' id='word_1_384' title='bbox 1392 3912 1544 3997; x_wconf 87' lang='lat' dir='ltr'><strong>anulique</strong></span> <span class='ocrx_word' id='word_1_385' title='bbox 1567 3913 1669 3981; x_wconf 86' lang='lat' dir='ltr'><strong>nostri</strong></span> <span class='ocrx_word' id='word_1_386' title='bbox 1693 3913 1905 3996; x_wconf 89' lang='lat' dir='ltr'><strong>impressione</strong></span> 
     </span>
     <span class='ocr_line' id='line_1_37' title="bbox 268 4011 459 4078; baseline 0 -2"><span class='ocrx_word' id='word_1_387' title='bbox 268 4011 459 4078; x_wconf 83' lang='lat' dir='ltr'><strong>roboratum.</strong></span> 
     </span>
    </p>
   </div>
   <div class='ocr_carea' id='block_1_6' title="bbox 360 4165 1903 4525">
    <p class='ocr_par' dir='ltr' id='par_1_6' title="bbox 360 4165 1903 4525">
     <span class='ocr_line' id='line_1_38' title="bbox 360 4165 1287 4254; baseline 0.001 -23"><span class='ocrx_word' id='word_1_388' title='bbox 360 4170 375 4254; x_wconf 63' lang='grc' dir='ltr'>ξ</span> <span class='ocrx_word' id='word_1_389' title='bbox 396 4165 533 4252; x_wconf 87' lang='lat' dir='ltr'><strong>Signum</strong></span> <span class='ocrx_word' id='word_1_390' title='bbox 557 4166 666 4232; x_wconf 90' lang='lat' dir='ltr'><strong>domni</strong></span> <span class='ocrx_word' id='word_1_391' title='bbox 690 4166 820 4233; x_wconf 90' lang='lat' dir='ltr'><strong>Ottonis</strong></span> <span class='ocrx_word' id='word_1_392' title='bbox 845 4169 910 4250; x_wconf 84' lang='lat' dir='ltr'><strong>(M.)</strong></span> <span class='ocrx_word' id='word_1_393' title='bbox 935 4170 1132 4234; x_wconf 88' lang='lat' dir='ltr'><strong>serenissimi</strong></span> <span class='ocrx_word' id='word_1_394' title='bbox 1153 4170 1250 4252; x_wconf 87' lang='lat' dir='ltr'><strong>regis.</strong></span> <span class='ocrx_word' id='word_1_395' title='bbox 1272 4173 1287 4253; x_wconf 60' lang='lat' dir='ltr'><strong>q</strong></span> 
     </span>
     <span class='ocr_line' id='line_1_39' title="bbox 360 4284 1901 4375; baseline 0.001 -24"><span class='ocrx_word' id='word_1_396' title='bbox 360 4285 376 4369; x_wconf 64' lang='lat' dir='ltr'><strong>l</strong></span> <span class='ocrx_word' id='word_1_397' title='bbox 395 4284 488 4352; x_wconf 92' lang='lat' dir='ltr'><strong>Brun</strong></span> <span class='ocrx_word' id='word_1_398' title='bbox 510 4287 724 4353; x_wconf 87' lang='lat' dir='ltr'><strong>cancellarius</strong></span> <span class='ocrx_word' id='word_1_399' title='bbox 741 4289 890 4354; x_wconf 88' lang='lat' dir='ltr'><strong>advicom</strong></span> <span class='ocrx_word' id='word_1_400' title='bbox 906 4288 1067 4354; x_wconf 88' lang='lat' dir='ltr'><strong>Fridurici</strong></span> <span class='ocrx_word' id='word_1_401' title='bbox 1084 4287 1359 4375; x_wconf 85' lang='lat' dir='ltr'><strong>archicappellani</strong></span> <span class='ocrx_word' id='word_1_402' title='bbox 1374 4289 1561 4374; x_wconf 91' lang='lat' dir='ltr'><strong>recognovi.</strong></span> <span class='ocrx_word' id='word_1_403' title='bbox 1579 4292 1593 4374; x_wconf 65' lang='grc' dir='ltr'>ξ</span> <span class='ocrx_word' id='word_1_404' title='bbox 1615 4290 1672 4370; x_wconf 90' lang='lat' dir='ltr'><strong>(SI.</strong></span> <span class='ocrx_word' id='word_1_405' title='bbox 1687 4289 1727 4369; x_wconf 80' lang='lat'><strong>1.)</strong></span> <span class='ocrx_word' id='word_1_406' title='bbox 1743 4290 1811 4370; x_wconf 86' lang='lat' dir='ltr'><strong>(SR.</strong></span> <span class='ocrx_word' id='word_1_407' title='bbox 1825 4291 1901 4369; x_wconf 86' lang='lat' dir='ltr'><strong>NN.)</strong></span> 
     </span>
     <span class='ocr_line' id='line_1_40' title="bbox 361 4441 1903 4525; baseline 0.001 -19"><span class='ocrx_word' id='word_1_408' title='bbox 361 4441 452 4506; x_wconf 90' lang='lat' dir='ltr'><strong>Data</strong></span> <span class='ocrx_word' id='word_1_409' title='bbox 480 4442 548 4507; x_wconf 85' lang='lat' dir='ltr'><strong>kal.</strong></span> <span class='ocrx_word' id='word_1_410' title='bbox 579 4442 702 4508; x_wconf 92' lang='lat' dir='ltr'><strong>octobr.</strong></span> <span class='ocrx_word' id='word_1_411' title='bbox 733 4465 817 4508; x_wconf 93' lang='lat' dir='ltr'><strong>anno</strong></span> <span class='ocrx_word' id='word_1_412' title='bbox 853 4446 1085 4510; x_wconf 88' lang='lat' dir='ltr'><strong>incarnationis</strong></span> <span class='ocrx_word' id='word_1_413' title='bbox 1115 4444 1238 4509; x_wconf 90' lang='lat' dir='ltr'><strong>domini</strong></span> <span class='ocrx_word' id='word_1_414' title='bbox 1266 4448 1371 4510; x_wconf 87' lang='lat' dir='ltr'><strong>nostn&#39;</strong></span> <span class='ocrx_word' id='word_1_415' title='bbox 1405 4446 1479 4510; x_wconf 90' lang='lat' dir='ltr'><strong>lesu</strong></span> <span class='ocrx_word' id='word_1_416' title='bbox 1508 4444 1628 4509; x_wconf 84' lang='lat' dir='ltr'><strong>Christi</strong></span> <span class='ocrx_word' id='word_1_417' title='bbox 1657 4461 1903 4525; x_wconf 80' lang='lat' dir='ltr'><strong>Dccccxnvnn,</strong></span> 
     </span>
    </p>
   </div>
   <div class='ocr_carea' id='block_1_7' title="bbox 233 4545 1904 4736">
    <p class='ocr_par' dir='ltr' id='par_1_7' title="bbox 233 4545 1904 4736">
     <span class='ocr_line' id='line_1_41' title="bbox 233 4545 1904 4631; baseline -0.001 -18"><span class='ocrx_word' id='word_1_418' title='bbox 233 4545 437 4614; x_wconf 78' lang='lat' dir='ltr'><strong>tohdictione</strong></span> <span class='ocrx_word' id='word_1_419' title='bbox 459 4564 505 4629; x_wconf 77' lang='lat' dir='ltr'><strong>vr,</strong></span> <span class='ocrx_word' id='word_1_420' title='bbox 529 4568 615 4610; x_wconf 88' lang='lat' dir='ltr'><strong>anuo</strong></span> <span class='ocrx_word' id='word_1_421' title='bbox 638 4569 716 4611; x_wconf 89' lang='lat' dir='ltr'><strong>vcro</strong></span> <span class='ocrx_word' id='word_1_422' title='bbox 738 4549 829 4631; x_wconf 88' lang='lat' dir='ltr'><strong>regni</strong></span> <span class='ocrx_word' id='word_1_423' title='bbox 853 4547 963 4612; x_wconf 92' lang='lat' dir='ltr'><strong>domni</strong></span> <span class='ocrx_word' id='word_1_424' title='bbox 987 4546 1118 4612; x_wconf 89' lang='lat' dir='ltr'><strong>Ottonis</strong></span> <span class='ocrx_word' id='word_1_425' title='bbox 1141 4549 1344 4612; x_wconf 87' lang='lat' dir='ltr'><strong>invictissimi</strong></span> <span class='ocrx_word' id='word_1_426' title='bbox 1367 4550 1452 4631; x_wconf 84' lang='lat' dir='ltr'><strong>regis</strong></span> <span class='ocrx_word' id='word_1_427' title='bbox 1476 4556 1592 4629; x_wconf 74' lang='lat' dir='ltr'>X111¹¹¹⁰3</span> <span class='ocrx_word' id='word_1_428' title='bbox 1617 4559 1724 4613; x_wconf 90' lang='lat' dir='ltr'><strong>actum</strong></span> <span class='ocrx_word' id='word_1_429' title='bbox 1747 4546 1904 4631; x_wconf 89' lang='lat' dir='ltr'><strong>Magada-</strong></span> 
     </span>
     <span class='ocr_line' id='line_1_42' title="bbox 270 4649 933 4736; baseline 0.002 -22"><span class='ocrx_word' id='word_1_430' title='bbox 270 4649 362 4736; x_wconf 81' lang='lat' dir='ltr'><strong>burg3</strong></span> <span class='ocrx_word' id='word_1_431' title='bbox 384 4653 419 4716; x_wconf 92' lang='lat' dir='ltr'><strong>in</strong></span> <span class='ocrx_word' id='word_1_432' title='bbox 441 4651 493 4716; x_wconf 90' lang='lat' dir='ltr'><strong>dei</strong></span> <span class='ocrx_word' id='word_1_433' title='bbox 515 4652 646 4716; x_wconf 86' lang='lat' dir='ltr'><strong>nomine</strong></span> <span class='ocrx_word' id='word_1_434' title='bbox 668 4651 805 4717; x_wconf 88' lang='lat' dir='ltr'><strong>feliciter</strong></span> <span class='ocrx_word' id='word_1_435' title='bbox 828 4674 933 4719; x_wconf 90' lang='lat' dir='ltr'><strong>amen.</strong></span> 
     </span>
    </p>
   </div>
   <div class='ocr_carea' id='block_1_8' title="bbox 347 4837 1905 4977">
    <p class='ocr_par' dir='ltr' id='par_1_8' title="bbox 347 4837 1905 4977">
     <span class='ocr_line' id='line_1_43' title="bbox 347 4837 1905 4908; baseline -0.002 -16"><span class='ocrx_word' id='word_1_436' title='bbox 347 4837 403 4893; x_wconf 76' lang='lat'><strong>1⁰⁵.</strong></span> <span class='ocrx_word' id='word_1_437' title='bbox 433 4838 541 4908; x_wconf 86' lang='lat' dir='ltr'><strong>[Sickel]</strong></span> <span class='ocrx_word' id='word_1_438' title='bbox 619 4840 647 4905; x_wconf 88' lang='lat' dir='ltr'><strong>a)</strong></span> <span class='ocrx_word' id='word_1_439' title='bbox 665 4843 698 4892; x_wconf 74' lang='lat' dir='ltr'><strong>&#39;Pi</strong></span> <span class='ocrx_word' id='word_1_440' title='bbox 715 4841 795 4904; x_wconf 78' lang='lat' dir='ltr'><strong>ecfert</strong></span> <span class='ocrx_word' id='word_1_441' title='bbox 806 4839 944 4893; x_wconf 65' lang='lat' dir='ltr'><strong>verberant</strong></span> <span class='ocrx_word' id='word_1_442' title='bbox 960 4842 990 4890; x_wconf 72' lang='lat' dir='ltr'><strong>in</strong></span> <span class='ocrx_word' id='word_1_443' title='bbox 1007 4842 1057 4891; x_wconf 80' lang='lat' dir='ltr'><strong>Thi</strong></span> <span class='ocrx_word' id='word_1_444' title='bbox 1135 4841 1162 4903; x_wconf 92' lang='lat' dir='ltr'><strong>b)</strong></span> <span class='ocrx_word' id='word_1_445' title='bbox 1182 4841 1341 4891; x_wconf 86' lang='lat' dir='ltr'><strong>venerabilis</strong></span> <span class='ocrx_word' id='word_1_446' title='bbox 1354 4843 1404 4890; x_wconf 88' lang='lat' dir='ltr'><strong>viri</strong></span> <span class='ocrx_word' id='word_1_447' title='bbox 1422 4840 1576 4904; x_wconf 77' lang='lat' dir='ltr'><strong>cnsBaanr,</strong></span> <span class='ocrx_word' id='word_1_448' title='bbox 1593 4840 1640 4889; x_wconf 76' lang='lat' dir='ltr'><strong>mit</strong></span> <span class='ocrx_word' id='word_1_449' title='bbox 1652 4839 1760 4890; x_wconf 79' lang='lat' dir='ltr'><strong>welcber</strong></span> <span class='ocrx_word' id='word_1_450' title='bbox 1770 4839 1905 4891; x_wconf 69' lang='lat' dir='ltr'><strong>Cbnecten</strong></span> 
     </span>
     <span class='ocr_line' id='line_1_44' title="bbox 431 4907 1868 4977; baseline -0.001 -18"><span class='ocrx_word' id='word_1_451' title='bbox 431 4907 676 4975; x_wconf 69' lang='lat' dir='ltr'><strong>mmmmbdnpen</strong></span> <span class='ocrx_word' id='word_1_452' title='bbox 692 4927 751 4975; x_wconf 76' lang='lat' dir='ltr'><strong>may</strong></span> <span class='ocrx_word' id='word_1_453' title='bbox 767 4910 829 4960; x_wconf 73' lang='lat' dir='ltr'><strong>dara</strong></span> <span class='ocrx_word' id='word_1_454' title='bbox 847 4909 905 4959; x_wconf 80' lang='lat' dir='ltr'><strong>BE.</strong></span> <span class='ocrx_word' id='word_1_455' title='bbox 925 4926 968 4959; x_wconf 84' lang='lat' dir='ltr'><strong>cm</strong></span> <span class='ocrx_word' id='word_1_456' title='bbox 984 4907 1142 4960; x_wconf 68' lang='lat' dir='ltr'><strong>nascerer</strong></span> <span class='ocrx_word' id='word_1_457' title='bbox 1162 4912 1185 4960; x_wconf 88' lang='grc'><strong>7.</strong></span> <span class='ocrx_word' id='word_1_458' title='bbox 1202 4908 1273 4959; x_wconf 74' lang='lat' dir='ltr'><strong>Zeila</strong></span> <span class='ocrx_word' id='word_1_459' title='bbox 1291 4912 1407 4977; x_wconf 90' lang='lat' dir='ltr'><strong>episcopi</strong></span> <span class='ocrx_word' id='word_1_460' title='bbox 1426 4911 1550 4961; x_wconf 89' lang='lat' dir='ltr'><strong>videlieet</strong></span> <span class='ocrx_word' id='word_1_461' title='bbox 1566 4907 1690 4973; x_wconf 59' lang='grc' dir='ltr'><strong>Μολίνης</strong></span> <span class='ocrx_word' id='word_1_462' title='bbox 1793 4912 1817 4970; x_wconf 90' lang='lat' dir='ltr'><strong>c)</strong></span> <span class='ocrx_word' id='word_1_463' title='bbox 1837 4907 1868 4959; x_wconf 79' lang='lat' dir='ltr'><strong>A.</strong></span> 
     </span>
    </p>
   </div>
   <div class='ocr_carea' id='block_1_9' title="bbox 0 0 2157 6404">
    <p class='ocr_par' dir='ltr' id='par_1_9' title="bbox 0 0 2157 6404">
     <span class='ocr_line' id='line_1_45' title="bbox 0 0 2157 6404; baseline 0 0"><span class='ocrx_word' id='word_1_464' title='bbox 0 0 2157 6404; x_wconf 95' lang='lat' dir='ltr'><strong> </strong></span> 
     </span>
    </p>
   </div>
  </div>
 </body>
</html>
