4298 6414
214 466 278 532 ⁴188
811 475 1264 535 KAISERURKUNDEN.

323 659 499 717 ttionemn·
514 660 553 717 R.
567 677 596 730 9.
614 658 642 717 S.
660 659 703 717 ed.
721 659 825 716 Freott
851 658 1001 736 (Basileoo
1016 658 1112 737 1532)
1135 663 1176 718 49
1199 676 1257 717 aas
1272 660 1350 730 jem
1366 657 1587 717 versctoomm
1600 657 1738 717 Ertooter
1750 660 1819 723 Codes
1935 638 1940 643 “

318 761 376 839 (C).
402 797 443 803 -
467 763 550 819 Mon.
571 762 669 821 (ierne.
687 760 740 820 SS.
757 766 787 831 3,
805 765 866 821 464
890 780 946 821 aaa
961 761 1054 821 Ano.
1078 796 1122 804 -
1144 761 1198 821 SS.
1221 780 1247 821 r.
1266 762 1367 820 Germ.
1391 763 1424 819 in
1445 778 1535 819 tasum
1559 759 1723 831 aetolorum,
1743 764 1816 825 tnta

318 865 405 922 titali
426 866 464 923 a.
485 883 515 937 9.
536 865 566 924 S.
591 882 701 938 rocoqn.
726 865 825 924 Woita
846 865 889 923 at.
910 874 966 925 ΙΙΙ.
991 863 1310 943 (Hanaoeeroe1882)
1332 867 1384 924 84.
1413 896 1457 907 -
1484 864 1613 923 Botmor
1632 864 1699 937 aa.
1712 870 1769 926 343,
1785 902 1813 913 -

321 967 450 1040 Stnmpf
468 968 537 1040 Ray.
561 972 633 1027 443.

322 1122 358 1178 Ia
375 1120 554 1178 Arsbetrorht
578 1122 629 1178 der
644 1122 701 1178 Art
720 1123 772 1180 der
792 1122 1042 1195 L'eberlieseraap,
1068 1124 1121 1179 trie
1142 1124 1186 1180 sie
1207 1120 1316 1179 resistet
1338 1138 1395 1179 ron
1418 1122 1519 1181 Woits
1540 1122 1559 1179 I.
1576 1139 1600 1181 r.
1622 1121 1748 1195 dormiret
1764 1144 1831 1189 ror-a

321 1223 375 1280 den
400 1226 447 1291 ist,
476 1224 605 1282 drurtm
628 1227 683 1282 erir
705 1225 803 1283 (lieren
825 1225 899 1282 noct
922 1225 1022 1283 Indead
1045 1226 1109 1284 aad
1131 1226 1224 1284 Form
1245 1227 1325 1283 niebt
1347 1244 1387 1283 aar
1411 1226 1666 1284 boonstoadeadm
1687 1228 1760 1297 Bries
1772 1235 1811 1287 eto·

321 1325 390 1395 [neti
412 1327 488 1384 tract
511 1327 564 1385 dor
578 1330 722 1400 jttnpstea
744 1328 883 1401 Auspice
904 1331 941 1387 ab
965 1331 1029 1387 send
1051 1330 1199 1389 ezttrottea
1220 1348 1278 1388 aas
1301 1331 1348 1388 die
1368 1330 1555 1389 eotrlrrirtrm
1575 1330 1722 1389 Editioaen
1742 1333 1811 1392 itide-

320 1428 408 1486 tinds
430 1431 517 1487 suerio
539 1430 591 1487 der
612 1431 740 1489 eraderem
762 1432 818 1489 dea
841 1431 935 1502 Brtef
953 1433 1202 1491 wiedertotomlen
1224 1432 1278 1493 SS.
1303 1435 1366 1491 bier
1388 1432 1606 1503 eufrotdblea.

328 1630 425 1696 Oddo
458 1630 568 1695 divino
599 1642 679 1696 nntu
708 1635 885 1718 imperator
915 1642 1083 1716 augustus.
1184 1634 1386 1699 Herimanno
1417 1644 1450 1699 et
1478 1634 1676 1700 Thiadrico⁸
1699 1635 1813 1702 (lucibusb

221 1739 447 1822 eaeterisque‘
470 1736 622 1822 publicae
645 1735 715 1801 rei‘¹
739 1748 870 1803 nostrae
893 1739 1045 1822 prefectis
1063 1741 1172 1803 omnia
1190 1738 1353 1804 amabilia.
1392 1739 1466 1804 Deo
1484 1739 1617 1805 volente
1635 1740 1715 1805 salus
1732 1743 1812 1806 onnia·
1823 1764 1841 1809 n
1933 1743 1938 1802 2?

221 1863 283 1926 que
312 1862 473 1925 prospera
502 1839 599 1924 plane
630 1841 818 1906 succedunt.
871 1838 1044 1905 Caeterum
1073 1842 1177 1905 nuntii
1207 1839 1566 1927 Constantinopolitani
1595 1843 1678 1927 regis
1703 1842 1813 1926 dignitate

221 1946 301 2008 satis
325 1946 468 2027 insignes
491 1965 552 2007 nos
576 1943 696 2007 adeunt
719 1966 843 2029 pacem,
866 1955 902 2007 nt
920 1942 1149 2023 intelleximus,
1174 1944 1351 2009 admodum
1374 1954 1579 2031 quaerentes.
1614 1943 1813 2031 Quoqnonodo

220 2058 328 2112 tamen
352 2070 403 2110 res
427 2057 553 2130 agatur,
576 2046 662 2111 bello
687 2046 748 2112 deo
771 2047 901 2112 volente
923 2047 1011 2112 nullo
1037 2047 1134 2111 modo
1157 2069 1220 2112 nos
1240 2057 1401 2132 temptare
1419 2047 1598 2113 audebunt.
1635 2047 1815 2135 Apuliam‘et

222 2151 407 2215 Calabriam
431 2152 619 2234 provincias
643 2174 724 2237 quas
748 2153 905 2216 haetenus
925 2163 1066 2233 tenuere,
1091 2152 1151 2215 nisi
1172 2153 1414 2235 conveniamus,
1440 2151 1576 2217 dabunt.
1612 2150 1646 2216 Si
1661 2151 1815 2217 verorolm·

221 2256 280 2318 tati
302 2265 435 2319 nostrae
458 2257 634 2339 paruerint,
658 2265 694 2318 ut
717 2256 856 2338 presenti
881 2265 1005 2319 aestate
1029 2256 1200 2337 coniugem
1223 2276 1297 2320 cum
1316 2256 1498 2339 aequivoco
1514 2264 1628 2320 nostro
1643 2256 1674 2319 in
1688 2256 1844 2320 Francicus

222 2359 409 2442 dirigentes,
433 2380 492 2443 per
514 2356 762 2423 Fraxanetums
783 2357 825 2420 ad
849 2357 1064 2423 destruendos
1088 2357 1288 2423 Sarracenos
1311 2357 1371 2422 deo
1396 2359 1517 2423 comite
1540 2360 1603 2422 iter
1622 2359 1782 2443 arripiemus
1796 2368 1817 2421 et

223 2464 269 2525 sic
293 2461 435 2541 advos,
465 2460 706 2546 disponimus.t
750 2461 901 2525 Preterea
924 2460 1072 2526 volumus
1096 2471 1140 2543 ut,
1165 2462 1193 2525 si
1215 2460 1375 2543 Redares‚
1408 2463 1494 2526 sicut
1516 2461 1711 2544 audivimus,
1733 2472 1817 2525 tantan

223 2576 365 2647 stragem
389 2565 477 2648 passi
502 2574 642 2629 sunt-
665 2565 755 2629 scitis
778 2566 863 2629 enim
887 2585 985 2648 quam
1009 2585 1107 2648 saepe
1130 2562 1228 2628 fidem
1251 2563 1422 2649 fregerint,
1454 2562 1565 2650 quash
1595 2566 1720 2631 iniurias
1740 2562 1818 2627 attile

221 2669 287 2731 rint
309 2703 350 2712 —
373 2665 497 2732 nullam
519 2665 711 2731 vobiscumi
741 2689 855 2752 paoem
883 2667 1036 2732 habeant.
1078 2666 1174 2731 Unde
1197 2667 1279 2732 haec
1304 2691 1376 2733 eum
1400 2666 1631 2734 Herimanno¹¹
1659 2668 1731 2733 duce
1751 2667 1817 2731 renti·

222 2770 328 2835 lantes
352 2772 429 2834 totis
452 2769 577 2835 viribus
600 2771 735 2852 instate,
770 2771 860 2834 utin
884 2770 1105 2835 destructione
1129 2792 1241 2835 eorum
1263 2772 1362 2835 tinem
1391 2773 1481 2857 operi
1510 2774 1685 2857 inponatis.
1722 2770 1772 2856 ipsi
1787 2764 1848 2831 si¹a

223 2897 358 2938 necesse
386 2874 498 2955 fuerit,
528 2873 571 2937 ad
601 2895 658 2937 eos
687 2874 815 2939 ibimus.
861 2873 964 2939 Filius
992 2886 1104 2938 noster
1135 2876 1168 2938 in
1196 2875 1368 2939 nativitate
1400 2874 1524 2940 domini
1551 2897 1702 2941 coronam
1721 2872 1817 2937 abesto

223 2977 405 3061 apostolico
433 2979 466 3041 in
496 2977 620 3061 imperii
651 2975 840 3057 dignitatern
871 2977 1023 3061 suscepit.
1069 2976 1199 3063 Scripta
1223 2995 1280 3041 xv.
1303 2976 1371 3041 kal.
1395 2976 1476 3042 febr.
1506 2979 1539 3041 in
1569 2974 1739 3063 Campania
1756 2975 1819 3038 iuxta

225 3080 383 3166 Capuam.

1005 3288 1093 3364 356.

234 3444 314 3522 Otto
342 3443 488 3516 aerdeidt
512 3442 592 3515 dens
618 3443 763 3515 Klostcr
787 3442 956 3541 Ilersfeld
982 3445 1039 3515 die
1057 3442 1260 3541 Itiremtioa¹
1276 3468 1348 3515 voa
1375 3442 1441 3515 der
1467 3442 1705 3539 bisdottstidten
1728 3432 1859 3515 derata

224 3566 305 3640 aad
330 3565 389 3638 die
416 3563 637 3637 Irumma'tttt.
1359 3584 1509 3643 amoma
1532 3588 1597 3646 963
1619 3586 1744 3644 Febrem
1761 3581 1799 3639 15.

330 3773 578 3846 Oripinatdiplom
600 3775 643 3830 im
665 3774 691 3831 t.
717 3773 920 3832 Stootsorobio
941 3792 981 3830 ra
1004 3773 1153 3846 Mordere
1175 3772 1235 3851 (A).

330 3928 457 4001 Stamps
476 3926 552 3986 Aeto
574 3928 650 3986 taen.
675 3931 739 3987 308
761 3935 794 3985 n⁰
816 3933 882 3988 217
904 3946 960 3985 aare
984 3925 1022 3986 A.
1046 3962 1089 3969 -
1111 3927 1238 4000 Stompf
1256 3929 1328 4001 Ray.
1353 3931 1415 3986 444
1438 3946 1478 3985 su
1500 3928 1641 3987 Februer
1662 3931 1709 3987 16.

331 4085 431 4143 (itriola
453 4085 520 4145 DO.
542 4094 577 4143 11.
603 4089 646 4144 17
667 4083 795 4155 rcrsusst
817 4085 881 4143 aad
900 4085 1160 4157 praetermeantem
1183 4084 1224 4141 It.
1243 4083 1279 4140 B.
1321 4084 1415 4142 eseber
1432 4083 1487 4140 dos
1507 4083 1687 4141 Vertatltaiss
1704 4062 1871 4138 ecroadft

329 4191 470 4261 Prttreptr
491 4208 532 4245 ea
554 4188 697 4245 einander
724 4206 746 4245 a.
772 4206 832 4245 was
854 4205 894 4244 roe
917 4187 985 4246 ΗΟ.
1006 4196 1045 4245 ΙΙ.
1071 4192 1114 4245 17
1143 4189 1176 4243 ia
1205 4186 1262 4243 den
1292 4186 1429 4243 Bertiner
1454 4185 1663 4258 Abbiidanqen
1682 4190 1711 4255 3,
1735 4180 1790 4251 Tot.
1819 4158 1876 4229 :27
1888 4157 1910 4206 ³⁰

329 4294 455 4351 treniertt
485 4295 532 4350 ist.
575 4292 708 4364 Obpteioh
738 4308 767 4349 os
795 4293 857 4348 siet
885 4309 934 4348 ane
967 4291 1162 4362 Bootrttipanq
1190 4289 1242 4346 der
1270 4289 1335 4346 dom
1365 4289 1488 4347 Klostcr
1515 4308 1572 4348 son
1593 4292 1679 4362 jeder
1706 4272 1846 4361 pensat
1854 4272 1882 4315 θ’

329 4398 436 4455 Iteette
458 4396 592 4464 troaden,
624 4395 693 4453 siml
715 4394 763 4451 die
783 4392 1014 4464 Verumtamen,
1044 4394 1145 4451 cratete
1167 4393 1241 4451 wohl
1263 4394 1339 4450 acob
1360 4394 1441 4452 nicht
1463 4411 1521 4451 aar
1543 4393 1636 4451 Humi
1658 4408 1759 4460 waren,
1782 4358 1887 4443 ,peti

331 4504 450 4561 denatat
473 4500 598 4559 worden.

333 4706 393 4784 (C.)
417 4702 431 4784 {i
453 4705 491 4769 in
520 4705 649 4768 nomine
679 4711 811 4765 sanotae
841 4699 1092 4784 individuaeque
1121 4698 1285 4763 trinitatis.
1331 4697 1409 4763 Otto
1434 4698 1544 4763 divim
1568 4700 1738 4765 ordinante
1762 4691 1893 4784 procl·
1920 4776 1927 4787 ¹

227 4814 345 4877 ‹leneia
368 4814 545 4895 imperator
568 4816 736 4893 angustus.
825 4803 879 4867 Ad
900 4804 963 4867 hoo
986 4826 1045 4867 nos
1069 4802 1180 4866 divina
1203 4803 1356 4886 potencia
1378 4800 1421 4863 ad
1444 4801 1621 4886 imperialis
1638 4802 1781 4867 culminis
1792 4803 1859 4880 pt‘
1868 4778 1929 4834 ⁰⁴³

230 4918 318 4979 rexit
346 4915 491 4999 apicem,
526 4922 562 4975 nt
591 4911 735 4975 omnium
764 4911 907 4973 maxime
936 4908 1082 4972 locorum
1114 4906 1223 4971 divino
1260 4905 1361 4970 cultui
1395 4909 1658 4991 mancipatorum
1686 4905 1701 4986 Ξ
1727 4896 1836 4989 fregit»
1849 4894 1898 4939 ¹¹³

227 5018 455 5098 consulamus,
490 5017 641 5101 ‹pratinus
672 5034 837 5076 servorum
869 5011 921 5076 dei
949 5011 1070 5075 ibidem
1092 5009 1298 5093 vigilantium
1320 5018 1352 5072 et
1376 5010 1536 5074 orantium
1560 5009 1748 5094 precatibus
1769 4995 1900 5090 staffs

227 5126 352 5211 imperii
379 5121 479 5185 riustri
505 5121 587 5182 serie
609 5115 786 5201 tranquilla
810 5114 968 5197 dirigatur
990 5123 1021 5176 ot
1045 5123 1119 5197 post
1141 5114 1236 5177 huius
1266 5112 1456 5196 temporalis
1478 5114 1544 5196 vite
1574 5112 1743 5178 decessum
1773 5100 1904 5175 fefi⁶¹'

226 5230 302 5291 tatia
328 5236 482 5291 maternae
511 5220 761 5285 contubernium
790 5217 884 5282 nobis
912 5240 978 5282 non
1002 5217 1187 5300 denegetur.
1234 5214 1398 5295 Quocirca
1420 5217 1548 5280 noverit
1571 5218 1716 5280 omnium
1739 5198 1906 5280 saarrcss‘ile

225 5336 275 5395 ater
302 5328 483 5391 merob-sine
508 5323 650 5388 fidelium
674 5332 925 5406 nostrorumque
949 5320 1167 5405 praesentium
1190 5340 1229 5382 ac
1253 5319 1436 5382 futurorum
1458 5319 1665 5399 universitas,
1688 5292 1939 5402 Agelulf¹¹¹‚⁰⁴¹

227 5442 328 5501 virum
356 5432 532 5495 esurietitoto
556 5425 743 5489 redimitum
767 5434 799 5488 et
822 5425 952 5487 omnino
976 5424 1184 5486 veneratione
1208 5420 1343 5504 dignum
1365 5420 1521 5486 abbatem
1543 5431 1676 5486 nostrae
1710 5398 1915 5506 dignitatls

313 5626 363 5677 tat
402 5616 509 5687 {wara}
615 5620 642 5678 a)
661 5614 818 5665 'thiederico
839 5612 891 5662 Bo
991 5612 1020 5677 b)
1036 5611 1108 5673 fehlt
1130 5609 1204 5661 san
1309 5612 1333 5671 c)
1354 5608 1494 5677 ceterisA
1599 5610 1625 5671 d)
1644 5612 1683 5661 rei
1707 5562 1918 5687 publicaess

401 5712 425 5753 a,
444 5690 585 5755 appuliam
607 5688 631 5735 (4
721 5685 742 5744 t')
762 5678 977 5732 FraxinetumO
1061 5680 1089 5746 g)
1109 5678 1323 5746 disponemusO
1404 5679 1432 5741 b)
1451 5676 1570 5745 quasiA
1656 5682 1675 5742 i)
1696 5677 1855 5730 nobiseua¹

401 5764 429 5825 ts)
451 5760 593 5831 arianum
612 5754 633 5805 A
739 5754 759 5814 l)
778 5754 800 5803 si
811 5750 883 5815 fehlt
900 5751 930 5799 ta
947 5749 981 5800 B.
