4500 6420
1003 456 1129 511 ΟΤΤΟ
1151 456 1175 513 1.
1200 453 1271 510 961.
1894 448 1956 513 321

311 666 492 718 quaecumque
520 650 677 701 donationes
706 667 775 716 quae
805 651 857 701 dici
880 656 907 701 et
928 652 1058 701 nominari
1080 652 1196 715 possint,
1226 667 1273 715 per
1294 652 1363 700 banc
1385 669 1401 700 r
1424 658 1530 703 nostrae
1552 652 1749 704 munificentiae
1771 656 1956 705 auctoritatem

309 759 438 820 perpetuo
461 752 647 804 confirmamus
669 755 806 820 modisque
830 754 952 803 omnibus
975 755 1193 816 corroboramus,
1227 759 1358 818 quatenus
1381 755 1451 803 sicut
1475 739 1609 804 inferius
1632 756 1759 820 scriptum
1783 761 1837 817 eet,
1871 741 1956 805 idem

310 844 543 908 monasterium
564 859 592 908 in
614 860 745 924 integrum
767 858 919 909 eternaliter
941 857 1075 921 possideat
1097 862 1186 907 teneat
1209 859 1319 922 iureque
1339 859 1514 922 proprietario
1533 857 1650 908 vindicet
1667 860 1724 909 eine
1748 859 1957 911 contradictione

310 960 495 1012 molestatione
522 960 565 1011 vel
593 963 768 1027 minoratione
797 962 947 1026 aliquorum
974 960 1118 1011 bominum.
1162 961 1275 1026 Insuper
1303 962 1381 1010 etiam
1410 961 1444 1010 ad
1473 967 1579 1011 nostrae
1607 962 1735 1012 mercedis
1767 969 1956 1028 augumentum

277 1063 380 1115 bidem
409 1079 513 1114 enemim
542 1066 730 1115 monasterium
758 1082 818 1115 cum
847 1064 970 1114 omnibus
998 1065 1077 1114 rebus
1105 1069 1132 1114 et
1158 1062 1332 1113 facultatibus
1354 1065 1409 1112 suis
1432 1064 1575 1114 mobilibus
1598 1068 1624 1114 et
1646 1065 1827 1115 immobilibus
1849 1064 1956 1114 familiis

311 1171 338 1217 et
359 1167 442 1216 eorvis
465 1167 602 1231 utriusque
626 1183 704 1217 sexus
727 1169 866 1232 mancipiis
889 1167 990 1217 colonie
1012 1167 1151 1217 libellariis
1174 1167 1312 1217 cartulatis
1334 1167 1518 1217 commenditis
1540 1151 1737 1233 omnibusquei
1758 1169 1910 1218 bominibus
1928 1170 1957 1218 in

311 1269 427 1319 castellis
450 1275 477 1319 et
498 1270 597 1334 prediis
620 1270 737 1320 eiusdem
761 1272 913 1321 irronaeterii
936 1270 1119 1320 habitantibus
1141 1270 1191 1319 sub
1214 1275 1321 1321 nostrae
1343 1271 1465 1320 tuitionis
1488 1277 1515 1321 et
1535 1276 1679 1335 perpetuae
1703 1271 1864 1321 defensionis
1882 1288 1955 1321 mnn-

311 1373 453 1423 dibnrdum
475 1374 624 1437 recipimus,
647 1375 822 1438 precipientes
845 1390 950 1438 quoque
973 1380 1003 1423 ut
1025 1374 1115 1423 nullus
1138 1375 1191 1424 dux
1214 1375 1330 1424 marchio
1354 1391 1441 1425 comes
1457 1377 1604 1425 vicecomes
1623 1357 1782 1425 sculdasio¹1
1805 1381 1852 1424 aut
1866 1375 1957 1441 aliqua

311 1491 408 1542 magna
429 1492 564 1541 parvaque
586 1492 700 1541 persona
722 1494 768 1528 seu
792 1478 899 1542 publice
921 1479 1004 1541 partie
1027 1483 1134 1527 exactor
1156 1477 1273 1527 eiusdem
1298 1478 1449 1528 monasterii
1477 1477 1596 1527 homines
1620 1476 1776 1542 distringere
1798 1477 1842 1527 vel
1863 1479 1955 1543 pigno-

261 1580 369 1630 rorare
392 1595 441 1629 nec
463 1578 599 1629 toloneum
621 1563 678 1628 ss¹
707 1587 841 1644 presumat
863 1580 916 1630 aud
939 1579 973 1628 ad
995 1579 1129 1644 publicam
1151 1585 1252 1643 partem
1275 1595 1321 1630 eos
1344 1579 1444 1644 aliquid
1466 1578 1616 1644 persolvere
1639 1578 1783 1643 aliquando
1814 1579 1957 1644 compellat

309 1683 366 1731 eive
389 1682 422 1732 de
445 1682 567 1731 omnibus
589 1683 668 1732 rebus
690 1688 717 1732 et
739 1684 951 1748 possessionibus
974 1684 1043 1732 iuste
1065 1687 1092 1732 et
1113 1682 1235 1747 legaliter
1256 1681 1291 1731 ad
1313 1682 1382 1733 idem
1405 1683 1592 1733 monasterium
1610 1682 1806 1746 pertinentibus
1824 1684 1955 1733 minorare

310 1784 352 1835 vel
376 1785 557 1836 contradicere
579 1785 722 1850 aliquando
745 1786 895 1849 contendat,
919 1787 965 1836 sed
987 1787 1067 1836 liccat
1088 1788 1127 1836 eis
1149 1788 1199 1837 sub
1214 1792 1321 1837 nostrae
1336 1787 1497 1837 defensionis
1513 1786 1681 1837 mundburdo
1697 1788 1787 1851 quieto
1803 1791 1829 1837 et
1844 1786 1955 1851 pacifico

276 1894 281 1904 '
310 1889 402 1941 ordine
425 1892 514 1940 vivere
538 1892 674 1956 ipsiusque
697 1892 765 1940 sacri
787 1891 839 1941 loci
861 1891 1011 1942 sacerdotes
1040 1898 1099 1961 pro
1123 1876 1218 1940 nobis
1246 1896 1370 1956 statuque
1392 1891 1467 1956 regni
1489 1892 1572 1939 nostri
1599 1897 1620 1939 a
1643 1874 1704 1939 deo
1734 1891 1811 1939 nobis
1834 1889 1923 1940 collati
1936 1885 1957 1914 ¹¹¹

309 1994 407 2060 iugiter
429 2008 512 2054 orare,
535 1994 652 2042 omnium
674 1993 810 2043 hominum
833 1997 1018 2045 contrarietate
1042 2000 1068 2046 et
1089 1995 1273 2046 molestatione
1296 2000 1405 2044 remota.
1446 1993 1569 2044 Ceterum
1592 1998 1682 2044 nostro
1705 1993 1793 2042 bando
1816 1993 1957 2043 baudimus

262 2101 292 2149 15
310 2101 341 2147 ut
363 2098 385 2146 si
407 2092 492 2162 quisn
514 2098 626 2147 fortasse
648 2097 750 2163 aliquid
772 2090 828 2148 de⁰
851 2099 1010 2162 supradictis
1032 2098 1111 2148 rebus
1134 2098 1262 2148 hactenus
1285 2099 1383 2147 iniuste
1406 2097 1521 2146 detinuit
1542 2103 1569 2147 et
1591 2099 1619 2146 in
1641 2113 1703 2146 suos
1727 2112 1790 2146 usus
1813 2111 1863 2145 sua
1884 2101 1957 2161 pote·

310 2205 378 2251 etate
401 2206 428 2252 et
450 2204 589 2252 temerario
613 2217 680 2252 ausu
703 2201 829 2266 possedit,
852 2203 903 2250 nisi
926 2201 1020 2251 amodo
1044 2217 1072 2252 se
1094 2217 1111 2250 a
1132 2202 1180 2251 tali
1202 2200 1331 2250 violentia
1352 2201 1499 2263 subtrahat,
1523 2217 1551 2250 se
1574 2194 1714 2264 suosquep
1736 2200 1856 2251 homines
1874 2216 1956 2250 remo-

310 2312 379 2368 veat,
402 2306 445 2356 vel
466 2308 488 2356 si
511 2307 571 2371 quis
594 2306 645 2356 boc
666 2311 774 2355 nostrae
796 2304 993 2356 munificentiae
1016 2310 1042 2354 et
1065 2305 1226 2355 defensionis
1248 2310 1401 2369 preceptum
1424 2304 1568 2369 infringere
1591 2303 1772 2353 contradicere
1794 2303 1837 2354 vel
1855 2304 1957 2354 violare

310 2410 453 2475 aliquando
476 2411 652 2474 temptaverit,
676 2415 782 2459 centum
804 2408 886 2458 libras
908 2410 964 2458 auri
990 2409 1072 2458 obrici
1096 2414 1236 2472 componat
1258 2414 1338 2473 atrpm
1360 2406 1501 2472 persolvat,
1526 2406 1693 2457 medietatem
1712 2421 1831 2458 camerae
1850 2412 1956 2458 nostrae

311 2517 338 2564 et
365 2513 532 2563 medietatem
561 2513 720 2563 monasterio
748 2513 895 2563 beatissimi
928 2512 1043 2562 Zenonis
1071 2512 1117 2562 nbi
1148 2513 1205 2561 eine
1235 2528 1331 2576 corpus
1361 2511 1541 2561 venerandum
1570 2517 1596 2560 et
1624 2510 1761 2559 humatum
1789 2511 1902 2575 quiescit
1929 2512 1957 2559 in

260 2615 293 2664 20
310 2610 409 2681 pace.q
452 2617 531 2678 Quod
553 2622 584 2667 ut
605 2618 694 2667 verius
717 2616 839 2667 credatur
861 2617 1067 2682 diligentiusque
1090 2618 1123 2666 ab
1147 2616 1270 2667 omnibus
1298 2617 1325 2665 in
1355 2621 1512 2680 perpetuum
1540 2614 1708 2676 observetur,
1742 2628 1822 2664 manu
1849 2615 1958 2678 propria

311 2721 466 2771 roborantes
488 2721 520 2771 de
543 2720 617 2770 anuli
638 2722 722 2770 nostri
744 2722 916 2785 impressione
939 2721 1029 2771 subter
1051 2720 1181 2785 assignari
1203 2720 1337 2769 iussimus.

414 2841 550 2925 Signum
573 2842 707 2908 domnir
730 2841 861 2908 Ottonis
886 2842 949 2922 (Μ.)
974 2843 1177 2906 invictissimi
1199 2843 1296 2926 regis.

414 2944 602 3010 Lintulfus⁸
624 2945 839 3010 cancellarius
863 2944 1011 3010 advicem
1025 2945 1189 3009 Brunonis
1211 2943 1490 3008 archicancellarii
1513 2943 1689 3026 recognovi
1711 2950 1744 3005 et
1768 2939 1956 3025 subscripsi.

413 3083 503 3147 Data
525 3100 575 3148 111.
599 3106 703 3148 nonas
733 3083 914 3148 decembris
944 3105 1029 3148 anno
1059 3082 1264 3146 dominicaer
1293 3082 1529 3145 incarnationis
1558 3094 1747 3160 Dccccuxr,
1780 3077 1958 3142 indictione

260 3199 294 3247 to
313 3186 434 3271 quinta,
458 3207 544 3249 anno
567 3187 659 3268 regni
683 3188 879 3251 serenissimi
901 3187 987 3271 regis
1011 3183 1141 3250 Ottonis
1166 3200 1283 3266 xxvn3
1306 3192 1416 3247 actum
1438 3181 1610 3248 Ankario‘
1633 3191 1760 3262 castr03
1782 3183 1816 3244 in
1838 3177 1957 3244 Christi

312 3290 444 3353 nomine
466 3288 602 3353 feliciter
624 3311 730 3353 amen.

398 3458 457 3514 tal.
484 3463 502 3522 i)
522 3459 688 3513 omnibusO
786 3462 813 3524 k)
836 3460 863 3523 0,
881 3461 1011 3512 sculdatio
1030 3461 1056 3511 B
1159 3461 1179 3523 l)
1199 3462 1305 3527 exigere
1327 3475 1359 3510 sn
1381 3462 1516 3524 erydrnen,
1543 3475 1598 3508 was
1618 3457 1697 3508 echon
1718 3459 1748 3508 in
1764 3457 1812 3508 der
1828 3457 1881 3509 VU.
1899 3473 1959 3507 nue-

480 3529 593 3594 qefallen
610 3545 666 3580 wer
770 3533 805 3592 m)
825 3531 975 3582 sacerdotes
994 3536 1117 3596 statuque
1135 3532 1209 3597 regni
1227 3531 1311 3580 nostri
1329 3534 1355 3580 et
1372 3529 1449 3580 nobie
1468 3529 1558 3580 collati
1581 3526 1634 3580 Bo
1647 3526 1702 3577 aad
1719 3526 1774 3578 VU.
1880 3527 1909 3587 n)
1930 3525 1957 3588 0,

262 3662 296 3709 30
483 3599 547 3718 ‘iiii
565 3598 591 3648 B
643 3668 664 3730 r)
685 3597 865 3718 iimiff
926 3669 949 3730 s)
967 3598 1128 3734 ibiibi„
1149 3665 1172 3717 0
1219 3598 1247 3664 q)
1269 3596 1476 3727 illium
1494 3599 1519 3648 ὴ
1538 3614 1562 3664 ‘¹'
1581 3597 1615 3658 B'
1646 3602 1673 3648 et
1690 3597 1827 3647 humatum
1844 3597 1872 3645 in
1889 3612 1914 3661 μ
1933 3612 1958 3661 q'

363 5842 550 5886 Kaieerurkunden
565 5843 582 5885 l.
