4500 6420
293 447 359 512 364
890 453 1339 512 KAISERURKUNDEN.

295 635 477 700 sculdascio
506 631 670 718 gastaldio
699 643 756 697 aut
784 630 869 696 ullus
899 634 944 695 rei
976 632 1106 717 publice
1136 641 1272 697 exactor
1301 653 1354 695 res
1383 630 1509 716 prefate
1538 628 1675 696 ecclesie
1702 631 1858 696 invadere
1881 642 1937 697 aut

292 739 488 824 potestativo
507 736 632 821 ingredi
648 735 700 799 vel
718 737 991 800 mansionaticum
1007 736 1125 819 facere,
1142 735 1328 799 teloneum⁸
1344 744 1401 798 aut
1415 733 1516 799 ullam
1531 732 1698 819 publicam
1714 733 1939 800 functionem¹¹

295 844 426 926 exigere
449 865 490 905 ex
513 840 610 905 rebus
634 850 665 905 et
687 841 822 904 familiis
845 838 991 903 eiusdem
1016 838 1154 902 ecclesie
1177 846 1353 922 presumat.
1390 834 1508 922 Siquis
1524 839 1622 920 igitur
1636 836 1732 901 huius
1747 839 1851 901 nostri
1867 858 1939 920 pre-

295 947 380 1029 cepti
396 944 537 1009 violator
560 944 712 1024 extiterit,
738 945 822 1007 sciat
843 966 878 1005 se
901 943 1157 1026 compositurum
1180 942 1251 1004 auri
1274 939 1375 1004 libras
1397 937 1558 1015 00010011,
1580 939 1787 1004 medietatem
1811 962 1939 1004 camere

294 1058 404 1112 nostre
421 1055 453 1112 et
468 1047 675 1111 medietatem
692 1045 818 1130 prefato
834 1042 1039 1109 Adelbcrtolt
1062 1046 1218 1130 episcopo
1242 1045 1373 1129 suisque
1388 1043 1643 1108 successoribus.
1668 1042 1765 1123 Quod
1782 1053 1816 1107 ut
1831 1045 1940 1109 verius
1958 1056 1975 1102 c

294 1151 446 1215 credatur
468 1149 716 1234 diligentiusque
739 1148 780 1214 ab
806 1148 956 1213 omnibus
981 1148 1185 1229 observetur,
1215 1169 1314 1212 manu
1343 1147 1477 1231 propria
1505 1144 1699 1209 roborantes
1725 1144 1813 1209 anuli
1836 1147 1939 1210 nostri

294 1255 508 1339 impressione
532 1252 643 1317 subter
664 1253 812 1335 insigniri
835 1253 999 1315 iussimus.

399 1381 534 1464 Signum
559 1380 669 1444 domni
694 1378 824 1444 Ottonis
848 1381 911 1460 (M.)
934 1381 1044 1465 magni
1067 1390 1099 1444 et
1120 1381 1325 1444 invictissimi
1348 1381 1555 1464 imperatoris
1580 1381 1719 1462 augusti.

396 1485 569 1568 Luigerius
592 1483 807 1548 cancellarius
830 1483 981 1548 advicem
996 1483 1156 1549 Uuidonis
1179 1484 1325 1568 episcopi
1349 1491 1381 1546 et
1404 1480 1685 1546 archicancellarii
1707 1485 1885 1565 recognovi
1908 1492 1940 1546 et

296 1588 484 1671 subscripsi.
1961 1613 1994 1658 10

399 1714 680 1779 Dataxr111.kal.
704 1715 782 1778 iunii
806 1737 891 1780 anno
916 1715 1078 1779 dominice
1101 1715 1334 1780 incarnationis
1358 1729 1567 1794 Dccccnxnl,
1590 1713 1768 1780 indictione
1785 1733 1833 1796 vt,
1856 1737 1941 1779 anno

295 1820 423 1904 imperii
446 1819 556 1903 magni
581 1816 712 1882 Ottonis
735 1819 941 1903 imperatoris
964 1821 1094 1903 augusti
1117 1837 1160 1901 113
1184 1829 1293 1883 actum
1315 1819 1349 1882 in
1367 1827 1478 1882 monte
1494 1818 1619 1882 Feretri
1635 1818 1679 1882 ad
1694 1828 1821 1903 petram
1837 1819 1941 1881 sancti

295 1922 430 1986 Leonis.

1075 2074 1161 2150 255.

304 2212 385 2289 Otto
417 2215 578 2314 bestdtiyt
611 2215 690 2287 dere
717 2214 863 2287 Kloster
888 2214 1064 2311 Kemptee
1098 2214 1156 2287 die
1188 2240 1260 2286 corr
1292 2215 1414 2287 seiaee
1449 2214 1684 2312 Vorpdapern
1718 2214 1940 2287 verlielrerree
1959 2239 1992 2284 rs

304 2333 532 2432 Gtertstbriffc
557 2335 636 2407 ried
660 2335 908 2421 imbasoedcre
935 2334 1001 2407 dos
1027 2335 1234 2410 Wablrecbt.
1520 2354 1551 2415 S
1575 2356 1636 2414 Leo
1658 2358 1721 2415 963
1744 2355 1824 2414 June·
1846 2360 1896 2414 14.

398 2525 641 2598 depraecemur
651 2527 799 2600 Kcmpten
809 2544 865 2585 aas
877 2527 943 2584 dem
954 2527 1040 2585 Fmde
1052 2527 1102 2585 des
1114 2531 1165 2585 11.
1179 2527 1206 2585 J
1204 2527 1231 2586 t.
1249 2525 1273 2597 s.
1288 2524 1338 2586 33'
1355 2528 1435 2586 1011,
1449 2525 1939 2603 1101110ον00011000100(Β).

398 2654 466 2715 car.
487 2656 583 2715 (1011οξ
603 2661 666 2716 173
689 2674 745 2715 aas
768 2655 921 2725 Absclrrift
946 2680 984 2708 =
1007 2657 1143 2729 Nccqort
1166 2654 1229 2715 01).
1253 2656 1345 2716 Alere.
1370 2660 1400 2726 1,
1425 2658 1486 2715 605
1508 2662 1542 2712 a⁰
1565 2659 1636 2714 748.
1668 2690 1709 2698 -
1739 2656 1822 2713 Mea.
1849 2656 1940 2712 Boios

397 2763 463 2829 31⁰,
487 2763 550 2819 199
571 2764 605 2817 n⁰
628 2763 691 2818 103
713 2776 770 2818 aas
792 2760 830 2818 B.
854 2792 896 2802 -
917 2760 1046 2817 Btlrmcr
1067 2761 1141 2832 12⁶9.
1167 2761 1238 2818 269.
1262 2794 1304 2801 -
1328 2757 1456 2831 Stumps
1474 2759 1546 2832 ch.
1571 2762 1643 2818 326.

399 2890 462 2948 Van
476 2890 543 2950 BE.
562 2889 690 2962 versarat
707 2890 772 2948 aad
793 2891 878 2960 caeli,
902 2892 956 2948 1010
979 2889 1033 2948 das
1055 2892 1097 2948 tm
1114 2887 1293 2961 captatorem
1313 2888 1491 2961 abpebildctc
1507 2888 1567 2947 SR.
1584 2888 1715 2958 dertlrm,
1739 2885 1938 2958 rcmmfertiyt.
1958 2898 1992 2947 ao

396 3059 454 3139 (0.)
475 3058 513 3123 In
541 3061 671 3124 nomine
702 3068 813 3144 sancte
842 3069 875 3123 et
903 3057 1069 3141 individue
1099 3057 1264 3122 trinitatis.
1310 3055 1388 3121 Otto
1419 3058 1470 3122 dei
1500 3058 1607 3141 gratia
1635 3058 1812 3141 imperator
1841 3076 1940 3137 augu-

296 3172 375 3225 stus.
474 3162 596 3227 Notum
619 3165 661 3226 sit
684 3162 834 3228 omnibus
857 3162 1008 3227 fidelibus
1036 3162 1154 3225 nostris
1183 3160 1387 3245 presentibus
1417 3170 1449 3225 et
1478 3160 1610 3241 futuris,
1640 3158 1779 3245 qualiter
1809 3158 1941 3243 quidam

295 3264 489 3329 venerabilis
519 3275 631 3350 sancte
662 3264 879 3349 Augustensis
913 3264 1071 3348 aecclesie
1105 3267 1280 3349 episcopus
1313 3265 1445 3328 nomine
1475 3241 1648 3327 ildalrieus
1681 3272 1827 3326 nostram
1861 3260 1942 3324 adiit

295 3366 519 3433 celsitudinem
550 3368 743 3452 deprecatus
774 3390 832 3454 pro
862 3369 1059 3431 monasterio
1085 3366 1338 3451 Campidoneusi
1362 3366 1450 3454 quod
1474 3390 1532 3452 per
1560 3375 1705 3430 nostram
1737 3366 1942 3448 largitionem

295 3470 559 3534 commendatum
581 3469 696 3552 habet,
730 3479 767 3534 ut
789 3480 899 3554 nostre
923 3469 1100 3554 imperialis
1123 3469 1292 3554 dignitatis
1316 3480 1469 3555 precepto
1495 3468 1710 3535 honoraretur
1732 3479 1764 3532 et
1786 3467 1940 3533 corrobo-
1959 3483 1993 3529 ao

295 3583 429 3637 raretur.
476 3574 575 3639 Cuius
599 3575 746 3659 petitioni
770 3596 828 3658 per
851 3575 1067 3637 interventum
1094 3572 1210 3656 dilecte
1241 3577 1390 3657 coniugis
1419 3582 1531 3657 nostre
1561 3575 1775 3656 imperatricis
1805 3581 1941 3655 auguste

295 3675 479 3760 Arlalhaide
502 3701 613 3742 aurem
636 3677 924 3741 accommodantes
946 3676 1010 3740 hoc
1033 3685 1222 3760 preceptum
1244 3678 1396 3740 iussimus
1420 3675 1583 3740 conscribi
1616 3698 1671 3758 per
1701 3675 1789 3760 quod
1819 3677 1942 3738 sancci-

297 3800 366 3841 mus
390 3787 423 3842 et
446 3779 603 3862 imperiali
628 3781 822 3844 auctoritate
845 3779 1010 3859 iubemus,
1041 3790 1077 3842 01
1100 3780 1209 3841 omnia
1232 3789 1386 3864 precepta
1410 3802 1472 3865 que
1496 3801 1516 3841 a
1537 3777 1632 3842 nobis
1655 3778 1707 3842 vel
1731 3801 1751 3840 a
1775 3777 1941 3861 predeces-

296 3879 423 3945 soribus
447 3884 576 3964 nostrie,
600 3882 730 3966 regibus
753 3892 809 3947 aut
831 3880 1092 3967 imperatoribus,
1125 3884 1348 3966 prenominato
1373 3883 1570 3946 monasterio
1596 3881 1684 3966 quod
1706 3890 1755 3943 est
1777 3891 1942 3945 construc-

297 3994 364 4047 tum
387 3986 419 4047 in
443 3984 565 4049 honore
589 3995 701 4069 sancte
726 3985 776 4050 dei
800 3987 966 4069 genitricis
982 3985 1085 4068 Mario¹
1108 3994 1140 4048 et
1162 3987 1195 4049 in
1216 4009 1278 4072 quo
1296 3985 1508 4072 corporaliter
1523 3987 1626 4048 saneti
1644 3994 1803 4070 martyros
1820 3982 1942 4047 Christi
1961 4003 1994 4047 ao

297 4085 485 4152 Gordianus
515 4097 546 4151 et
577 4088 788 4174 Epymachus
817 4087 995 4153 honorifice
1024 4089 1246 4174 requiescunt,
1282 4089 1405 4153 donata
1436 4100 1525 4170 sunt,
1560 4098 1750 4173 perpetuum
1775 4087 1944 4151 obtineant

296 4191 458 4274 vigorem,
486 4191 656 4277 nullusque
678 4201 788 4276 nostre
812 4191 940 4277 publice
965 4194 1010 4255 rei
1033 4201 1196 4276 potestate
1219 4192 1350 4256 functus
1374 4195 1443 4255 sive
1467 4194 1500 4254 10
1521 4193 1642 4255 nostris
1666 4193 1734 4254 sive
1758 4193 1791 4254 in
1816 4214 1942 4256 succes·

297 4315 407 4357 sorum
431 4303 615 4359 nostrorum
638 4294 838 4380 temporibus
862 4295 982 4359 audeat
1005 4295 1128 4381 aliquid
1147 4320 1189 4360 ex
1204 4296 1255 4359 his
1270 4318 1427 4380 usurpare
1444 4319 1506 4381 que
1523 4297 1737 4379 prenominati
1754 4297 1941 4360 inonasterii

296 4395 408 4460 usibus
437 4407 663 4482 preceptorum
692 4399 886 4461 auctoritate
916 4422 1045 4484 quoquo
1070 4398 1167 4464 modo
1191 4398 1312 4464 collata
1336 4408 1420 4463 sunt.
1465 4396 1603 4461 adhoc
1627 4399 1723 4461 ctiam
1747 4400 1841 4461 iuxta
1864 4399 1941 4481 peti·

297 4502 424 4564 cionem
447 4500 591 4564 eiusdem
615 4500 810 4566 venerabilis
834 4502 979 4586 episcopi
1004 4503 1215 4567 concedimus
1239 4503 1456 4585 prenominati
1487 4503 1674 4565 monasterii
1704 4499 1875 4580 fratribus,
1906 4509 1993 4571 0131

295 4613 491 4688 potestatem
514 4603 656 4667 habeant
677 4604 868 4689 regulariter
890 4603 1028 4687 eligendi
1051 4607 1134 4668 inter
1158 4627 1191 4667 se
1215 4603 1369 4668 abbatem
1393 4627 1487 4689 quem
1511 4604 1676 4667 meliorem
1700 4613 1731 4666 et
1752 4613 1862 4666 nostro
1887 4603 1942 4667 ob-

297 4708 408 4791 sequio
432 4709 590 4792 aptiorem
614 4708 757 4771 invenire
782 4708 961 4792 potuerint,
992 4707 1169 4772 secundum
1194 4706 1339 4791 regulam
1364 4710 1468 4770 sancti
1493 4707 1660 4770 Benedicti
1686 4717 1717 4769 et
1739 4709 1832 4769 iuxta
1856 4706 1942 4790 quod

295 4809 543 4892 predecessores
571 4811 674 4873 nostri
704 4810 809 4874 cidem
839 4811 1036 4874 monasterio
1065 4820 1307 4874 concesserunt.
1352 4810 1427 4873 Hoc
1450 4811 1535 4872 enim
1559 4819 1748 4893 preceptum
1771 4810 1803 4872 in
1826 4831 1942 4872 aevum

294 4924 330 4976 ut
353 4924 541 4998 permaneat
562 4915 700 4996 firmum,
724 4938 823 4981 manu
845 4915 978 5000 propria
1001 4912 1228 4978 roboravimus
1251 4923 1283 4976 et
1306 4913 1403 4977 anulo
1427 4922 1539 4977 nostro
1564 4914 1709 4996 insigniri
1734 4914 1899 4976 iussimus.

398 5040 535 5126 Signum
557 5041 666 5107 domni
690 5042 820 5108 Ottonis
844 5045 908 5124 (M.)
932 5044 1127 5108 serenissimi
1152 5043 1358 5127 imperatoris
1381 5042 1521 5126 augusti.
1961 5070 1995 5116 te

400 5144 565 5209 Liutolfus
589 5145 805 5210 cancellarius
828 5145 976 5211 adviccm
999 5147 1163 5211 Brunonis
1186 5144 1461 5230 archicappellani
1487 5145 1662 5228 recognovi
1687 5154 1720 5207 01
1775 5146 1843 5223 (SR.
1868 5145 1943 5220 Ml.)

399 5274 489 5338 Data
512 5292 611 5338 xvm.
634 5275 702 5339 kal.
725 5274 780 5340 iul.
805 5297 890 5340 anno
914 5276 1035 5341 domiui
1059 5292 1268 5353 ltccccmtul,
1292 5285 1446 5354 regnante
1464 5275 1610 5358 piissimo
1627 5296 1703 5354 rege
1720 5272 1840 5335 Ottonc
1856 5295 1942 5335 anuo

297 5391 426 5458 xxvlu,
450 5379 577 5462 imperii
601 5387 709 5443 autem
731 5379 801 5442 eius
825 5401 910 5442 anno
934 5396 977 5459 11,
1001 5378 1179 5442 indictione
1196 5396 1248 5458 V13
1276 5386 1385 5440 actum
1408 5376 1451 5440 ad
1476 5385 1625 5439 sanctum
1648 5375 1812 5454 Leonem3
1834 5376 1865 5436 10
1891 5373 1943 5437 dei

297 5479 427 5541 nomine
450 5479 586 5544 feliciter
609 5503 714 5545 amen.

382 5630 442 5684 254.
468 5636 495 5699 g)
512 5633 691 5685 teconeumA
763 5636 790 5699 h)
809 5635 951 5685 sartionem
970 5633 1167 5684 lurrctionemA
1238 5636 1258 5694 i)
1277 5636 1334 5683 auri
1353 5647 1368 5684 c
1386 5635 1469 5683 libras
1487 5632 1634 5683 eentumA
1703 5633 1731 5692 k)
1751 5631 1940 5681 1110110001Ι
1959 5633 1993 5679 45

382 5717 442 5771 255.
470 5719 587 5788 [Siclrell.
