4500 6420
948 468 1072 524 ΟΤΤΟ
1096 469 1118 522 1.
1143 464 1216 523 960.
1839 460 1900 535 291

362 645 452 710 Data
473 663 524 710 111.
547 668 622 710 non.
646 647 711 710 iun.
741 668 826 711 anno
861 646 1022 711 dominice
1051 649 1289 714 incarnacionis
1320 664 1491 733 boccona,
1525 649 1701 716 indictione
1724 667 1780 734 111,
1815 672 1902 716 anno

260 746 371 814 domni
395 747 525 814 Ottonis
547 749 751 813 invictissimi
774 752 860 833 regis
883 766 972 832 xxv3
995 758 1105 814 actum
1128 748 1274 816 Colonia.

1038 937 1124 1013 211.

267 1090 347 1167 Otto
379 1091 540 1189 bestdtipt
567 1090 625 1163 die
651 1089 858 1189 Grdudstnp
886 1091 966 1165 rand
993 1091 1063 1164 den
1085 1091 1311 1165 Besitzstond
1339 1094 1398 1167 des
1420 1095 1577 1168 Klosters
1600 1095 1796 1168 Boccare
1825 1094 1904 1168 und

224 1209 495 1283 suarattaratae
518 1211 680 1283 Necnon
702 1211 768 1284 das
791 1211 999 1285 Woblrecbt.
1537 1250 1618 1309 gp„
1640 1253 1702 1310 960
1719 1250 1805 1309 ,Μ
1827 1254 1856 1310 4,

359 1434 513 1506 Abscbrift
535 1436 584 1494 des
607 1439 658 1496 18.
675 1435 727 1495 Jt.
752 1439 794 1494 im
816 1435 1159 1509 Departcmentalarebiv
1178 1454 1219 1494 au
1241 1436 1347 1510 Ncncy
1370 1434 1433 1514 (Β).

360 1574 448 1646 Huqo
469 1573 554 1632 Mon.
577 1573 643 1631 bist.
668 1577 781 1643 1,191
807 1575 854 1632 eit.
884 1606 926 1615 -
952 1572 1054 1631 Gallia
1077 1571 1186 1632 Christ.
1209 1567 1274 1642 13⁶,
1298 1575 1360 1632 456
1382 1578 1417 1630 n⁰
1439 1576 1482 1633 12
1510 1590 1566 1630 aua
1594 1571 1782 1651 Absobrift(
1811 1571 1831 1652 ).
1860 1607 1902 1618 -

359 1676 477 1748 Lepore
504 1677 538 1733 in
565 1673 657 1734 Μόνη.
687 1675 722 1734 ἄε
751 1676 781 1733 la
808 1693 863 1733 soc.
897 1673 1048 1734 darcltc'ol.
1079 1675 1229 1733 Lorroioe
1247 1681 1287 1746 11,
1312 1681 1341 1745 1,
1364 1678 1429 1735 273
1451 1678 1527 1733 νΜ
1555 1692 1612 1734 aas
1634 1673 1672 1732 B.
1701 1707 1744 1720 -
1777 1675 1906 1750 Stamps

359 1780 431 1853 Ray.
453 1782 528 1840 273.

363 1907 502 1986 Offendor
522 1915 597 1973 aaut
619 1916 700 1973 einer
721 1933 784 1973 eom
800 1915 928 1987 Biselzes
939 1915 1008 1973 oder
1023 1915 1076 1973 ἄεν
1089 1915 1238 1975 Aebte'ssia
1261 1918 1471 1989 sinpereielrtea
1491 1917 1612 1991 Vorlaqe
1630 1918 1823 1991 yescbriebea,
1847 1918 1903 1990 sur

359 2018 462 2077 welche
483 2017 531 2076 die
552 2018 701 2076 einzelnen
724 2019 1070 2091 Sclentanqsorawutea
1093 2020 1212 2078 batutst
1235 2020 1366 2079 worden.
1408 2021 1479 2080 Was
1504 2039 1530 2077 ε.
1555 2019 1592 2080 Β.
1623 2020 1688 2078 bier
1709 2020 1773 2079 νινιᾶ
1786 2015 1829 2079 ’ἄν
1850 2021 1903 2080 ἄεν

358 2120 448 2179 Belle
470 2119 601 2194 Stephon
619 2129 668 2178 ΙΧ.
693 2138 757 2180 vom
780 2121 813 2180 J.
836 2126 896 2181 941
921 2139 977 2180 ooo
999 2123 1052 2180 ἄεν
1074 2121 1248 2195 Surculum
1270 2122 1321 2181 des
1343 2122 1432 2181 Abtes
1454 2122 1630 2181 Berhardus
1653 2122 1788 2181 benabet
1816 2124 1901 2194 wira,

356 2225 422 2297 peht
451 2222 512 2294 aas
537 2225 600 2282 eine
624 2226 822 2297 pometnsame
849 2225 949 2299 Quelle
974 2225 1097 2285 surdelt.
1126 2257 1168 2266 —
1196 2225 1287 2283 Ucber
1309 2226 1357 2283 die
1378 2226 1532 2298 nostrane
1555 2243 1578 2284 s.
1601 2225 1702 2283 Mittit.
1726 2224 1777 2285 des
1799 2230 1900 2287 osteo.

357 2326 431 2384 Inst.
454 2329 485 2396 2,
508 2329 581 2385 273.
610 2359 652 2368 -
680 2325 829 2386 Wotrmd
851 2327 981 2385 beurere
1002 2327 1264 2386 Priauturlrundea
1293 2329 1343 2387 des
1365 2329 1503 2387 Klostere
1530 2346 1587 2387 aus
1614 2328 1680 2386 dem
1710 2333 1760 2389 10.
1785 2329 1811 2389 J
1812 2330 1839 2388 lt.
1868 2332 1902 2391 ta

360 2427 509 2498 Ursotrist
530 2429 682 2501 vorliepea,
706 2430 780 2487 steht
802 2446 832 2487 es
854 2431 908 2486 mit
931 2430 983 2487 der
1003 2430 1243 2504 Uebcrlieserunp
1266 2431 1319 2490 der
1332 2432 1471 2504 Diplome
1492 2432 1559 2491 sehr
1576 2432 1714 2491 misellula.
1739 2433 1903 2506 Moylieber

361 2533 456 2592 Weiss
477 2533 516 2589 ist
539 2530 594 2602 [ἄν
615 2531 673 2588 den
695 2529 834 2589 Abdraelr
858 2534 889 2589 ia
912 2533 965 2590 der
988 2532 1091 2591 Gallia
1114 2532 1223 2592 Christ.
1253 2534 1337 2591 telae
1359 2534 1454 2592 ondre
1475 2531 1630 2606 Abscbrist
1652 2534 1697 2594 als
1720 2535 1749 2593 B
1772 2537 1900 2609 beautat,

357 2652 389 2694 so
411 2633 481 2692 dass
503 2651 561 2692 aas
585 2630 689 2692 Onur
710 2634 945 2692 Errreadatioaen
968 2635 1020 2692 ἄεν
1039 2636 1244 2707 Herousoeber
1266 2637 1359 2695 bietet.
1400 2637 1455 2696 Um
1476 2636 1506 2694 B
1527 2637 1591 2695 aad
1608 2634 1632 2696 O
1650 2638 1840 2713 notbditrftip
1861 2659 1902 2700 aa

356 2740 532 2807 verbosam,
555 2737 606 2795 hat
621 2736 707 2795 Folta
725 2738 801 2795 auch
823 2737 877 2795 das
900 2753 1019 2795 uaserm
1040 2738 1080 2797 D.
1104 2738 1317 2811 ναεᾶρεὸᾶἄεέε
1338 2739 1406 2799 DO.
1423 2742 1488 2799 288
1510 2740 1734 2813 heratostenes,
1758 2761 1799 2800 aa
1821 2745 1902 2803 einer

358 2841 447 2901 Stella
469 2840 584 2898 cadlicb
606 2840 660 2898 das
687 2840 822 2913 Oriytncl
843 2839 895 2897 ἄεν
916 2840 1111 2911 betreffenden
1134 2840 1306 2914 Sehcakanp
1329 2838 1459 2918 (Lapsae
1481 2840 1499 2898 l.
1524 2859 1547 2900 c.
1569 2845 1636 2901 272
1657 2849 1692 2899 n⁰
1713 2841 1754 2920 3).

204 3027 238 3074 20
461 3007 499 3073 In
515 3009 645 3073 nomine
665 3017 798 3071 sanetae
815 3017 847 3071 et
864 3006 1052 3072 individuae
1068 3009 1229 3073 trinitatis.
1255 3007 1334 3074 Otto
1350 3008 1462 3073 diviua
1477 3007 1649 3073 clementia
1664 3032 1733 3074 rex.
1835 3012 1901 3076 No-

256 3123 325 3178 tum
348 3114 389 3176 sit
412 3111 561 3177 omnibus
584 3108 733 3174 fidelibus
755 3111 876 3173 nostris
899 3109 1126 3194 praesentibus
1155 3111 1279 3176 scilieet
1306 3122 1338 3176 et
1366 3112 1499 3192 futuris,
1535 3109 1623 3196 quod
1651 3115 1799 3198 egregius
1825 3113 1900 3178 Tul-

255 3217 354 3282 lensis
377 3214 535 3279 ecclesiae
557 3223 669 3298 pastor
693 3211 889 3277 Gozilinus⁸
917 3236 983 3277 una
1010 3235 1084 3278 eum
1116 3214 1346 3280 dilectissimae
1372 3216 1520 3298 coniugis
1542 3226 1674 3279 nostrae
1697 3214 1900 3281 Adalheidae

256 3319 415 3384 subventu
438 3339 497 3402 pro
522 3315 663 3402 quodam
692 3315 765 3380 loeo
792 3316 916 3380 Buxier
944 3314 1031 3380 dicto
1059 3328 1205 3382 nostram
1236 3316 1378 3383 adieritb
1407 3319 1628 3401 serenitatem,
1662 3328 1721 3383 ut⁰
1749 3319 1794 3383 ibi
1824 3341 1899 3384 con·

255 3431 410 3488 structam
443 3423 477 3485 in
510 3419 634 3485 honore
669 3428 801 3483 sanctae
835 3419 887 3482 dei
921 3422 1086 3503 genitricis
1121 3422 1245 3486 Mariae
1279 3421 1451 3486 eeclesiam
1480 3412 1608 3506 in'qua
1637 3421 1763 3488 divinos
1793 3422 1899 3487 cultus

203 3548 236 3595 es
256 3521 518 3589 sanctimoniales
549 3521 609 3586 sub
638 3520 841 3606 regularibus
871 3523 1025 3587 institutis
1053 3533 1173 3588 conatu
1201 3534 1233 3588 et
1257 3526 1460 3589 exortatione
1483 3525 1641 3609 praedicti
1664 3527 1809 3609 episcopi
1833 3526 1898 3589 iam

254 3635 431 3712 coeperunt
460 3624 592 3688 domino
622 3623 791 3706 exhibere,
825 3628 926 3689 nostri
956 3629 1121 3711 praecepti
1152 3627 1320 3713 privilegio
1349 3627 1562 3692 firmaremus.
1608 3626 1708 3691 Ouius
1739 3629 1898 3712 petitioni,

255 3733 331 3816 quia
349 3727 553 3793 Christianae
576 3725 735 3790 ecclesiae
758 3748 906 3791 normam
929 3740 960 3792 et
984 3728 1214 3794 sublimitatem
1237 3728 1483 3814 praeiudicavit,
1507 3732 1746 3794 consentientes
1769 3740 1898 3795 nostrae

253 3832 456 3898 auctoritatis
485 3839 661 3914 praecepto
691 3827 805 3914 quodd
832 3830 982 3896 fidelibus
1012 3833 1238 3917 praesentibus
1261 3835 1348 3897 etin
1370 3833 1478 3898 futuro
1504 3833 1754 3898 succedentibus
1783 3832 1898 3899 stabile

253 3946 456 4022 permaneat,
492 3935 703 4019 signavimus.
749 3935 904 4021 Loeaque
933 3938 1018 4001 enim
1049 3937 1091 4001 ad
1119 3939 1225 4022 ipsam
1255 3936 1427 4002 ecelesiam
1456 3938 1650 4021 pertinentia
1671 3937 1724 4001 vel
1753 3935 1795 4001 ab
1824 3939 1897 4023 ipso

201 4059 235 4105 ao
253 4040 407 4124 episcopo
431 4059 488 4102 seu
512 4034 553 4100 ab
577 4035 650 4100 aliis
674 4034 725 4100 dei
749 4034 926 4101 cultoribus
956 4038 990 4101 in
1019 4041 1287 4103 sustentationem
1309 4039 1414 4102 victus
1443 4039 1522 4121 ipsis
1549 4036 1898 4121 [sanctimonialibus]⁰

253 4165 337 4228 quae
366 4141 487 4205 ibidem
516 4139 575 4203 deo
607 4139 764 4221 militant,
799 4162 955 4204 concessa
984 4141 1063 4205 nulli
1094 4139 1152 4204 utf
1178 4142 1211 4205 in
1234 4140 1427 4205 beneficium
1450 4139 1566 4203 dentur
1588 4150 1644 4204 aut
1665 4139 1775 4226 aliquo
1800 4140 1897 4204 modo

252 4244 485 4310 subtrahantur
506 4242 673 4324 volumus,
707 4251 740 4306 et
762 4243 835 4307 ideo
859 4264 942 4327 qnae
965 4245 1001 4308 in
1023 4246 1184 4328 praesenti
1207 4243 1357 4307 videntur
1384 4240 1506 4306 habere
1536 4245 1683 4329 quaesita
1711 4242 1802 4327 loca,
1833 4266 1898 4330 quo

251 4359 284 4412 et
305 4350 338 4412 in
359 4347 468 4412 futuro
491 4345 685 4431 inquirenda
707 4345 831 4409 firmius
854 4346 1046 4430 possideant
1057 4356 1080 4429 ⁸,
1115 4346 1281 4411 subnotari
1310 4347 1479 4410 iussimus:
1514 4347 1547 4409 in
1576 4348 1731 4410 comitatu
1760 4346 1897 4432 Scarpo-

252 4453 343 4515 nensi
360 4450 531 4515 ecelesiam
547 4448 834 4513 Loverdunensem
851 4447 939 4513 dedit
961 4449 1148 4534 praedictus
1171 4450 1345 4533 episeopus
1362 4446 1559 4513 Gozilinus‘
1581 4459 1613 4513 et
1636 4470 1719 4534 quae
1742 4450 1785 4514 ad
1807 4449 1896 4514 illam

201 4571 234 4618 35
252 4555 413 4640 pertinent
441 4561 508 4616 tam
536 4553 568 4615 in
598 4552 691 4615 terris
721 4573 818 4636 quam
846 4552 878 4614 in
908 4554 1011 4636 pratis
1039 4553 1143 4616 vineis
1173 4552 1344 4636 mancipiis
1373 4552 1540 4637 utriusque
1574 4574 1690 4635 sexus,
1724 4551 1897 4617 ecclesiam

251 4657 388 4741 denique
420 4655 510 4720 dedit
537 4655 624 4719 idem
652 4656 827 4739 episcopus
854 4655 887 4717 in
915 4655 1030 4720 eodem
1057 4656 1213 4719 comitatu
1242 4656 1275 4717 in
1305 4653 1384 4719 villa
1414 4653 1580 4720 Sasiriaco
1610 4664 1642 4718 et
1673 4654 1828 4741 quicquid
1854 4653 1897 4719 ad

250 4784 323 4826 eam
352 4761 491 4846 pertinet
520 4782 595 4823 oum
623 4758 765 4844 quadam
792 4760 903 4841 vinea3
937 4758 1123 4824 Berhardus
1153 4757 1257 4823 abbas
1286 4758 1375 4823 dedit
1397 4758 1562 4845 quandam
1586 4756 1760 4822 ecclesiam
1782 4758 1815 4820 in
1840 4756 1896 4822 Gi·

251 4861 371 4929 runnih
399 4862 478 4927 villa
506 4864 539 4926 in
569 4864 723 4927 comitatu
753 4862 894 4927 Bedensi
924 4885 1021 4946 super
1048 4864 1182 4928 fluvium
1210 4862 1341 4927 Mosam
1372 4842 1470 4949 quam
1498 4864 1576 4926 emit
1605 4860 1646 4926 ab
1676 4859 1834 4927 Otbertoi
1864 4870 1896 4925 et

251 4968 406 5054 quicquid
429 4967 473 5032 ad
496 4990 569 5031 earn
592 4969 744 5052 pertinet,
769 4989 827 5030 seu
850 4967 1014 5052 quandam
1036 4969 1164 5032 vineam
1188 4969 1283 5031 sitam
1304 4969 1338 5030 in
1360 4974 1469 5029 monte
1492 4964 1658 5028 Barrisino
1682 4965 1715 5026 in
1740 4964 1895 5027 comitatu

200 5087 232 5134 40
251 5071 413 5153 Tullensi3
444 5069 533 5135 dedit
554 5071 653 5134 etiarn
676 5069 841 5155 quandam
864 5070 1037 5135 eeclesiam
1054 5067 1248 5154 Grerbergal
1269 5068 1338 5132 filia
1359 5067 1541 5132 Framberti
1564 5069 1597 5130 in
1621 5065 1763 5152 quodam
1786 5074 1896 5130 monte

250 5177 284 5239 in
306 5175 429 5239 honore
452 5175 557 5238 sancti
578 5173 717 5258 Remigii
742 5172 945 5238 dedicatam¹
975 5176 1009 5237 in
1032 5175 1188 5238 comitatu
1210 5171 1414 5238 Senotensim
1437 5191 1511 5233 cum
1534 5169 1635 5253 pratis
1658 5168 1751 5231 terris
1775 5176 1807 5230 et
1829 5188 1896 5231 om·

250 5275 347 5342 nibus
368 5275 489 5340 ibidem
512 5273 764 5361 pertinentibus3
788 5283 819 5339 et
842 5275 885 5340 ad
900 5276 1059 5341 Aciacum
1073 5286 1087 5315 ¹¹
1110 5276 1199 5340 dedit
1219 5274 1431 5341 Frambertus
1454 5281 1556 5337 terras
1580 5281 1673 5356 prata
1695 5271 1807 5334 vineas
1831 5291 1895 5334 sor·

335 5445 394 5500 211.
423 5444 516 5513 [Foltz]
620 5447 647 5508 a)
665 5447 801 5498 Venilinus
820 5446 854 5506 Β,
873 5447 1052 5501 GoselinusC
1153 5447 1182 5507 b)
1202 5444 1229 5509 0,
1249 5446 1357 5497 advenit
1375 5443 1400 5494 B
1503 5444 1528 5506 c)
1547 5458 1599 5509 quo
1618 5438 1671 5493 Bo
1762 5441 1789 5503 d)
1808 5456 1861 5507 quo
1879 5456 1896 5491 a

421 5513 474 5565 Bc
573 5514 598 5581 e)
618 5519 720 5580 credun
742 5514 809 5566 neela
827 5513 887 5566 Do.
901 5517 960 5565 288
1063 5517 1087 5577 l)
1108 5515 1141 5577 B,
1160 5513 1250 5566 autO
1346 5515 1374 5579 g)
1393 5513 1514 5563 volumus
1534 5518 1560 5562 et
1576 5511 1636 5561 ideo
1655 5511 1700 5575 qui
1718 5511 1746 5560 in
1764 5525 1894 5575 -quae-

198 5583 231 5630 45
421 5585 473 5634 sita
490 5598 542 5649 quo
562 5589 588 5633 et
605 5585 632 5634 iu
649 5585 737 5636 futuro
756 5612 788 5620 -
809 5584 962 5650 possideant
979 5583 1013 5645 B,
1040 5585 1162 5636 volumus
1180 5583 1293 5648 ideoque
1315 5584 1342 5631 in
1366 5583 1498 5647 praesenti
1521 5581 1641 5646 quaesita
1658 5578 1719 5629 loca
1736 5593 1805 5645 quse
1823 5584 1850 5629 et
1866 5581 1895 5628 in

420 5653 508 5701 futuro
526 5658 587 5702 sunt
604 5652 761 5718 inquirenda
778 5651 878 5703 firmius
895 5651 1085 5719 possideantO
1168 5652 1196 5714 h)
1214 5648 1356 5703 GeruenO
1439 5650 1458 5712 i)
1476 5646 1630 5700 GeberteC'
1712 5644 1893 5709 nodosa,

420 5720 550 5785 Verbirga
571 5720 604 5784 B,
631 5722 768 5787 Garbrega
788 5720 811 5774 0
903 5723 923 5784 l)
942 5721 1065 5772 dedicata
1082 5719 1134 5773 Bo
1224 5721 1260 5781 m)
1282 5717 1312 5780 0,
1341 5718 1490 5768 Stanctensi
1509 5717 1536 5767 Β
1631 5716 1658 5779 n)
1679 5715 1707 5779 0,
1732 5715 1841 5767 ciocum
1860 5715 1895 5766 Β.

1631 5817 1691 5881 fil*
