4500 6420
832 468 1281 527 KAISERURKUNDEN.

343 652 406 710 aad
421 653 541 711 Motero
556 651 663 710 deutera
685 651 745 709 cotti
769 650 813 728 (so
834 650 910 708 uach
931 650 1039 708 Mente
1055 649 1138 708 Vorr.
1155 645 1219 725 41),
1243 648 1435 719 catacheidea,
1459 647 1499 706 da
1520 648 1669 707 acclamas
1693 648 1767 706 Bout
1788 646 1890 706 hond·

342 754 506 825 schristtiet
535 752 707 824 abortisset
734 755 774 812 ist
801 752 865 811 aad
893 753 933 809 da
960 752 1008 809 die
1029 751 1137 810 Lesart
1159 750 1211 809 der
1232 751 1304 808 awai
1326 749 1440 808 uadem
1463 747 1573 822 Copten
1602 749 1688 808 Bunii
1716 748 1800 807 leicht
1826 765 1889 807 aas

342 857 449 915 Buuini
478 856 625 914 astatehca
653 855 767 925 tonate,
800 855 918 914 welches
946 855 1012 913 dem
1038 856 1175 927 beatiora
1197 854 1310 912 Boviao
1334 851 1369 929 (s.
1392 852 1551 910 Dammlcr
1573 851 1679 912 Jahrb.
1705 851 1737 911 0.
1758 860 1782 911 l.
1807 849 1888 929 473)

343 959 510 1031 aasentias.

444 1177 483 1241 ln
512 1178 642 1242 nomine
672 1186 783 1242 sancte
814 1185 846 1241 et
875 1174 1041 1241 individue
1072 1177 1236 1240 trinitatis.
1289 1174 1367 1240 Otto
1399 1173 1511 1238 divina
1542 1174 1674 1237 favente
1703 1173 1925 1239 clemenciae

241 1278 500 1364 <Romanorum>
517 1281 704 1364 imperator.
790 1279 913 1343 Notum
935 1275 1182 1359 essevolumus,
1206 1276 1295 1363 quod
1317 1299 1376 1362 pro
1401 1278 1508 1342 anime
1531 1299 1589 1340 sue
1611 1276 1754 1341 remedio
1770 1275 1886 1341 Wich-

239 1404 377 1446 mannus
400 1403 509 1446 comes
533 1384 566 1445 in
589 1382 721 1446 domino
746 1380 852 1445 fidelis
880 1390 991 1445 nostre
1018 1379 1178 1464 imperiali
1210 1383 1373 1445 maiestati
1404 1379 1615 1464 supplicavit,
1648 1377 1694 1461 [ut
1723 1376 1888 1464 quasdam

240 1507 297 1547 sue
323 1483 513 1548 hereditatis
540 1482 630 1566 res]²⁵
657 1505 715 1568 per
737 1485 838 1547 nostri
861 1486 1006 1568 precepti
1029 1486 1184 1568 paginam
1207 1482 1250 1546 ad
1272 1482 1444 1547 ecclesiam
1467 1484 1500 1546 in
1522 1482 1679 1547 honorem
1702 1479 1886 1546 Salvatoris

241 1598 273 1652 et
295 1590 400 1652 sancti
422 1587 490 1652 Viti
513 1588 654 1651 martiris
678 1595 903 1650 consecratam
925 1587 959 1649 in
981 1595 1090 1650 monto
1114 1587 1167 1670 qui
1191 1586 1309 1650 dicitur
1331 1585 1444 1650 Altina
1466 1593 1688 1649 constructam
1710 1592 1743 1647 et
1765 1585 1886 1647 sancti-

241 1690 437 1756 monialibus
461 1692 494 1754 in
516 1690 632 1755 eodem
652 1689 726 1754 loco
751 1688 812 1753 deo
826 1699 839 1726 ⁸
867 1689 984 1754 devote
1008 1688 1244 1754 famulantibus
1267 1689 1446 1754 concedere
1470 1699 1567 1773 atque
1591 1687 1713 1752 donare
1736 1686 1945 1770 dignare-10

241 1817 322 1858 mur.
368 1792 469 1858 Cuius
500 1794 651 1878 peticioni
683 1802 815 1877 propter
844 1792 989 1856 divinum
1024 1813 1168 1856 amorem
1201 1814 1372 1856 assensum
1406 1788 1604 1876 prebentesb
1635 1791 1678 1856 ad
1712 1790 1887 1854 ecclesiam

243 1894 424 1961 Salvatoris
453 1904 485 1958 et
514 1899 618 1958 sancti
641 1894 709 1959 Viti
738 1896 878 1958 martiris
906 1894 940 1956 in
967 1893 1114 1978 predicto
1145 1903 1255 1957 monte
1278 1893 1439 1958 Altinensi
1467 1904 1688 1959 constructam
1711 1903 1743 1956 et
1766 1893 1885 1957 sancti-

243 1997 439 2062 monialibus
469 1999 504 2060 in
533 1997 646 2061 eodem
676 1996 749 2060 loco
780 1996 840 2060 deo
870 1995 1102 2060 famulantibus
1135 1998 1241 2081 ipsam
1274 1995 1487 2061 hereditatem
1519 2018 1617 2082 quam
1646 1995 1885 2061 Wichmannus

243 2122 353 2165 comes
376 2102 455 2184 ipsis
485 2099 634 2181 donavit,
664 2121 723 2184 per
745 2101 900 2184 paginam
922 2101 1023 2162 nostri
1049 2100 1192 2183 precepti
1215 2099 1424 2165 concedimus
1448 2110 1545 2185 atquc
1569 2100 1744 2181 donamus,
1779 2097 1887 2161 idest

243 2212 367 2267 curtem
389 2202 534 2266 Heltnon
556 2210 589 2264 et
610 2202 767 2266 Fomonc
791 2213 822 2265 et
839 2200 1062 2268 Voirthusend
1085 2213 1117 2266 et
1139 2201 1298 2267 Embrick
1321 2213 1353 2268 et
1375 2204 1517 2269 Hamma
1540 2213 1572 2267 et
1594 2203 1828 2268 Liemerscha‘
1851 2211 1885 2266 et
1906 2221 1942 2268 15

243 2305 419 2390 Rynbaren
450 2314 481 2368 et
509 2302 756 2389 Redincghem‘
782 2315 814 2368 et
842 2306 1005 2389 Bingartg
1034 2316 1065 2369 et
1095 2303 1222 2370 (lrese¹¹
1251 2314 1284 2369 et
1311 2302 1448 2387 Hostai,
1483 2302 1669 2384 Thuuinal,
1704 2302 1884 2387 Liendna¹,

244 2407 357 2492 Leyla,
381 2408 549 2489 Tornasffl,
573 2407 679 2487 Thuli,
702 2406 925 2471 Nasnacbeli¹¹
948 2417 980 2471 et
998 2429 1199 2492 quecumque
1222 2410 1256 2471 in
1277 2408 1338 2472 hiis
1362 2418 1499 2493 quatuor
1518 2407 1736 2489 comitatibus,
1760 2405 1886 2471 scilicet

244 2513 399 2577 Hunesca
410 2521 431 2594 ⁰,
455 2512 592 2596 Fivelga
603 2522 626 2594 1³,
650 2512 819 2594 Merime‘l,
842 2511 984 2595 Midage,
1009 2511 1173 2596 predictus
1190 2534 1300 2576 eomes
1315 2510 1552 2575 Wichmannus
1575 2510 1698 2575 habere
1713 2508 1887 2573 videbatur

245 2617 313 2680 sive
335 2638 355 2678 a
377 2614 472 2680 nobis
494 2614 540 2678 illi
565 2614 675 2680 datum
698 2615 821 2696 fuisset,
845 2624 877 2677 et
900 2617 1009 2678 omnia
1032 2637 1094 2700 que
1117 2614 1272 2699 predictis
1289 2615 1439 2678 videntur
1454 2617 1614 2698 pertinere
1630 2611 1786 2693 curtibus,
1810 2633 1885 2675 cum

245 2719 391 2784 ecclesiis
419 2717 555 2801 edificiis
583 2718 754 2802 mancipiis
781 2719 875 2781 terris
906 2716 1001 2781 cultis
1030 2726 1062 2781 et
1089 2717 1219 2781 incultis
1248 2719 1336 2800 agris
1364 2720 1489 2801 campis
1513 2718 1644 2800 pascuis
1667 2718 1769 2801 pratis
1793 2713 1885 2779 silvis
1905 2733 1941 2779 20

244 2823 337 2907 aquis
366 2830 610 2907 aquarumquer
639 2819 829 2885 decursibus
856 2819 1049 2883 molendinis
1072 2819 1396 2904 molendinorumque
1419 2819 1500 2883 locis
1523 2818 1765 2904 piscacionibus
1787 2839 1885 2881 vena·

245 2923 393 2989 cionibus
416 2925 549 3009 quesitis
571 2932 604 2988 et
625 2921 825 3008 inquirendis
848 2923 910 2985 viis
933 2932 965 2985 ct
987 2923 1084 2985 inviis
1108 2920 1249 2986 exitibus
1273 2931 1305 2985 et
1327 2920 1505 2985 redditibus
1529 2919 1756 2985 mobilibus'ct
1773 2921 1885 2982 immo-

245 3028 366 3093 bilibus
389 3026 485 3091 rebus
510 3026 724 3112 omnibusque
747 3026 954 3111 pertinenciis
978 3034 1009 3089 et
1032 3023 1229 3088 adiacenciis
1253 3046 1315 3109 que
1339 3023 1402 3088 dici
1418 3025 1469 3088 vel
1488 3026 1649 3088 nominari
1666 3032 1803 3108 possunt
1816 3023 1886 3085 iure

245 3130 451 3214 legitimeque
474 3128 718 3214 pcrtinentibus,
745 3129 860 3191 utiam
875 3127 1087 3212 prediximus,
1111 3127 1154 3190 ad
1172 3126 1333 3210 prefatam
1349 3126 1522 3190 ecclesiam
1536 3125 1717 3190 Salvatoris
1733 3134 1766 3189 et
1782 3125 1886 3188 sancti

245 3233 312 3297 Viti
335 3232 478 3295 martiris
500 3233 534 3294 in
557 3229 703 3314 predicto
722 3238 832 3293 monte
847 3228 1009 3293 Altincnsi
1032 3228 1216 3293 edificatam
1239 3239 1271 3292 et
1294 3228 1595 3294 sanctimonialibus
1617 3232 1651 3292 in
1675 3227 1789 3293 eodem
1811 3226 1884 3292 loco
1905 3244 1939 3291 25

247 3333 307 3399 deo
331 3334 540 3398 devotissime
564 3331 811 3414 famulantibus,
847 3341 1006 3417 quatenus
1030 3331 1144 3395 melius
1172 3330 1245 3394 illas
1270 3330 1407 3395 delectet
1431 3333 1517 3397 omni
1542 3342 1686 3417 tempore
1709 3354 1768 3416 pro
1792 3329 1885 3394 nobis

247 3448 343 3523 atque
366 3436 544 3502 stabilitate
567 3436 656 3518 regni
679 3435 782 3498 nostri
805 3434 1062 3499 misericordiam
1085 3433 1207 3497 domini
1231 3436 1391 3499 attencius
1414 3458 1561 3499 exorare.
1606 3435 1650 3498 Et
1671 3444 1707 3499 ut
1729 3433 1787 3497 hcc
1811 3455 1885 3496 auc-

247 3544 362 3605 toritas
385 3541 605 3605 concessionis
628 3548 739 3602 nostre
763 3548 860 3623 atque
884 3538 1076 3602 donacionis
1099 3536 1221 3601 firmior
1243 3536 1401 3601 habeatur
1424 3547 1455 3599 et
1478 3559 1536 3620 per
1559 3538 1667 3601 futura
1689 3545 1838 3620 tempora
1867 3557 1887 3597 a

247 3644 373 3706 cunctis
401 3641 552 3705 fidelibus
583 3649 695 3705 sancte
725 3639 777 3703 dei
806 3639 943 3703 ecclesie
970 3642 1155 3725 nostrisque
1187 3639 1390 3724 presentibus
1414 3649 1445 3703 et
1468 3640 1583 3703 futuris
1605 3640 1713 3702 verius
1737 3637 1887 3701 credatur

247 3757 345 3831 atque
368 3744 558 3828 diligencius
582 3753 801 3824 conservetur,
825 3764 922 3807 manu
946 3745 1078 3827 propria
1101 3742 1285 3826 subscripta
1303 3764 1376 3805 eam
1393 3742 1594 3806 firmavimus
1611 3752 1643 3805 et
1658 3740 1768 3805 annuli
1783 3741 1886 3803 nostri
1905 3756 1939 3805 30

247 3849 460 3931 impressione
483 3846 605 3930 signari
627 3846 791 3911 iussimus.

351 4000 487 4085 Signum
510 3999 619 4064 domni
643 3998 775 4064 Ottonis
798 4000 907 4082 magni
931 4009 963 4061 et
984 4000 1189 4065 invictissimi
1212 4001 1418 4085 imperatoris
1442 4001 1580 4084 augusti.

352 4122 535 4206 Lutgerus⁸
564 4120 776 4186 cancellarius
805 4118 954 4184 advicem
975 4120 1110 4206 Reperti
1133 4121 1371 4207 archiepiscopi
1395 4132 1426 4186 et
1449 4120 1630 4206 capellanit
1658 4122 1833 4203 recognovi
1856 4128 1888 4183 ct

249 4225 437 4311 subscripsi.

351 4380 439 4446 Data
468 4380 568 4443 tercio
597 4401 701 4443 nonas
730 4379 858 4462 augusti
886 4400 972 4442 anno
1003 4377 1163 4442 dominice
1192 4378 1432 4441 incarnacionis
1455 4378 1735 4461 noningentesimo
1759 4387 1886 4461 septua-
1905 4403 1939 4451 35

248 4487 382 4569 gesimo,
406 4482 581 4548 indictione
604 4483 705 4545 tercia
727 4482 865 4563 decima,
889 4503 974 4544 anno
998 4482 1088 4564 regni
1113 4481 1309 4544 serenissimi
1331 4483 1415 4563 regis
1433 4478 1562 4544 Ottonis
1581 4481 1743 4544 tricesimo
1764 4481 1886 4564 quinto,

248 4589 374 4674 imperii
397 4611 475 4652 vero
499 4588 548 4650 sui
571 4607 675 4666 nono3
699 4595 807 4649 actum
830 4587 863 4648 in
879 4584 1032 4669 Apulea¹¹
1055 4582 1098 4647 ad
1121 4586 1367 4668 civitatemque
1391 4583 1509 4647 dicitur
1523 4585 1642 4648 Buuini
1656 4593 1684 4666 ν;
1708 4585 1741 4647 in
1758 4584 1888 4647 nomine

249 4692 372 4756 domini
394 4692 497 4756 nostri
519 4689 594 4754 Iesu
617 4686 736 4752 Christi
761 4710 865 4751 amen.

335 4894 394 4949 m
420 4892 550 5025 hiribii]8,
569 4891 774 5026 Voifhmldnwf)
784 4890 882 5027 ABoc)
896 4893 1153 5026 Lysiddeiirdlddaetlnus
1172 4891 1636 5028 quedingcgnlzaltqppqiqqssprpoc
1657 4892 1680 4942 0
1685 4964 1712 5025 g)
1723 4894 1833 5027 Birriiirri
1839 4900 1894 5011 (idid
1907 4964 1943 5012 40

422 5030 449 5095 h)
469 5031 546 5081 Grest
569 5028 596 5079 B
700 5030 718 5095 ἰ)
737 5029 822 5079 Hosla
844 5028 880 5091 A,
910 5031 990 5080 llofla
1014 5029 1050 5093 B,
1081 5031 1171 5080 Hoffla
1193 5029 1215 5083 G
1316 5030 1345 5090 k)
1364 5030 1486 5079 Thumna
1510 5028 1586 5079 ABG
1687 5030 1705 5092 l)
1725 5029 1836 5079 Liendla
1855 5029 1888 5087 Β,

421 5099 570 5149 Liendlet'
647 5100 682 5162 m)
702 5099 801 5147 Torves
814 5097 982 5148 acerranos
998 5097 1020 5148 0
1097 5098 1125 5164 ιι)
1141 5099 1286 5163 Nasnsgeli
1299 5099 1333 5160 B,
1352 5096 1561 5149 NestnaclreltO
1643 5100 1670 5161 o)
1689 5100 1818 5148 Hermesta
1831 5098 1889 5157 AB,

421 5166 591 5218 HemessaO
673 5168 701 5231 p)
720 5165 848 5230 Famelga
866 5166 923 5226 AB,
941 5166 1106 5232 FomelgaO
1189 5168 1216 5232 q)
1235 5168 1436 5217 Merimemirme
1454 5167 1512 5228 AB,
1531 5167 1733 5217 hlormotvorine
1746 5166 1772 5225 0,
1791 5169 1889 5216 Merme

420 5237 475 5286 stad
492 5237 592 5286 Marma
611 5236 660 5285 ΑΒ
677 5238 705 5284 in
723 5234 773 5284 den
792 5233 1001 5284 Nachurkundcn
1020 5233 1198 5299 Stompsch.
1213 5238 1289 5298 1100,
1301 5238 1382 5297 3243,
1402 5234 1511 5284 roarholb
1529 5236 1577 5282 wir
1595 5233 1657 5282 oben
1675 5236 1783 5284 Merinre
1799 5241 1889 5299 perstat

421 5305 516 5364 habers,
540 5305 575 5355 da
598 5321 646 5353 ram
663 5304 706 5354 dia
723 5302 808 5353 aanor
824 5318 874 5352 oon
891 5302 1036 5353 Loeomtlet
1053 5320 1078 5353 a.
1097 5321 1121 5354 o.
1138 5303 1366 5368 ooryeaclrloqenen
1384 5303 1588 5353 Emeredots'oaen
1605 5302 1676 5352 nicht
1694 5304 1833 5368 rutreffcod
1851 5320 1889 5353 cr·
1907 5304 1941 5352 to

420 5372 539 5422 schanan
642 5376 663 5435 r)
684 5372 717 5433 B,
740 5387 867 5436 aquarum
885 5370 936 5422 Ao
1033 5373 1056 5435 s)
1078 5371 1104 5435 0,
1128 5373 1249 5438 Lugerus
1266 5372 1318 5423 AB
1418 5371 1438 5435 t)
1459 5373 1575 5436 episcopi
1594 5372 1800 5436 archicapellani
1818 5371 1895 5423 ABG

421 5445 449 5502 ιι)
467 5442 565 5506 Apulia
585 5438 608 5490 0
706 5442 733 5504 v)
751 5440 830 5489 Bunii
847 5439 905 5503 AB,
924 5440 993 5489 Beut
1010 5442 1055 5489 mit
1072 5438 1283 5506 mchfolqandom
1301 5438 1444 5492 Schndrksl
1462 5439 1523 5489 oder
1542 5437 1808 5504 Atlmnonpneicuen
1829 5439 1855 5491 0.
