4298 6414
974 112 1098 170 ΟΤΤΟ
1121 114 1144 168 Ι.
1169 110 1240 170 965.
1862 104 1925 168 409

387 301 400 382 t
420 293 555 380 Signum
577 293 689 359 domni
713 292 843 360 Ottonis
868 296 932 376 (M.)
958 296 1067 378 magni
1091 296 1294 379 imperatoris
1317 305 1349 359 et
1371 296 1575 360 invictissimi
1599 298 1775 382 augusti.}{

388 398 401 486 ξ
420 396 592 465 Liudnlfus
612 396 827 464 cancellarius
843 396 993 462 advicem
1008 398 1172 463 Brunonis
1189 397 1443 483 archicapellani
1460 401 1647 483 recognovi.
1670 400 1684 483 ’ᾖ
1705 400 1763 479 (Sl.
1780 400 1821 479 5.)
1843 399 1925 479 (SR.)

386 553 472 618 Data
494 574 580 618 anno
605 552 787 618 dominicae
815 552 1049 615 incarnationis
1078 567 1269 634 nccccnxv,
1297 553 1475 618 indictione
1499 571 1578 635 vm,
1609 577 1695 618 anno
1723 555 1809 637 regis
1832 552 1924 618 Otto·

271 656 319 718 nis
345 673 439 739 xxx,
463 656 591 741 imperii
611 654 823 736 scilicet11113
847 664 955 719 actum
973 653 1129 719 Coloniae
1153 656 1293 740 palatio3
1316 659 1348 720 in
1372 657 1504 722 domino
1528 658 1664 722 feliciter
1688 680 1799 739 amen3
1823 657 1924 721 data⁰

245 762 339 822 tun.
372 781 445 825 non.
467 760 534 824 iun.

1057 964 1146 1042 292.

214 1188 218 1195 .
276 1113 373 1195 Otto
397 1121 537 1197 schenlct
561 1120 641 1194 dem
667 1119 811 1194 Klostcr
836 1117 963 1195 Coraci
989 1118 1058 1192 den
1080 1118 1166 1218 Hof
1186 1120 1407 1222 Bolccudorf.
1562 1162 1642 1219 Korn
1662 1163 1724 1221 965
1748 1163 1827 1223 Jam·
1849 1169 1878 1224 3,

383 1350 477 1410 Falto
492 1346 562 1410 Cod.
585 1349 662 1408 trau.
681 1347 763 1408 Gorb.
789 1349 851 1408 549
874 1366 931 1406 aras
954 1347 1018 1406 dem
1036 1347 1172 1421 Oripinal
1194 1346 1246 1424 (A)
1270 1371 1307 1399 =
1332 1348 1477 1407 Wlmcns
1500 1349 1603 1420 Wests.
1623 1351 1653 1407 K
1657 1351 1689 1411 U.
1713 1356 1744 1421 2,
1768 1356 1811 1412 82
1831 1359 1865 1410 πθ
1880 1356 1921 1412 86

383 1454 440 1536 (als
461 1456 567 1515 utrecht
590 1451 774 1530 beccichact).
798 1487 840 1497 -—
862 1454 990 1512 Bohmcr
1011 1452 1082 1525 aeq.
1105 1455 1179 1512 296.
1203 1485 1243 1494 -
1268 1451 1396 1525 §leemps
1413 1453 1484 1526 Rea.
1508 1456 1581 1512 372.

221 1591 253 1640 ¹⁰
383 1612 448 1671 Vra
468 1611 525 1672 LI.
548 1608 676 1682 versarat
698 1609 762 1668 wad
784 1609 1021 1668 wabraclveialicb
1043 1610 1118 1667 aacb
1138 1609 1330 1681 pescbrieben.

380 1814 441 1895 (O.)
471 1813 510 1878 In
538 1813 670 1878 nomine
700 1822 834 1877 sanctae
862 1820 895 1875 et
922 1810 1111 1875 individuae
1140 1812 1303 1875 trinitatis.
1350 1811 1428 1876 Otto
1457 1812 1568 1877 divina
1597 1814 1725 1878 favente
1752 1815 1924 1881 clementia

271 1910 456 2003 inperator
479 1925 647 2000 angustus.
733 1914 856 1980 Notum
874 1914 1113 1979 essevolumus
1137 1914 1288 1979 omnibus
1310 1915 1461 1981 fidelibus
1485 1919 1604 1981 nostris
1628 1928 1693 1982 tarn
1718 1921 1922 2003 presentibus

270 2036 377 2102 quam
399 2022 528 2104 futuris,
552 2019 691 2106 qualiter
711 2040 773 2084 nos
798 2017 838 2082 ob
861 2020 1078 2082 interventum
1100 2018 1209 2082 fratris
1232 2020 1334 2083 nostri
1358 2018 1467 2083 dilecti
1486 2020 1649 2085 Brunonis
1672 2031 1704 2085 et
1726 2022 1922 2087 venerabilis

269 2120 408 2191 abbatis
436 2124 580 2191 Luidolfi
610 2146 669 2210 pro
697 2125 827 2189 animae
857 2131 989 2186 nostrae
1017 2124 1185 2207 patrisque
1212 2124 1315 2186 nostri
1344 2122 1489 2187 Heinrici
1518 2124 1661 2188 remedio
1689 2147 1749 2189 nec
1772 2148 1839 2190 non
1862 2149 1921 2211 pro

204 2219 242 2271 ¹5
267 2223 502 2295 incolumitate
531 2229 773 2293 amantissimae
801 2227 914 2291 matris
943 2235 1073 2289 nostrae
1096 2224 1275 2289 Mahtildae
1298 2235 1330 2290 et
1357 2224 1586 2291 dilectissimae
1615 2230 1762 2312 coniugis
1791 2240 1921 2294 nostrae

264 2326 468 2398 Adelheidis
492 2333 708 2418 imperatricis
732 2339 890 2416 augustae
912 2329 1034 2414 filiique
1056 2331 1158 2393 nostri
1182 2331 1342 2394 carissimi
1367 2327 1499 2394 Ottonis
1522 2331 1687 2416 quandam
1713 2335 1922 2417 proprietatis

261 2448 409 2503 nostrae
439 2447 561 2502 curtem
588 2435 833 2521 Bodincthorpe
862 2435 1000 2515 dictam,
1036 2434 1067 2497 in
1095 2455 1181 2518 pago
1204 2433 1345 2516 Nithega
1368 2434 1401 2496 in
1424 2435 1579 2498 comitatu
1602 2435 1745 2500 Luidolfi
1769 2437 1921 2502 advocati

259 2541 382 2624 sitam,
407 2563 506 2628 quam
528 2542 597 2606 iure
618 2539 814 2604 hereditario
837 2539 1035 2623 accepimus,
1059 2560 1134 2602 cum
1158 2536 1308 2601 omnibus
1332 2537 1470 2602 adeam
1493 2539 1728 2622 pertinentibus
1751 2543 1921 2626 mancipiis

256 2647 445 2730 utriusque
468 2666 567 2709 sexus
589 2645 675 2708 areis
698 2643 785 2726 agris
808 2642 910 2726 pratis
934 2641 1064 2725 pascuis
1088 2640 1182 2726 aquis
1212 2661 1434 2726 aquarumque
1464 2639 1656 2705 decursibus
1686 2642 1921 2725 piscationibus

204 2748 231 2795 ⁰
255 2748 367 2813 silvis
390 2749 456 2812 viis
478 2757 511 2812 et
532 2748 630 2812 inviis
652 2744 795 2809 exitibus
817 2754 849 2809 et
871 2743 1027 2808 reditibus
1051 2745 1185 2828 quesitis
1209 2754 1241 2807 et
1262 2744 1479 2829 inquirendis,
1506 2745 1549 2809 ad
1572 2748 1804 2811 monasterium
1828 2769 1921 2812 sanc-

253 2858 381 2917 torum
405 2859 586 2936 martyrum
609 2848 766 2933 Stephani
788 2857 886 2934 atque
908 2846 976 2912 Uiti
999 2845 1088 2933 quod
1110 2845 1251 2911 Corbeia
1272 2857 1493 2934 nuncupatur,
1528 2851 1563 2913 in
1590 2853 1757 2934 proprium
1787 2850 1920 2914 donavi·

252 2976 362 3038 mus,
393 2976 434 3020 ea
462 2953 616 3019 videlicet
643 2955 769 3018 ratione
797 2959 833 3016 ut
860 2952 1005 3037 prefatus
1034 2950 1138 3015 abbas
1167 2953 1280 3037 suique
1303 2974 1510 3018 successores
1532 2953 1668 3018 liberam
1692 2954 1809 3018 deinde
1831 2964 1920 3039 pote·

254 3068 394 3124 statem
422 3057 566 3122 babeant
593 3055 731 3120 eandem
757 3063 880 3120 curtem
902 3053 1146 3139 Bodincthorpe
1175 3077 1249 3119 cum
1280 3055 1429 3121 omnibus
1460 3057 1526 3121 suis
1555 3056 1759 3141 appendiciis
1788 3058 1918 3122 tenendi

253 3161 467 3249 possidendi
483 3171 516 3225 ct
529 3159 751 3226 commutandi
767 3157 819 3224 vel
836 3157 994 3245 quidquid
1010 3157 1071 3222 sibi
1087 3157 1218 3223 libuerit
1232 3158 1307 3223 inde
1322 3161 1356 3222 in
1372 3182 1466 3224 usum
1485 3159 1643 3225 ecclesiae
1667 3183 1744 3224 suae
1768 3161 1919 3225 faciendi.

204 3275 228 3323 5
255 3265 317 3332 Et
339 3275 378 3330 nt
400 3265 460 3330 bec
482 3272 614 3330 nostrae
636 3262 814 3348 imperialis
836 3261 1076 3328 munificentiae
1099 3265 1268 3327 concessio
1299 3285 1357 3347 per
1385 3285 1579 3348 processura
1609 3272 1792 3347 temporum
1822 3266 1920 3328 curri-

258 3367 351 3433 cula
374 3388 504 3452 semper
527 3365 654 3431 stabilis
677 3375 709 3430 et
729 3364 924 3429 inconvulsa
947 3375 1144 3450 permaneat,
1168 3363 1253 3429 hanc
1277 3375 1401 3430 cartam
1423 3389 1522 3430 manu
1544 3367 1795 3432 nostra‘subtus
1813 3367 1920 3431 firma·

259 3481 343 3537 tam
364 3469 441 3535 inde
463 3468 627 3535 conscribi
649 3477 682 3533 et
703 3467 792 3534 anuli
814 3469 917 3532 nostri
939 3469 1153 3552 impressione
1176 3467 1380 3532 corroborari
1403 3470 1566 3534 iussimus.

379 3627 516 3711 Signum
538 3625 649 3690 domni
673 3622 804 3689 Ottonis
829 3626 894 3705 (Μ.)
918 3625 1026 3707 magni
1049 3633 1081 3687 et
1104 3625 1309 3688 invictissimi
1333 3626 1539 3709 imperatoris
1561 3628 1700 3710 augusti.

378 3728 553 3795 Liudrdfus
576 3726 790 3794 cancellarius
814 3728 963 3792 advicem
990 3727 1153 3790 Brunonis
1182 3726 1438 3811 archicapellani
1466 3732 1641 3812 recognovi
1671 3740 1702 3794 et
1730 3730 1919 3815 subscripsi.

204 3839 237 3887 Ιο
1778 3834 1921 3912 (sra.)v

377 3972 468 4036 Data
492 3988 538 4035 vl.
561 3971 604 4036 id.
628 3971 706 4037 iunii
729 3992 815 4034 anno
840 3969 1022 4034 dominicae
1044 3970 1279 4034 incarnationis
1303 3987 1492 4053 nccccnxv,
1520 3954 1697 4035 indictione
1723 3988 1800 4053 vm,
1828 3974 1917 4056 regni

274 4083 384 4140 autem
413 4077 609 4141 serenissimi
639 4075 844 4160 imperatoris
873 4076 1003 4159 augusti
1033 4073 1164 4138 Ottonis
1193 4091 1282 4156 xxx3
1316 4083 1426 4139 actum
1456 4072 1610 4155 Colonia3
1646 4075 1677 4136 in
1708 4072 1759 4137 dei
1789 4076 1918 4139 nomine

267 4174 412 4245 feliciter
436 4202 543 4246 amen.

1055 4384 1139 4456 293.

204 4553 222 4598 ⁵
272 4533 366 4612 Ono
391 4539 533 4616 scbcalct
557 4540 627 4614 deu
654 4540 828 4614 Brs'tdern
855 4540 919 4613 der
945 4539 1181 4613 Morizlcirclrc
1207 4567 1252 4612 aa
1279 4539 1506 4639 Mcpdebarp
1533 4541 1590 4613 dic
1617 4538 1741 4614 strada
1771 4541 1918 4639 Loburp
2013 4647 2017 4655 Ι

253 4659 357 4732 mul
378 4659 668 4737 Grosslucltltet'm.
1451 4681 1613 4755 Dcmbarp
1636 4685 1697 4742 965
1722 4683 1801 4742 June?
1824 4688 1874 4743 17.

381 4868 628 4942 Oriyinald-rplom
650 4869 693 4927 inv
714 4870 742 4928 k.
762 4868 963 4928 Stactsurcbic
984 4887 1025 4927 aa
1046 4869 1151 4927 Berlin
1175 4867 1237 4946 (A).

378 5008 583 5083 Spaapenbuy
605 5009 785 5082 Hervaebrrp.
804 5005 949 5070 Chronica
972 5011 1015 5068 cst.
1035 5018 1059 5080 Ι,
1085 5013 1126 5070 64
1149 5013 1220 5084 Rep.
1244 5028 1301 5070 aas
1323 5010 1485 5082 Absclvrist.
1510 5047 1550 5054 -
1574 5014 1692 5071 herber
1705 5013 1917 5086 nequisse

372 5112 465 5185 palae
479 5112 588 5172 Saxon.
612 5117 817 5172 a⁰1601aas
833 5114 860 5170 A
886 5139 923 5166 --
948 5115 1051 5189 Lttnip
1066 5113 1134 5174 BA.
1152 5110 1215 5186 10⁶,
1240 5118 1302 5175 345
1321 5121 1355 5171 πθ
1369 5119 1420 5175 17.
1443 5149 1485 5157 -
1508 5114 1690 5188 Sagittarius
1707 5115 1776 5175 Ant.
1795 5115 1917 5189 Μαράθ-

204 5284 216 5331 l
362 5295 418 5352 m.
445 5300 469 5363 c)
487 5299 504 5350 d
522 5315 587 5350 corr.
605 5316 654 5351 aar
671 5315 695 5353 a.

361 5400 417 5456 Μ.
446 5401 557 5472 [Uhlirn]
663 5405 688 5469 a)
704 5419 733 5454 ao
749 5403 817 5455 acels
834 5404 882 5456 der
899 5404 1045 5470 Atttldanq
1062 5406 1090 5454 in
1108 5404 1139 5455 A.

321 5506 520 5558 :meminus
535 5514 554 5556 1.
