<?xml version="1.0" encoding="UTF-8"?>
<!DOCTYPE html PUBLIC "-//W3C//DTD XHTML 1.0 Transitional//EN"
    "http://www.w3.org/TR/xhtml1/DTD/xhtml1-transitional.dtd">
<html xmlns="http://www.w3.org/1999/xhtml" xml:lang="en" lang="en">
 <head>
  <title>
</title>
<meta http-equiv="Content-Type" content="text/html;charset=utf-8" />
  <meta name='ocr-system' content='tesseract 3.04.00' />
  <meta name='ocr-capabilities' content='ocr_page ocr_carea ocr_par ocr_line ocrx_word'/>
</head>
<body>
  <div class='ocr_page' id='page_1' title='image "./conradiiheinric00ottogoog_0058.png"; bbox 0 0 4298 6414; ppageno 0'>
   <div class='ocr_carea' id='block_1_1' title="bbox 221 239 1272 304">
    <p class='ocr_par' dir='ltr' id='par_1_1' title="bbox 221 239 1272 304">
     <span class='ocr_line' id='line_1_1' title="bbox 221 239 1272 304; baseline -0.007 0"><span class='ocrx_word' id='word_1_1' title='bbox 221 239 264 304; x_wconf 76' lang='lat'><strong>26</strong></span> <span class='ocrx_word' id='word_1_2' title='bbox 820 245 1272 302; x_wconf 76' lang='lat' dir='ltr'><strong>Kalsnnuunua‘nnu.</strong></span> 
     </span>
    </p>
   </div>
   <div class='ocr_carea' id='block_1_2' title="bbox 223 422 1920 1549">
    <p class='ocr_par' dir='ltr' id='par_1_2' title="bbox 223 422 1920 1549">
     <span class='ocr_line' id='line_1_2' title="bbox 223 422 1866 513; baseline -0.004 -19"><span class='ocrx_word' id='word_1_3' title='bbox 223 429 371 513; x_wconf 89' lang='lat' dir='ltr'><strong>Herigeri</strong></span> <span class='ocrx_word' id='word_1_4' title='bbox 394 427 548 492; x_wconf 86' lang='lat' dir='ltr'><strong>videlicet</strong></span> <span class='ocrx_word' id='word_1_5' title='bbox 569 437 601 491; x_wconf 93' lang='lat' dir='ltr'><strong>et</strong></span> <span class='ocrx_word' id='word_1_6' title='bbox 623 425 820 507; x_wconf 87' lang='lat' dir='ltr'><strong>Tbiodonis,</strong></span> <span class='ocrx_word' id='word_1_7' title='bbox 851 425 1003 492; x_wconf 80' lang='lat' dir='ltr'><strong>Albwino</strong></span> <span class='ocrx_word' id='word_1_8' title='bbox 1032 423 1158 489; x_wconf 80' lang='lat' dir='ltr'><strong>vasallo</strong></span> <span class='ocrx_word' id='word_1_9' title='bbox 1189 427 1291 510; x_wconf 89' lang='lat' dir='ltr'><strong>ipsius</strong></span> <span class='ocrx_word' id='word_1_10' title='bbox 1321 426 1467 508; x_wconf 79' lang='lat' dir='ltr'>episcopi</span> <span class='ocrx_word' id='word_1_11' title='bbox 1493 424 1673 488; x_wconf 85' lang='lat' dir='ltr'><strong>Tbiodonis</strong></span> <span class='ocrx_word' id='word_1_12' title='bbox 1703 422 1866 507; x_wconf 77' lang='lat' dir='ltr'><strong>quoddam</strong></span> 
     </span>
     <span class='ocr_line' id='line_1_3' title="bbox 223 526 1867 617; baseline -0.004 -20"><span class='ocrx_word' id='word_1_13' title='bbox 223 533 388 617; x_wconf 89' lang='lat' dir='ltr'><strong>proprium</strong></span> <span class='ocrx_word' id='word_1_14' title='bbox 412 532 491 595; x_wconf 92' lang='lat' dir='ltr'><strong>iuris</strong></span> <span class='ocrx_word' id='word_1_15' title='bbox 507 530 609 594; x_wconf 79' lang='lat' dir='ltr'>nostri</span> <span class='ocrx_word' id='word_1_16' title='bbox 625 531 657 593; x_wconf 93' lang='lat' dir='ltr'><strong>in</strong></span> <span class='ocrx_word' id='word_1_17' title='bbox 674 531 831 592; x_wconf 87' lang='lat' dir='ltr'><strong>comitatu</strong></span> <span class='ocrx_word' id='word_1_18' title='bbox 848 529 1007 594; x_wconf 85' lang='lat' dir='ltr'><strong>Hessonis</strong></span> <span class='ocrx_word' id='word_1_19' title='bbox 1023 531 1057 594; x_wconf 90' lang='lat' dir='ltr'><strong>in</strong></span> <span class='ocrx_word' id='word_1_20' title='bbox 1072 552 1158 614; x_wconf 89' lang='lat' dir='ltr'><strong>pago</strong></span> <span class='ocrx_word' id='word_1_21' title='bbox 1175 526 1365 593; x_wconf 73' lang='lat' dir='ltr'><strong>Folclrscltl</strong></span> <span class='ocrx_word' id='word_1_22' title='bbox 1385 530 1418 593; x_wconf 92' lang='lat' dir='ltr'><strong>in</strong></span> <span class='ocrx_word' id='word_1_23' title='bbox 1435 528 1738 593; x_wconf 82' lang='lat' dir='ltr'><strong>Geroldesheimero</strong></span> <span class='ocrx_word' id='word_1_24' title='bbox 1757 549 1867 592; x_wconf 87' lang='lat' dir='ltr'><strong>marcu</strong></span> 
     </span>
     <span class='ocr_line' id='line_1_4' title="bbox 223 630 1868 717; baseline -0.001 -19"><span class='ocrx_word' id='word_1_25' title='bbox 223 634 331 699; x_wconf 91' lang='lat' dir='ltr'><strong>locum</strong></span> <span class='ocrx_word' id='word_1_26' title='bbox 357 656 455 698; x_wconf 90' lang='lat' dir='ltr'><strong>unum</strong></span> <span class='ocrx_word' id='word_1_27' title='bbox 484 632 633 697; x_wconf 87' lang='lat' dir='ltr'><strong>Svlzifclt</strong></span> <span class='ocrx_word' id='word_1_28' title='bbox 664 643 884 717; x_wconf 79' lang='lat' dir='ltr'><strong>nttncupatum</strong></span> <span class='ocrx_word' id='word_1_29' title='bbox 916 655 990 697; x_wconf 93' lang='lat' dir='ltr'><strong>cum</strong></span> <span class='ocrx_word' id='word_1_30' title='bbox 1021 633 1158 697; x_wconf 87' lang='lat' dir='ltr'><strong>edificiis</strong></span> <span class='ocrx_word' id='word_1_31' title='bbox 1188 634 1282 697; x_wconf 89' lang='lat' dir='ltr'><strong>terris</strong></span> <span class='ocrx_word' id='word_1_32' title='bbox 1310 633 1406 696; x_wconf 92' lang='lat' dir='ltr'><strong>cultis</strong></span> <span class='ocrx_word' id='word_1_33' title='bbox 1435 642 1465 696; x_wconf 92' lang='lat' dir='ltr'><strong>ct</strong></span> <span class='ocrx_word' id='word_1_34' title='bbox 1494 630 1624 696; x_wconf 91' lang='lat' dir='ltr'><strong>incultis</strong></span> <span class='ocrx_word' id='word_1_35' title='bbox 1652 633 1740 716; x_wconf 87' lang='lat' dir='ltr'><strong>agris</strong></span> <span class='ocrx_word' id='word_1_36' title='bbox 1766 631 1868 716; x_wconf 87' lang='lat' dir='ltr'><strong>pratis</strong></span> 
     </span>
     <span class='ocr_line' id='line_1_5' title="bbox 223 735 1868 822; baseline -0.002 -20"><span class='ocrx_word' id='word_1_37' title='bbox 223 739 348 822; x_wconf 90' lang='lat' dir='ltr'><strong>campis</strong></span> <span class='ocrx_word' id='word_1_38' title='bbox 378 736 470 801; x_wconf 91' lang='lat' dir='ltr'><strong>silvis</strong></span> <span class='ocrx_word' id='word_1_39' title='bbox 498 738 629 821; x_wconf 80' lang='lat' dir='ltr'><strong>pascuis</strong></span> <span class='ocrx_word' id='word_1_40' title='bbox 657 738 751 821; x_wconf 89' lang='lat' dir='ltr'><strong>aquis</strong></span> <span class='ocrx_word' id='word_1_41' title='bbox 777 747 1022 822; x_wconf 74' lang='lat' dir='ltr'><strong>aquarumquee</strong></span> <span class='ocrx_word' id='word_1_42' title='bbox 1051 736 1241 801; x_wconf 81' lang='lat' dir='ltr'><strong>decursibus</strong></span> <span class='ocrx_word' id='word_1_43' title='bbox 1264 738 1326 800; x_wconf 86' lang='lat' dir='ltr'><strong>viis</strong></span> <span class='ocrx_word' id='word_1_44' title='bbox 1349 746 1381 800; x_wconf 91' lang='lat' dir='ltr'><strong>et</strong></span> <span class='ocrx_word' id='word_1_45' title='bbox 1404 737 1499 800; x_wconf 74' lang='lat' dir='ltr'><strong>inviis</strong></span> <span class='ocrx_word' id='word_1_46' title='bbox 1521 735 1662 799; x_wconf 84' lang='lat' dir='ltr'><strong>exitibus</strong></span> <span class='ocrx_word' id='word_1_47' title='bbox 1684 745 1717 800; x_wconf 90' lang='lat' dir='ltr'><strong>et</strong></span> <span class='ocrx_word' id='word_1_48' title='bbox 1739 735 1868 800; x_wconf 90' lang='lat' dir='ltr'><strong>redditi-</strong></span> 
     </span>
     <span class='ocr_line' id='line_1_6' title="bbox 223 838 1900 928; baseline -0.002 -22"><span class='ocrx_word' id='word_1_49' title='bbox 223 842 285 906; x_wconf 90' lang='lat' dir='ltr'><strong>bus</strong></span> <span class='ocrx_word' id='word_1_50' title='bbox 308 843 444 928; x_wconf 86' lang='lat' dir='ltr'><strong>quesitis</strong></span> <span class='ocrx_word' id='word_1_51' title='bbox 466 851 500 905; x_wconf 92' lang='lat' dir='ltr'><strong>et</strong></span> <span class='ocrx_word' id='word_1_52' title='bbox 522 840 722 926; x_wconf 82' lang='lat' dir='ltr'><strong>inquirendis</strong></span> <span class='ocrx_word' id='word_1_53' title='bbox 746 840 960 925; x_wconf 87' lang='lat' dir='ltr'><strong>omnibusque</strong></span> <span class='ocrx_word' id='word_1_54' title='bbox 981 840 1079 905; x_wconf 91' lang='lat' dir='ltr'><strong>rebus</strong></span> <span class='ocrx_word' id='word_1_55' title='bbox 1101 840 1145 904; x_wconf 89' lang='lat' dir='ltr'><strong>ad</strong></span> <span class='ocrx_word' id='word_1_56' title='bbox 1167 840 1305 904; x_wconf 89' lang='lat' dir='ltr'><strong>eundem</strong></span> <span class='ocrx_word' id='word_1_57' title='bbox 1334 840 1441 904; x_wconf 92' lang='lat' dir='ltr'><strong>locum</strong></span> <span class='ocrx_word' id='word_1_58' title='bbox 1468 841 1529 903; x_wconf 90' lang='lat' dir='ltr'><strong>rite</strong></span> <span class='ocrx_word' id='word_1_59' title='bbox 1557 838 1776 924; x_wconf 90' lang='lat' dir='ltr'><strong>legittimeque</strong></span> <span class='ocrx_word' id='word_1_60' title='bbox 1799 851 1900 923; x_wconf 84' lang='lat' dir='ltr'><strong>per-5</strong></span> 
     </span>
     <span class='ocr_line' id='line_1_7' title="bbox 224 942 1870 1029; baseline -0.002 -19"><span class='ocrx_word' id='word_1_61' title='bbox 224 945 401 1010; x_wconf 90' lang='lat' dir='ltr'><strong>tinentibus</strong></span> <span class='ocrx_word' id='word_1_62' title='bbox 422 947 455 1009; x_wconf 96' lang='lat' dir='ltr'><strong>in</strong></span> <span class='ocrx_word' id='word_1_63' title='bbox 476 946 708 1029; x_wconf 88' lang='lat' dir='ltr'><strong>proprietatem</strong></span> <span class='ocrx_word' id='word_1_64' title='bbox 731 943 935 1009; x_wconf 81' lang='lat' dir='ltr'><strong>donavimus.</strong></span> <span class='ocrx_word' id='word_1_65' title='bbox 964 945 1122 1009; x_wconf 84' lang='lat' dir='ltr'><strong>iussimus</strong></span> <span class='ocrx_word' id='word_1_66' title='bbox 1137 967 1266 1029; x_wconf 90' lang='lat' dir='ltr'><strong>quoquc</strong></span> <span class='ocrx_word' id='word_1_67' title='bbox 1282 953 1471 1028; x_wconf 74' lang='lat' dir='ltr'><strong>preceptum</strong></span> <span class='ocrx_word' id='word_1_68' title='bbox 1487 943 1549 1007; x_wconf 90' lang='lat' dir='ltr'><strong>hoc</strong></span> <span class='ocrx_word' id='word_1_69' title='bbox 1564 942 1746 1027; x_wconf 78' lang='lat' dir='ltr'><strong>largitionis</strong></span> <span class='ocrx_word' id='word_1_70' title='bbox 1761 952 1870 1007; x_wconf 89' lang='lat' dir='ltr'><strong>nostre</strong></span> 
     </span>
     <span class='ocr_line' id='line_1_8' title="bbox 224 1043 1869 1132; baseline -0.003 -18"><span class='ocrx_word' id='word_1_71' title='bbox 224 1049 300 1114; x_wconf 90' lang='lat' dir='ltr'><strong>inde</strong></span> <span class='ocrx_word' id='word_1_72' title='bbox 323 1047 484 1113; x_wconf 85' lang='lat' dir='ltr'><strong>conscribi</strong></span> <span class='ocrx_word' id='word_1_73' title='bbox 509 1070 568 1132; x_wconf 92' lang='lat' dir='ltr'><strong>per</strong></span> <span class='ocrx_word' id='word_1_74' title='bbox 589 1047 678 1132; x_wconf 91' lang='lat' dir='ltr'><strong>quod</strong></span> <span class='ocrx_word' id='word_1_75' title='bbox 700 1046 851 1111; x_wconf 92' lang='lat' dir='ltr'><strong>volumus</strong></span> <span class='ocrx_word' id='word_1_76' title='bbox 873 1047 1071 1132; x_wconf 81' lang='lat' dir='ltr'><strong>firmiterque</strong></span> <span class='ocrx_word' id='word_1_77' title='bbox 1094 1046 1252 1127; x_wconf 86' lang='lat' dir='ltr'><strong>iubemus,</strong></span> <span class='ocrx_word' id='word_1_78' title='bbox 1276 1049 1428 1132; x_wconf 84' lang='lat' dir='ltr'><strong>quatinus</strong></span> <span class='ocrx_word' id='word_1_79' title='bbox 1451 1047 1596 1130; x_wconf 86' lang='lat' dir='ltr'><strong>prefatus</strong></span> <span class='ocrx_word' id='word_1_80' title='bbox 1614 1043 1808 1110; x_wconf 74' lang='lat' dir='ltr'><strong>Albwinuss</strong></span> <span class='ocrx_word' id='word_1_81' title='bbox 1828 1046 1869 1109; x_wconf 88' lang='lat' dir='ltr'><strong>ab</strong></span> 
     </span>
     <span class='ocr_line' id='line_1_9' title="bbox 223 1149 1870 1235; baseline -0.002 -18"><span class='ocrx_word' id='word_1_82' title='bbox 223 1153 380 1217; x_wconf 89' lang='lat' dir='ltr'><strong>hodierna</strong></span> <span class='ocrx_word' id='word_1_83' title='bbox 411 1152 464 1216; x_wconf 91' lang='lat' dir='ltr'><strong>dic</strong></span> <span class='ocrx_word' id='word_1_84' title='bbox 487 1152 666 1235; x_wconf 72' lang='lat' dir='ltr'><strong>deinceps¹</strong></span> <span class='ocrx_word' id='word_1_85' title='bbox 692 1151 732 1216; x_wconf 88' lang='lat' dir='ltr'><strong>de</strong></span> <span class='ocrx_word' id='word_1_86' title='bbox 755 1153 828 1235; x_wconf 86' lang='lat' dir='ltr'><strong>ipsa</strong></span> <span class='ocrx_word' id='word_1_87' title='bbox 849 1151 1049 1235; x_wconf 83' lang='lat' dir='ltr'><strong>proprietate</strong></span> <span class='ocrx_word' id='word_1_88' title='bbox 1072 1149 1208 1215; x_wconf 87' lang='lat' dir='ltr'><strong>liberam</strong></span> <span class='ocrx_word' id='word_1_89' title='bbox 1234 1163 1332 1235; x_wconf 90' lang='lat' dir='ltr'><strong>atque</strong></span> <span class='ocrx_word' id='word_1_90' title='bbox 1362 1171 1510 1214; x_wconf 82' lang='lat' dir='ltr'><strong>securam</strong></span> <span class='ocrx_word' id='word_1_91' title='bbox 1538 1158 1647 1212; x_wconf 84' lang='lat' dir='ltr'><strong>teneat</strong></span> <span class='ocrx_word' id='word_1_92' title='bbox 1675 1158 1870 1233; x_wconf 88' lang='lat' dir='ltr'><strong>potestatem</strong></span> 
     </span>
     <span class='ocr_line' id='line_1_10' title="bbox 224 1252 1871 1339; baseline -0.002 -19"><span class='ocrx_word' id='word_1_93' title='bbox 224 1256 366 1321; x_wconf 90' lang='lat' dir='ltr'><strong>habendi</strong></span> <span class='ocrx_word' id='word_1_94' title='bbox 396 1256 538 1320; x_wconf 91' lang='lat' dir='ltr'><strong>donandi</strong></span> <span class='ocrx_word' id='word_1_95' title='bbox 567 1254 730 1319; x_wconf 87' lang='lat' dir='ltr'><strong>vendendi</strong></span> <span class='ocrx_word' id='word_1_96' title='bbox 758 1253 969 1318; x_wconf 89' lang='lat' dir='ltr'><strong>conmutandi</strong></span> <span class='ocrx_word' id='word_1_97' title='bbox 997 1252 1050 1317; x_wconf 91' lang='lat' dir='ltr'><strong>vel</strong></span> <span class='ocrx_word' id='word_1_98' title='bbox 1078 1253 1233 1339; x_wconf 91' lang='lat' dir='ltr'><strong>quicquid</strong></span> <span class='ocrx_word' id='word_1_99' title='bbox 1260 1253 1321 1318; x_wconf 93' lang='lat' dir='ltr'><strong>sibi</strong></span> <span class='ocrx_word' id='word_1_100' title='bbox 1345 1253 1475 1318; x_wconf 89' lang='lat' dir='ltr'><strong>libuerit</strong></span> <span class='ocrx_word' id='word_1_101' title='bbox 1497 1252 1616 1317; x_wconf 84' lang='lat' dir='ltr'><strong>exinde</strong></span> <span class='ocrx_word' id='word_1_102' title='bbox 1638 1252 1789 1316; x_wconf 89' lang='lat' dir='ltr'><strong>faciendi.</strong></span> <span class='ocrx_word' id='word_1_103' title='bbox 1828 1253 1871 1316; x_wconf 86' lang='lat' dir='ltr'><strong>Et</strong></span> 
     </span>
     <span class='ocr_line' id='line_1_11' title="bbox 225 1355 1920 1444; baseline -0.002 -20"><span class='ocrx_word' id='word_1_104' title='bbox 225 1371 261 1424; x_wconf 92' lang='lat' dir='ltr'><strong>ut</strong></span> <span class='ocrx_word' id='word_1_105' title='bbox 282 1360 345 1424; x_wconf 91' lang='lat' dir='ltr'><strong>hoc</strong></span> <span class='ocrx_word' id='word_1_106' title='bbox 368 1369 557 1444; x_wconf 90' lang='lat' dir='ltr'><strong>preceptum</strong></span> <span class='ocrx_word' id='word_1_107' title='bbox 580 1360 706 1423; x_wconf 82' lang='lat' dir='ltr'><strong>firmum</strong></span> <span class='ocrx_word' id='word_1_108' title='bbox 730 1357 912 1443; x_wconf 89' lang='lat' dir='ltr'><strong>stabileque</strong></span> <span class='ocrx_word' id='word_1_109' title='bbox 935 1366 1135 1442; x_wconf 88' lang='lat' dir='ltr'><strong>permaneat,</strong></span> <span class='ocrx_word' id='word_1_110' title='bbox 1158 1380 1257 1423; x_wconf 89' lang='lat' dir='ltr'><strong>manu</strong></span> <span class='ocrx_word' id='word_1_111' title='bbox 1279 1355 1417 1422; x_wconf 65' lang='lat' dir='ltr'><strong>nostrat</strong></span> <span class='ocrx_word' id='word_1_112' title='bbox 1438 1356 1552 1422; x_wconf 89' lang='lat' dir='ltr'><strong>subtus</strong></span> <span class='ocrx_word' id='word_1_113' title='bbox 1575 1357 1655 1423; x_wconf 92' lang='lat' dir='ltr'><strong>illud</strong></span> <span class='ocrx_word' id='word_1_114' title='bbox 1670 1357 1871 1422; x_wconf 88' lang='lat' dir='ltr'><strong>firmavimus</strong></span> <span class='ocrx_word' id='word_1_115' title='bbox 1891 1366 1920 1412; x_wconf 88' lang='lat' dir='ltr'><strong>to</strong></span> 
     </span>
     <span class='ocr_line' id='line_1_12' title="bbox 225 1461 926 1549; baseline -0.006 -20"><span class='ocrx_word' id='word_1_116' title='bbox 225 1464 388 1549; x_wconf 89' lang='lat' dir='ltr'><strong>anuloque</strong></span> <span class='ocrx_word' id='word_1_117' title='bbox 410 1472 522 1528; x_wconf 91' lang='lat' dir='ltr'><strong>nostro</strong></span> <span class='ocrx_word' id='word_1_118' title='bbox 546 1461 688 1547; x_wconf 85' lang='lat' dir='ltr'><strong>sigillare</strong></span> <span class='ocrx_word' id='word_1_119' title='bbox 712 1462 926 1547; x_wconf 86' lang='lat' dir='ltr'><strong>precepimus.</strong></span> 
     </span>
    </p>
   </div>
   <div class='ocr_carea' id='block_1_3' title="bbox 328 1596 1716 1787">
    <p class='ocr_par' dir='ltr' id='par_1_3' title="bbox 328 1596 1716 1787">
     <span class='ocr_line' id='line_1_13' title="bbox 329 1596 1203 1684; baseline -0.003 -20"><span class='ocrx_word' id='word_1_120' title='bbox 329 1600 464 1684; x_wconf 83' lang='lat' dir='ltr'><strong>Signum</strong></span> <span class='ocrx_word' id='word_1_121' title='bbox 488 1599 597 1665; x_wconf 91' lang='lat' dir='ltr'><strong>domni</strong></span> <span class='ocrx_word' id='word_1_122' title='bbox 621 1599 765 1664; x_wconf 64' lang='lat' dir='ltr'><strong>cunradi</strong></span> <span class='ocrx_word' id='word_1_123' title='bbox 788 1596 1005 1664; x_wconf 77' lang='lat' dir='ltr'><strong>serenissimii</strong></span> <span class='ocrx_word' id='word_1_124' title='bbox 1027 1599 1114 1683; x_wconf 92' lang='lat' dir='ltr'><strong>regis</strong></span> <span class='ocrx_word' id='word_1_125' title='bbox 1138 1600 1203 1677; x_wconf 76' lang='grc' dir='ltr'>(Μ.)</span> 
     </span>
     <span class='ocr_line' id='line_1_14' title="bbox 328 1701 1716 1787; baseline 0.002 -20"><span class='ocrx_word' id='word_1_126' title='bbox 328 1702 484 1767; x_wconf 89' lang='lat' dir='ltr'><strong>Salomon</strong></span> <span class='ocrx_word' id='word_1_127' title='bbox 506 1702 723 1767; x_wconf 88' lang='lat' dir='ltr'><strong>cancellarius</strong></span> <span class='ocrx_word' id='word_1_128' title='bbox 743 1702 894 1767; x_wconf 89' lang='lat' dir='ltr'><strong>advioem</strong></span> <span class='ocrx_word' id='word_1_129' title='bbox 916 1701 1072 1787; x_wconf 91' lang='lat' dir='ltr'><strong>Piligrimi</strong></span> <span class='ocrx_word' id='word_1_130' title='bbox 1095 1701 1350 1786; x_wconf 85' lang='lat' dir='ltr'><strong>archicapellani</strong></span> <span class='ocrx_word' id='word_1_131' title='bbox 1374 1704 1550 1787; x_wconf 79' lang='lat' dir='ltr'><strong>recognovi</strong></span> <span class='ocrx_word' id='word_1_132' title='bbox 1573 1712 1606 1766; x_wconf 91' lang='lat' dir='ltr'><strong>et</strong></span> <span class='ocrx_word' id='word_1_133' title='bbox 1634 1703 1716 1780; x_wconf 73' lang='lat' dir='ltr'><strong>(snt</strong></span> 
     </span>
    </p>
   </div>
   <div class='ocr_carea' id='block_1_4' title="bbox 226 1836 1924 2112">
    <p class='ocr_par' dir='ltr' id='par_1_4' title="bbox 226 1836 1924 2112">
     <span class='ocr_line' id='line_1_15' title="bbox 328 1836 1872 1921; baseline -0.002 -17"><span class='ocrx_word' id='word_1_134' title='bbox 328 1841 417 1904; x_wconf 91' lang='lat' dir='ltr'><strong>Data</strong></span> <span class='ocrx_word' id='word_1_135' title='bbox 441 1857 514 1904; x_wconf 83' lang='lat' dir='ltr'><strong>vm.</strong></span> <span class='ocrx_word' id='word_1_136' title='bbox 543 1841 616 1905; x_wconf 90' lang='lat' dir='ltr'><strong>idus</strong></span> <span class='ocrx_word' id='word_1_137' title='bbox 645 1840 831 1905; x_wconf 84' lang='lat' dir='ltr'><strong>novembris</strong></span> <span class='ocrx_word' id='word_1_138' title='bbox 860 1863 947 1905; x_wconf 92' lang='lat' dir='ltr'><strong>anno</strong></span> <span class='ocrx_word' id='word_1_139' title='bbox 976 1841 1210 1905; x_wconf 91' lang='lat' dir='ltr'><strong>incarnationis</strong></span> <span class='ocrx_word' id='word_1_140' title='bbox 1239 1840 1360 1906; x_wconf 91' lang='lat' dir='ltr'><strong>domini</strong></span> <span class='ocrx_word' id='word_1_141' title='bbox 1392 1856 1560 1921; x_wconf 71' lang='lat' dir='ltr'><strong>mccccxv,</strong></span> <span class='ocrx_word' id='word_1_142' title='bbox 1592 1836 1795 1903; x_wconf 75' lang='lat' dir='ltr'><strong>indictionel</strong></span> <span class='ocrx_word' id='word_1_143' title='bbox 1822 1856 1872 1919; x_wconf 87' lang='lat'>111,</span> 
     </span>
     <span class='ocr_line' id='line_1_16' title="bbox 226 1942 1924 2029; baseline -0.002 -21"><span class='ocrx_word' id='word_1_144' title='bbox 226 1967 313 2009; x_wconf 91' lang='lat' dir='ltr'><strong>anno</strong></span> <span class='ocrx_word' id='word_1_145' title='bbox 336 1967 413 2008; x_wconf 93' lang='lat' dir='ltr'><strong>vero</strong></span> <span class='ocrx_word' id='word_1_146' title='bbox 437 1945 527 2028; x_wconf 89' lang='lat' dir='ltr'><strong>regni</strong></span> <span class='ocrx_word' id='word_1_147' title='bbox 551 1943 777 2029; x_wconf 86' lang='lat' dir='ltr'><strong>gloriosissimi</strong></span> <span class='ocrx_word' id='word_1_148' title='bbox 797 1945 883 2028; x_wconf 85' lang='lat' dir='ltr'><strong>regis</strong></span> <span class='ocrx_word' id='word_1_149' title='bbox 899 1943 1043 2009; x_wconf 82' lang='lat' dir='ltr'><strong>Cvnradi</strong></span> <span class='ocrx_word' id='word_1_150' title='bbox 1066 1961 1137 2023; x_wconf 78' lang='lat'>11113</span> <span class='ocrx_word' id='word_1_151' title='bbox 1159 1954 1268 2009; x_wconf 90' lang='lat' dir='ltr'><strong>actum</strong></span> <span class='ocrx_word' id='word_1_152' title='bbox 1287 1944 1376 2029; x_wconf 91' lang='lat' dir='ltr'><strong>apud</strong></span> <span class='ocrx_word' id='word_1_153' title='bbox 1392 1943 1434 2006; x_wconf 84' lang='lat' dir='ltr'>W</span> <span class='ocrx_word' id='word_1_154' title='bbox 1437 1942 1603 2028; x_wconf 82' lang='lat' dir='ltr'><strong>irzeburg3</strong></span> <span class='ocrx_word' id='word_1_155' title='bbox 1627 1945 1658 2006; x_wconf 93' lang='lat' dir='ltr'><strong>in</strong></span> <span class='ocrx_word' id='word_1_156' title='bbox 1675 1942 1726 2006; x_wconf 92' lang='lat' dir='ltr'><strong>dei</strong></span> <span class='ocrx_word' id='word_1_157' title='bbox 1742 1943 1873 2006; x_wconf 90' lang='lat' dir='ltr'><strong>nomine</strong></span> <span class='ocrx_word' id='word_1_158' title='bbox 1892 1949 1924 1994; x_wconf 72' lang='lat'><strong>15</strong></span> 
     </span>
     <span class='ocr_line' id='line_1_17' title="bbox 227 2046 494 2112; baseline -0.004 -1"><span class='ocrx_word' id='word_1_159' title='bbox 227 2046 364 2112; x_wconf 86' lang='lat' dir='ltr'><strong>feliciter</strong></span> <span class='ocrx_word' id='word_1_160' title='bbox 388 2069 494 2111; x_wconf 89' lang='lat' dir='ltr'><strong>amen.</strong></span> 
     </span>
    </p>
   </div>
   <div class='ocr_carea' id='block_1_5' title="bbox 1019 2269 1081 2344">
    <p class='ocr_par' dir='ltr' id='par_1_5' title="bbox 1019 2269 1081 2344">
     <span class='ocr_line' id='line_1_18' title="bbox 1019 2269 1081 2344; baseline 0.032 -2"><span class='ocrx_word' id='word_1_161' title='bbox 1019 2269 1081 2344; x_wconf 78' lang='lat'><strong>28.</strong></span> 
     </span>
    </p>
   </div>
   <div class='ocr_carea' id='block_1_6' title="bbox 225 2423 1828 2619">
    <p class='ocr_par' dir='ltr' id='par_1_6' title="bbox 225 2423 1828 2619">
     <span class='ocr_line' id='line_1_19' title="bbox 225 2423 1624 2524; baseline -0.004 -22"><span class='ocrx_word' id='word_1_162' title='bbox 225 2427 387 2508; x_wconf 73' lang='lat' dir='ltr'><strong>Koarorl</strong></span> <span class='ocrx_word' id='word_1_163' title='bbox 411 2425 552 2502; x_wconf 76' lang='lat' dir='ltr'><strong>sdantt</strong></span> <span class='ocrx_word' id='word_1_164' title='bbox 576 2426 707 2499; x_wconf 71' lang='lat' dir='ltr'><strong>sciaena</strong></span> <span class='ocrx_word' id='word_1_165' title='bbox 725 2424 909 2521; x_wconf 83' lang='lat' dir='ltr'><strong>Kupellon</strong></span> <span class='ocrx_word' id='word_1_166' title='bbox 936 2425 1112 2523; x_wconf 76' lang='lat' dir='ltr'><strong>Repinolf</strong></span> <span class='ocrx_word' id='word_1_167' title='bbox 1131 2425 1210 2497; x_wconf 84' lang='lat' dir='ltr'><strong>eine</strong></span> <span class='ocrx_word' id='word_1_168' title='bbox 1235 2424 1337 2524; x_wconf 84' lang='lat' dir='ltr'><strong>Hafe</strong></span> <span class='ocrx_word' id='word_1_169' title='bbox 1363 2451 1405 2497; x_wconf 82' lang='lat' dir='ltr'><strong>zu</strong></span> <span class='ocrx_word' id='word_1_170' title='bbox 1435 2423 1624 2522; x_wconf 74' lang='lat' dir='ltr'><strong>Berpbam.</strong></span> 
     </span>
     <span class='ocr_line' id='line_1_20' title="bbox 1427 2546 1828 2619; baseline -0.005 -12"><span class='ocrx_word' id='word_1_171' title='bbox 1427 2546 1600 2619; x_wconf 69' lang='lat' dir='ltr'><strong>Franksurt</strong></span> <span class='ocrx_word' id='word_1_172' title='bbox 1623 2553 1685 2609; x_wconf 84' lang='lat'><strong>916</strong></span> <span class='ocrx_word' id='word_1_173' title='bbox 1709 2549 1778 2607; x_wconf 80' lang='lat' dir='ltr'><strong>Mai</strong></span> <span class='ocrx_word' id='word_1_174' title='bbox 1801 2552 1828 2606; x_wconf 70' lang='lat' dir='ltr'><strong>t.</strong></span> 
     </span>
    </p>
   </div>
   <div class='ocr_carea' id='block_1_7' title="bbox 313 2736 1924 2920">
    <p class='ocr_par' dir='ltr' id='par_1_7' title="bbox 313 2736 1924 2920">
     <span class='ocr_line' id='line_1_21' title="bbox 334 2736 1924 2815; baseline -0.003 -17"><span class='ocrx_word' id='word_1_175' title='bbox 334 2739 581 2813; x_wconf 78' lang='lat' dir='ltr'><strong>Oripinoldiplom</strong></span> <span class='ocrx_word' id='word_1_176' title='bbox 604 2741 645 2797; x_wconf 84' lang='lat' dir='ltr'><strong>im</strong></span> <span class='ocrx_word' id='word_1_177' title='bbox 667 2740 693 2797; x_wconf 77' lang='lat' dir='ltr'><strong>k.</strong></span> <span class='ocrx_word' id='word_1_178' title='bbox 717 2739 926 2797; x_wconf 80' lang='lat' dir='ltr'><strong>Reiclrsorclrio</strong></span> <span class='ocrx_word' id='word_1_179' title='bbox 946 2756 986 2797; x_wconf 71' lang='lat' dir='ltr'><strong>aa</strong></span> <span class='ocrx_word' id='word_1_180' title='bbox 1010 2738 1160 2797; x_wconf 69' lang='lat' dir='ltr'><strong>Masclion</strong></span> <span class='ocrx_word' id='word_1_181' title='bbox 1183 2736 1246 2815; x_wconf 79' lang='lat' dir='ltr'><em>(A).</em></span> <span class='ocrx_word' id='word_1_182' title='bbox 1273 2771 1311 2782; x_wconf 96' lang='lat'>-</span> <span class='ocrx_word' id='word_1_183' title='bbox 1336 2737 1515 2812; x_wconf 80' lang='lat' dir='ltr'><strong>Copiolbacb</strong></span> <span class='ocrx_word' id='word_1_184' title='bbox 1536 2757 1592 2797; x_wconf 77' lang='lat' dir='ltr'><strong>rou</strong></span> <span class='ocrx_word' id='word_1_185' title='bbox 1614 2739 1726 2796; x_wconf 75' lang='lat' dir='ltr'><strong>Mdten</strong></span> <span class='ocrx_word' id='word_1_186' title='bbox 1753 2756 1816 2796; x_wconf 75' lang='lat' dir='ltr'><strong>tom</strong></span> <span class='ocrx_word' id='word_1_187' title='bbox 1840 2737 1872 2796; x_wconf 87' lang='lat' dir='ltr'><strong>J.</strong></span> <span class='ocrx_word' id='word_1_188' title='bbox 1892 2748 1924 2795; x_wconf 80' lang='lat'><strong>20</strong></span> 
     </span>
     <span class='ocr_line' id='line_1_22' title="bbox 313 2840 726 2920; baseline -0.01 -17"><span class='ocrx_word' id='word_1_189' title='bbox 313 2848 417 2904; x_wconf 62' lang='lat'><strong><em>‘1407</em></strong></span> <span class='ocrx_word' id='word_1_190' title='bbox 438 2842 462 2914; x_wconf 76' lang='lat' dir='ltr'><strong>s.</strong></span> <span class='ocrx_word' id='word_1_191' title='bbox 488 2842 640 2902; x_wconf 72' lang='lat' dir='ltr'><strong>tenenda</strong></span> <span class='ocrx_word' id='word_1_192' title='bbox 663 2842 674 2920; x_wconf 87' lang='lat'>(</span> <span class='ocrx_word' id='word_1_193' title='bbox 705 2840 726 2918; x_wconf 86' lang='grc'><strong>).</strong></span> 
     </span>
    </p>
   </div>
   <div class='ocr_carea' id='block_1_8' title="bbox 330 2977 1873 3158">
    <p class='ocr_par' dir='ltr' id='par_1_8' title="bbox 330 2977 1873 3158">
     <span class='ocr_line' id='line_1_23' title="bbox 332 2977 1873 3054; baseline -0.002 -14"><span class='ocrx_word' id='word_1_194' title='bbox 332 2983 414 3040; x_wconf 81' lang='lat' dir='ltr'><strong>Mon.</strong></span> <span class='ocrx_word' id='word_1_195' title='bbox 438 2982 531 3041; x_wconf 83' lang='lat' dir='ltr'><strong>Boicc</strong></span> <span class='ocrx_word' id='word_1_196' title='bbox 552 2985 603 3051; x_wconf 84' lang='lat'><strong>11,</strong></span> <span class='ocrx_word' id='word_1_197' title='bbox 628 2983 692 3041; x_wconf 74' lang='lat'><strong>437</strong></span> <span class='ocrx_word' id='word_1_198' title='bbox 713 2987 889 3041; x_wconf 76' lang='lat' dir='ltr'><strong>n⁰12aus</strong></span> <span class='ocrx_word' id='word_1_199' title='bbox 904 2980 934 3039; x_wconf 77' lang='lat' dir='ltr'><strong><em>A</em></strong></span> <span class='ocrx_word' id='word_1_200' title='bbox 956 3004 997 3034; x_wconf 94' lang='lat'>=</span> <span class='ocrx_word' id='word_1_201' title='bbox 1020 2982 1149 3041; x_wconf 78' lang='lat' dir='ltr'><strong>Bolrmer</strong></span> <span class='ocrx_word' id='word_1_202' title='bbox 1162 2979 1200 3040; x_wconf 83' lang='lat' dir='ltr'><strong>A.</strong></span> <span class='ocrx_word' id='word_1_203' title='bbox 1219 2977 1304 3041; x_wconf 77' lang='lat' dir='ltr'><strong>Gom.</strong></span> <span class='ocrx_word' id='word_1_204' title='bbox 1320 2986 1362 3042; x_wconf 75' lang='lat'><strong>29</strong></span> <span class='ocrx_word' id='word_1_205' title='bbox 1378 2987 1412 3039; x_wconf 60' lang='grc' dir='ltr'><strong>πθ</strong></span> <span class='ocrx_word' id='word_1_206' title='bbox 1426 2985 1477 3041; x_wconf 72' lang='lat'><strong>26.</strong></span> <span class='ocrx_word' id='word_1_207' title='bbox 1504 3013 1541 3023; x_wconf 97' lang='lat'><em>-</em></span> <span class='ocrx_word' id='word_1_208' title='bbox 1566 2981 1780 3054; x_wconf 71' lang='lat' dir='ltr'><strong>BoumerRep.</strong></span> <span class='ocrx_word' id='word_1_209' title='bbox 1798 2981 1873 3054; x_wconf 85' lang='lat' dir='ltr'><strong>Imp.</strong></span> 
     </span>
     <span class='ocr_line' id='line_1_24' title="bbox 330 3084 695 3158; baseline -0.011 -12"><span class='ocrx_word' id='word_1_210' title='bbox 330 3091 383 3155; x_wconf 76' lang='lat'><strong>27,</strong></span> <span class='ocrx_word' id='word_1_211' title='bbox 407 3086 478 3158; x_wconf 67' lang='lat' dir='ltr'><strong>nep.</strong></span> <span class='ocrx_word' id='word_1_212' title='bbox 502 3084 577 3142; x_wconf 86' lang='lat' dir='ltr'><strong>Kar.</strong></span> <span class='ocrx_word' id='word_1_213' title='bbox 602 3086 695 3145; x_wconf 80' lang='lat'><em>1259.</em></span> 
     </span>
    </p>
   </div>
   <div class='ocr_carea' id='block_1_9' title="bbox 332 3221 1924 3401">
    <p class='ocr_par' dir='ltr' id='par_1_9' title="bbox 332 3221 1924 3401">
     <span class='ocr_line' id='line_1_25' title="bbox 337 3221 1875 3298; baseline -0.001 -16"><span class='ocrx_word' id='word_1_214' title='bbox 337 3223 398 3282; x_wconf 83' lang='lat' dir='ltr'><strong>Von</strong></span> <span class='ocrx_word' id='word_1_215' title='bbox 421 3224 480 3282; x_wconf 88' lang='lat' dir='ltr'><strong>SB.</strong></span> <span class='ocrx_word' id='word_1_216' title='bbox 504 3224 580 3282; x_wconf 68' lang='lat' dir='ltr'><strong>mult</strong></span> <span class='ocrx_word' id='word_1_217' title='bbox 601 3225 694 3282; x_wconf 61' lang='lat' dir='ltr'><strong>maora</strong></span> <span class='ocrx_word' id='word_1_218' title='bbox 717 3221 841 3298; x_wconf 59' lang='lat' dir='ltr'><strong>cenent</strong></span> <span class='ocrx_word' id='word_1_219' title='bbox 863 3224 912 3282; x_wconf 85' lang='lat' dir='ltr'><strong>dos</strong></span> <span class='ocrx_word' id='word_1_220' title='bbox 935 3222 994 3283; x_wconf 81' lang='lat' dir='ltr'><strong>SA.</strong></span> <span class='ocrx_word' id='word_1_221' title='bbox 1016 3225 1206 3296; x_wconf 77' lang='lat' dir='ltr'><strong>pescbriebcn.</strong></span> <span class='ocrx_word' id='word_1_222' title='bbox 1245 3224 1323 3284; x_wconf 74' lang='lat' dir='ltr'><strong>Diae</strong></span> <span class='ocrx_word' id='word_1_223' title='bbox 1345 3224 1434 3282; x_wconf 73' lang='lat' dir='ltr'><strong>trice</strong></span> <span class='ocrx_word' id='word_1_224' title='bbox 1455 3223 1566 3282; x_wconf 80' lang='lat' dir='ltr'><strong>Person</strong></span> <span class='ocrx_word' id='word_1_225' title='bbox 1588 3223 1671 3298; x_wconf 72' lang='lat' dir='ltr'><strong>sttqtc</strong></span> <span class='ocrx_word' id='word_1_226' title='bbox 1692 3225 1734 3281; x_wconf 84' lang='lat' dir='ltr'><strong>im</strong></span> <span class='ocrx_word' id='word_1_227' title='bbox 1756 3222 1875 3298; x_wconf 70' lang='lat' dir='ltr'><strong>despert-</strong></span> 
     </span>
     <span class='ocr_line' id='line_1_26' title="bbox 332 3327 1924 3401; baseline 0.003 -15"><span class='ocrx_word' id='word_1_228' title='bbox 332 3327 406 3386; x_wconf 74' lang='lat' dir='ltr'><strong>otas</strong></span> <span class='ocrx_word' id='word_1_229' title='bbox 428 3327 481 3384; x_wconf 76' lang='lat' dir='ltr'><strong>cler</strong></span> <span class='ocrx_word' id='word_1_230' title='bbox 501 3328 692 3401; x_wconf 75' lang='lat' dir='ltr'><strong>Besicyelunp</strong></span> <span class='ocrx_word' id='word_1_231' title='bbox 714 3327 769 3386; x_wconf 83' lang='lat' dir='ltr'><strong>dos</strong></span> <span class='ocrx_word' id='word_1_232' title='bbox 791 3329 1114 3400; x_wconf 75' lang='lat' dir='ltr'><strong>Rccopm‘tioasseicbea</strong></span> <span class='ocrx_word' id='word_1_233' title='bbox 1136 3329 1237 3387; x_wconf 67' lang='lat' dir='ltr'><strong>bibra.</strong></span> <span class='ocrx_word' id='word_1_234' title='bbox 1894 3343 1924 3390; x_wconf 72' lang='lat'><strong>25</strong></span> 
     </span>
    </p>
   </div>
   <div class='ocr_carea' id='block_1_10' title="bbox 211 3511 1928 4946">
    <p class='ocr_par' dir='ltr' id='par_1_10' title="bbox 231 3511 1927 4116">
     <span class='ocr_line' id='line_1_27' title="bbox 336 3511 1876 3598; baseline 0.002 -25"><span class='ocrx_word' id='word_1_235' title='bbox 336 3517 395 3592; x_wconf 80' lang='lat' dir='ltr'><strong>(C.)</strong></span> <span class='ocrx_word' id='word_1_236' title='bbox 418 3514 492 3598; x_wconf 67' lang='lat'>{111</span> <span class='ocrx_word' id='word_1_237' title='bbox 515 3514 644 3577; x_wconf 91' lang='lat' dir='ltr'><strong>nomine</strong></span> <span class='ocrx_word' id='word_1_238' title='bbox 668 3523 802 3576; x_wconf 86' lang='lat' dir='ltr'><strong>sanctae</strong></span> <span class='ocrx_word' id='word_1_239' title='bbox 826 3523 858 3576; x_wconf 91' lang='lat' dir='ltr'><strong>ct</strong></span> <span class='ocrx_word' id='word_1_240' title='bbox 880 3512 1068 3578; x_wconf 89' lang='lat' dir='ltr'><strong>individuae</strong></span> <span class='ocrx_word' id='word_1_241' title='bbox 1091 3513 1255 3578; x_wconf 86' lang='lat' dir='ltr'><strong>trinitatis.</strong></span> <span class='ocrx_word' id='word_1_242' title='bbox 1288 3511 1504 3577; x_wconf 78' lang='lat' dir='ltr'><strong>Chuonradus</strong></span> <span class='ocrx_word' id='word_1_243' title='bbox 1527 3512 1636 3577; x_wconf 87' lang='lat' dir='ltr'><strong>divina</strong></span> <span class='ocrx_word' id='word_1_244' title='bbox 1661 3514 1791 3577; x_wconf 87' lang='lat' dir='ltr'><strong>favente</strong></span> <span class='ocrx_word' id='word_1_245' title='bbox 1814 3512 1876 3576; x_wconf 90' lang='lat' dir='ltr'><strong>cle·</strong></span> 
     </span>
     <span class='ocr_line' id='line_1_28' title="bbox 231 3615 1876 3701; baseline -0.001 -19"><span class='ocrx_word' id='word_1_246' title='bbox 231 3621 354 3683; x_wconf 86' lang='lat' dir='ltr'><strong>mentia</strong></span> <span class='ocrx_word' id='word_1_247' title='bbox 375 3642 444 3681; x_wconf 87' lang='lat' dir='ltr'><strong>rex.</strong></span> <span class='ocrx_word' id='word_1_248' title='bbox 531 3615 668 3681; x_wconf 86' lang='lat' dir='ltr'><strong>Noverit</strong></span> <span class='ocrx_word' id='word_1_249' title='bbox 697 3618 839 3682; x_wconf 90' lang='lat' dir='ltr'><strong>omnium</strong></span> <span class='ocrx_word' id='word_1_250' title='bbox 867 3616 1011 3681; x_wconf 88' lang='lat' dir='ltr'><strong>tidelium</strong></span> <span class='ocrx_word' id='word_1_251' title='bbox 1038 3625 1223 3680; x_wconf 91' lang='lat' dir='ltr'><strong>nostrorum</strong></span> <span class='ocrx_word' id='word_1_252' title='bbox 1250 3618 1469 3701; x_wconf 90' lang='lat' dir='ltr'><strong>praesentium</strong></span> <span class='ocrx_word' id='word_1_253' title='bbox 1496 3617 1619 3681; x_wconf 88' lang='lat' dir='ltr'><strong>scilicet</strong></span> <span class='ocrx_word' id='word_1_254' title='bbox 1641 3627 1674 3682; x_wconf 90' lang='lat' dir='ltr'><strong>et</strong></span> <span class='ocrx_word' id='word_1_255' title='bbox 1696 3618 1876 3681; x_wconf 86' lang='lat' dir='ltr'><strong>futurorum</strong></span> 
     </span>
     <span class='ocr_line' id='line_1_29' title="bbox 231 3718 1875 3807; baseline -0.002 -21"><span class='ocrx_word' id='word_1_256' title='bbox 231 3722 406 3803; x_wconf 84' lang='lat' dir='ltr'><strong>industria,</strong></span> <span class='ocrx_word' id='word_1_257' title='bbox 428 3722 442 3802; x_wconf 65' lang='grc' dir='ltr'><strong>ἒ</strong></span> <span class='ocrx_word' id='word_1_258' title='bbox 464 3720 603 3807; x_wconf 87' lang='lat' dir='ltr'><strong>qualiter</strong></span> <span class='ocrx_word' id='word_1_259' title='bbox 624 3742 684 3784; x_wconf 93' lang='lat' dir='ltr'><strong>nos</strong></span> <span class='ocrx_word' id='word_1_260' title='bbox 707 3730 840 3806; x_wconf 88' lang='lat' dir='ltr'><strong>propter</strong></span> <span class='ocrx_word' id='word_1_261' title='bbox 862 3722 1024 3805; x_wconf 87' lang='lat' dir='ltr'><strong>petionem</strong></span> <span class='ocrx_word' id='word_1_262' title='bbox 1037 3730 1050 3756; x_wconf 77' lang='lat'>⁸</span> <span class='ocrx_word' id='word_1_263' title='bbox 1076 3718 1257 3801; x_wconf 79' lang='lat' dir='ltr'><strong>Alltmanni</strong></span> <span class='ocrx_word' id='word_1_264' title='bbox 1285 3719 1442 3803; x_wconf 78' lang='lat' dir='ltr'><strong>vasalllib</strong></span> <span class='ocrx_word' id='word_1_265' title='bbox 1468 3743 1508 3784; x_wconf 91' lang='lat' dir='ltr'><strong>ac</strong></span> <span class='ocrx_word' id='word_1_266' title='bbox 1532 3720 1752 3785; x_wconf 91' lang='lat' dir='ltr'><strong>ministerialis</strong></span> <span class='ocrx_word' id='word_1_267' title='bbox 1775 3723 1875 3784; x_wconf 90' lang='lat' dir='ltr'><strong>nostri</strong></span> 
     </span>
     <span class='ocr_line' id='line_1_30' title="bbox 231 3822 1877 3910; baseline -0.001 -21"><span class='ocrx_word' id='word_1_268' title='bbox 231 3825 362 3889; x_wconf 89' lang='lat' dir='ltr'><strong>cuidam</strong></span> <span class='ocrx_word' id='word_1_269' title='bbox 385 3824 519 3905; x_wconf 88' lang='lat' dir='ltr'><strong>clerico,</strong></span> <span class='ocrx_word' id='word_1_270' title='bbox 542 3832 653 3888; x_wconf 90' lang='lat' dir='ltr'><strong>nostro</strong></span> <span class='ocrx_word' id='word_1_271' title='bbox 675 3824 828 3889; x_wconf 88' lang='lat' dir='ltr'><strong>videlicet</strong></span> <span class='ocrx_word' id='word_1_272' title='bbox 850 3823 1021 3909; x_wconf 88' lang='lat' dir='ltr'><strong>capellano</strong></span> <span class='ocrx_word' id='word_1_273' title='bbox 1036 3822 1193 3908; x_wconf 84' lang='lat' dir='ltr'><strong>Reginolf</strong></span> <span class='ocrx_word' id='word_1_274' title='bbox 1209 3834 1407 3908; x_wconf 88' lang='lat' dir='ltr'><strong>nuncupato,</strong></span> <span class='ocrx_word' id='word_1_275' title='bbox 1430 3824 1595 3909; x_wconf 86' lang='lat' dir='ltr'><strong>quoddam</strong></span> <span class='ocrx_word' id='word_1_276' title='bbox 1614 3826 1780 3910; x_wconf 87' lang='lat' dir='ltr'><strong>proprium</strong></span> <span class='ocrx_word' id='word_1_277' title='bbox 1799 3827 1877 3889; x_wconf 89' lang='lat' dir='ltr'><strong>iuris</strong></span> 
     </span>
     <span class='ocr_line' id='line_1_31' title="bbox 232 3926 1927 4013; baseline 0 -21"><span class='ocrx_word' id='word_1_278' title='bbox 232 3929 349 4009; x_wconf 85' lang='lat' dir='ltr'><strong>nostri,</strong></span> <span class='ocrx_word' id='word_1_279' title='bbox 384 3926 418 3990; x_wconf 90' lang='lat' dir='ltr'><strong>id</strong></span> <span class='ocrx_word' id='word_1_280' title='bbox 447 3936 497 3990; x_wconf 89' lang='lat' dir='ltr'><strong>cst</strong></span> <span class='ocrx_word' id='word_1_281' title='bbox 524 3949 673 3991; x_wconf 90' lang='lat' dir='ltr'><strong>mansum</strong></span> <span class='ocrx_word' id='word_1_282' title='bbox 701 3949 801 3992; x_wconf 91' lang='lat' dir='ltr'><strong>unum</strong></span> <span class='ocrx_word' id='word_1_283' title='bbox 828 3928 928 3992; x_wconf 89' lang='lat' dir='ltr'><strong>talem</strong></span> <span class='ocrx_word' id='word_1_284' title='bbox 956 3950 1050 4013; x_wconf 92' lang='lat' dir='ltr'><strong>quem</strong></span> <span class='ocrx_word' id='word_1_285' title='bbox 1072 3926 1236 3992; x_wconf 85' lang='lat' dir='ltr'><strong>Eberhart</strong></span> <span class='ocrx_word' id='word_1_286' title='bbox 1258 3950 1316 4012; x_wconf 91' lang='lat' dir='ltr'><strong>pro</strong></span> <span class='ocrx_word' id='word_1_287' title='bbox 1339 3950 1440 3992; x_wconf 89' lang='lat' dir='ltr'><strong>censu</strong></span> <span class='ocrx_word' id='word_1_288' title='bbox 1461 3952 1501 3992; x_wconf 88' lang='lat' dir='ltr'><strong>ac</strong></span> <span class='ocrx_word' id='word_1_289' title='bbox 1525 3931 1656 3993; x_wconf 91' lang='lat' dir='ltr'><strong>servitio</strong></span> <span class='ocrx_word' id='word_1_290' title='bbox 1679 3929 1822 3994; x_wconf 91' lang='lat' dir='ltr'><strong>habebat</strong></span> <span class='ocrx_word' id='word_1_291' title='bbox 1845 3932 1877 3994; x_wconf 93' lang='lat' dir='ltr'><strong>in</strong></span> <span class='ocrx_word' id='word_1_292' title='bbox 1895 3945 1927 3992; x_wconf 78' lang='lat'><strong>30</strong></span> 
     </span>
     <span class='ocr_line' id='line_1_32' title="bbox 232 4029 1877 4116; baseline 0.001 -23"><span class='ocrx_word' id='word_1_293' title='bbox 232 4031 310 4095; x_wconf 95' lang='lat' dir='ltr'><strong>villa</strong></span> <span class='ocrx_word' id='word_1_294' title='bbox 325 4029 495 4095; x_wconf 89' lang='lat' dir='ltr'><strong>Bercheim</strong></span> <span class='ocrx_word' id='word_1_295' title='bbox 519 4029 607 4094; x_wconf 89' lang='lat' dir='ltr'><strong>dicta</strong></span> <span class='ocrx_word' id='word_1_296' title='bbox 629 4030 662 4093; x_wconf 93' lang='lat' dir='ltr'><strong>in</strong></span> <span class='ocrx_word' id='word_1_297' title='bbox 684 4031 842 4095; x_wconf 89' lang='lat' dir='ltr'><strong>comitatu</strong></span> <span class='ocrx_word' id='word_1_298' title='bbox 856 4030 1040 4095; x_wconf 86' lang='lat' dir='ltr'><strong>Eberhardi</strong></span> <span class='ocrx_word' id='word_1_299' title='bbox 1063 4032 1096 4094; x_wconf 92' lang='lat' dir='ltr'><strong>in</strong></span> <span class='ocrx_word' id='word_1_300' title='bbox 1119 4052 1204 4115; x_wconf 89' lang='lat' dir='ltr'><strong>pago</strong></span> <span class='ocrx_word' id='word_1_301' title='bbox 1221 4031 1465 4116; x_wconf 89' lang='lat' dir='ltr'><strong>Tuonahgeuue</strong></span> <span class='ocrx_word' id='word_1_302' title='bbox 1481 4053 1555 4096; x_wconf 91' lang='lat' dir='ltr'><strong>oum</strong></span> <span class='ocrx_word' id='word_1_303' title='bbox 1578 4033 1735 4097; x_wconf 89' lang='lat' dir='ltr'><strong>aediliciis</strong></span> <span class='ocrx_word' id='word_1_304' title='bbox 1758 4033 1877 4097; x_wconf 89' lang='lat' dir='ltr'><strong>areolis</strong></span> 
     </span>
    </p>

    <p class='ocr_par' dir='ltr' id='par_1_11' title="bbox 211 4132 1928 4946">
     <span class='ocr_line' id='line_1_33' title="bbox 211 4132 1878 4221; baseline 0.001 -24"><span class='ocrx_word' id='word_1_305' title='bbox 211 4136 327 4199; x_wconf 25' lang='lat' dir='ltr'><strong>&#39;terris</strong></span> <span class='ocrx_word' id='word_1_306' title='bbox 349 4132 445 4198; x_wconf 91' lang='lat' dir='ltr'><strong>cultis</strong></span> <span class='ocrx_word' id='word_1_307' title='bbox 467 4142 500 4197; x_wconf 90' lang='lat' dir='ltr'><strong>ot</strong></span> <span class='ocrx_word' id='word_1_308' title='bbox 521 4133 652 4198; x_wconf 90' lang='lat' dir='ltr'><strong>incultis</strong></span> <span class='ocrx_word' id='word_1_309' title='bbox 673 4136 762 4219; x_wconf 91' lang='lat' dir='ltr'><strong>agris</strong></span> <span class='ocrx_word' id='word_1_310' title='bbox 784 4136 888 4220; x_wconf 88' lang='lat' dir='ltr'><strong>pratis</strong></span> <span class='ocrx_word' id='word_1_311' title='bbox 910 4134 1036 4218; x_wconf 86' lang='lat' dir='ltr'><strong>campis</strong></span> <span class='ocrx_word' id='word_1_312' title='bbox 1060 4133 1150 4198; x_wconf 91' lang='lat' dir='ltr'><strong>silvis</strong></span> <span class='ocrx_word' id='word_1_313' title='bbox 1174 4136 1305 4218; x_wconf 88' lang='lat' dir='ltr'><strong>pascuis</strong></span> <span class='ocrx_word' id='word_1_314' title='bbox 1328 4137 1423 4219; x_wconf 92' lang='lat' dir='ltr'><strong>aquis</strong></span> <span class='ocrx_word' id='word_1_315' title='bbox 1445 4157 1667 4221; x_wconf 88' lang='lat' dir='ltr'><strong>aquarumque</strong></span> <span class='ocrx_word' id='word_1_316' title='bbox 1686 4135 1878 4200; x_wconf 88' lang='lat' dir='ltr'><strong>decursibus</strong></span> 
     </span>
     <span class='ocr_line' id='line_1_34' title="bbox 233 4236 1878 4324; baseline 0.001 -22"><span class='ocrx_word' id='word_1_317' title='bbox 233 4236 427 4302; x_wconf 89' lang='lat' dir='ltr'><strong>molendinis</strong></span> <span class='ocrx_word' id='word_1_318' title='bbox 450 4237 512 4299; x_wconf 92' lang='lat' dir='ltr'><strong>viis</strong></span> <span class='ocrx_word' id='word_1_319' title='bbox 534 4247 567 4300; x_wconf 91' lang='lat' dir='ltr'><strong>et</strong></span> <span class='ocrx_word' id='word_1_320' title='bbox 589 4238 685 4300; x_wconf 89' lang='lat' dir='ltr'><strong>inviis</strong></span> <span class='ocrx_word' id='word_1_321' title='bbox 708 4236 850 4300; x_wconf 82' lang='lat' dir='ltr'><strong>exitibus</strong></span> <span class='ocrx_word' id='word_1_322' title='bbox 873 4248 905 4300; x_wconf 89' lang='lat' dir='ltr'><strong>et</strong></span> <span class='ocrx_word' id='word_1_323' title='bbox 927 4236 1085 4301; x_wconf 87' lang='lat' dir='ltr'><strong>reditibus</strong></span> <span class='ocrx_word' id='word_1_324' title='bbox 1108 4239 1243 4323; x_wconf 74' lang='lat' dir='ltr'><strong>quesitis</strong></span> <span class='ocrx_word' id='word_1_325' title='bbox 1266 4247 1301 4303; x_wconf 89' lang='lat' dir='ltr'><strong>et</strong></span> <span class='ocrx_word' id='word_1_326' title='bbox 1321 4238 1521 4324; x_wconf 90' lang='lat' dir='ltr'><strong>inquirendis</strong></span> <span class='ocrx_word' id='word_1_327' title='bbox 1545 4238 1758 4324; x_wconf 86' lang='lat' dir='ltr'><strong>omnibusque</strong></span> <span class='ocrx_word' id='word_1_328' title='bbox 1781 4238 1878 4304; x_wconf 87' lang='lat' dir='ltr'><strong>rebus</strong></span> 
     </span>
     <span class='ocr_line' id='line_1_35' title="bbox 233 4339 1878 4427; baseline 0.001 -22"><span class='ocrx_word' id='word_1_329' title='bbox 233 4341 276 4405; x_wconf 89' lang='lat' dir='ltr'><strong>ad</strong></span> <span class='ocrx_word' id='word_1_330' title='bbox 306 4339 443 4404; x_wconf 88' lang='lat' dir='ltr'><strong>eundern</strong></span> <span class='ocrx_word' id='word_1_331' title='bbox 471 4361 619 4404; x_wconf 91' lang='lat' dir='ltr'><strong>mansum</strong></span> <span class='ocrx_word' id='word_1_332' title='bbox 648 4341 708 4403; x_wconf 89' lang='lat' dir='ltr'><strong>rite</strong></span> <span class='ocrx_word' id='word_1_333' title='bbox 737 4340 942 4425; x_wconf 87' lang='lat' dir='ltr'><strong>legitimoque</strong></span> <span class='ocrx_word' id='word_1_334' title='bbox 966 4340 1201 4425; x_wconf 90' lang='lat' dir='ltr'><strong>pertinentibus</strong></span> <span class='ocrx_word' id='word_1_335' title='bbox 1229 4343 1263 4406; x_wconf 94' lang='lat' dir='ltr'><strong>in</strong></span> <span class='ocrx_word' id='word_1_336' title='bbox 1284 4343 1515 4427; x_wconf 89' lang='lat' dir='ltr'><strong>proprietatem</strong></span> <span class='ocrx_word' id='word_1_337' title='bbox 1539 4343 1742 4407; x_wconf 88' lang='lat' dir='ltr'><strong>donavimus.</strong></span> <span class='ocrx_word' id='word_1_338' title='bbox 1781 4344 1878 4407; x_wconf 89' lang='lat' dir='ltr'><strong>lussi-</strong></span> 
     </span>
     <span class='ocr_line' id='line_1_36' title="bbox 233 4442 1928 4532; baseline 0 -25"><span class='ocrx_word' id='word_1_339' title='bbox 233 4467 306 4507; x_wconf 91' lang='lat' dir='ltr'><strong>mus</strong></span> <span class='ocrx_word' id='word_1_340' title='bbox 333 4465 461 4528; x_wconf 92' lang='lat' dir='ltr'><strong>quoque</strong></span> <span class='ocrx_word' id='word_1_341' title='bbox 490 4442 552 4506; x_wconf 91' lang='lat' dir='ltr'><strong>hoc</strong></span> <span class='ocrx_word' id='word_1_342' title='bbox 580 4454 767 4528; x_wconf 69' lang='lat' dir='ltr'><strong>preceptum</strong></span> <span class='ocrx_word' id='word_1_343' title='bbox 799 4445 874 4509; x_wconf 89' lang='lat' dir='ltr'><strong>inde</strong></span> <span class='ocrx_word' id='word_1_344' title='bbox 902 4444 1063 4509; x_wconf 91' lang='lat' dir='ltr'><strong>conscribi</strong></span> <span class='ocrx_word' id='word_1_345' title='bbox 1087 4467 1145 4531; x_wconf 86' lang='lat' dir='ltr'><strong>por·</strong></span> <span class='ocrx_word' id='word_1_346' title='bbox 1168 4445 1256 4530; x_wconf 91' lang='lat' dir='ltr'><strong>quod</strong></span> <span class='ocrx_word' id='word_1_347' title='bbox 1278 4446 1428 4511; x_wconf 89' lang='lat' dir='ltr'><strong>volumus</strong></span> <span class='ocrx_word' id='word_1_348' title='bbox 1451 4447 1648 4532; x_wconf 90' lang='lat' dir='ltr'><strong>firmiterque</strong></span> <span class='ocrx_word' id='word_1_349' title='bbox 1671 4449 1877 4532; x_wconf 76' lang='lat' dir='ltr'><strong>prqcipimus,</strong></span> <span class='ocrx_word' id='word_1_350' title='bbox 1896 4461 1928 4507; x_wconf 75' lang='lat'><strong>35</strong></span> 
     </span>
     <span class='ocr_line' id='line_1_37' title="bbox 234 4547 1878 4634; baseline 0.004 -25"><span class='ocrx_word' id='word_1_351' title='bbox 234 4557 393 4633; x_wconf 90' lang='lat' dir='ltr'><strong>quatenus</strong></span> <span class='ocrx_word' id='word_1_352' title='bbox 415 4547 615 4630; x_wconf 58' lang='lat' dir='ltr'><strong>prescriptae</strong></span> <span class='ocrx_word' id='word_1_353' title='bbox 641 4548 802 4631; x_wconf 88' lang='lat' dir='ltr'><strong>prespiter</strong></span> <span class='ocrx_word' id='word_1_354' title='bbox 824 4547 866 4612; x_wconf 89' lang='lat' dir='ltr'><strong>ab</strong></span> <span class='ocrx_word' id='word_1_355' title='bbox 889 4547 1046 4614; x_wconf 90' lang='lat' dir='ltr'><strong>hodierna</strong></span> <span class='ocrx_word' id='word_1_356' title='bbox 1068 4548 1120 4613; x_wconf 90' lang='lat' dir='ltr'><strong>die</strong></span> <span class='ocrx_word' id='word_1_357' title='bbox 1144 4547 1297 4634; x_wconf 87' lang='lat' dir='ltr'><strong>deinceps</strong></span> <span class='ocrx_word' id='word_1_358' title='bbox 1320 4550 1361 4615; x_wconf 91' lang='lat' dir='ltr'><strong>de</strong></span> <span class='ocrx_word' id='word_1_359' title='bbox 1384 4549 1497 4614; x_wconf 90' lang='lat' dir='ltr'><strong>cadem</strong></span> <span class='ocrx_word' id='word_1_360' title='bbox 1521 4552 1720 4634; x_wconf 87' lang='lat' dir='ltr'><strong>proprietate</strong></span> <span class='ocrx_word' id='word_1_361' title='bbox 1743 4549 1878 4615; x_wconf 87' lang='lat' dir='ltr'><strong>liberam</strong></span> 
     </span>
     <span class='ocr_line' id='line_1_38' title="bbox 234 4652 1879 4739; baseline 0.001 -23"><span class='ocrx_word' id='word_1_362' title='bbox 234 4662 332 4736; x_wconf 90' lang='lat' dir='ltr'><strong>atquc</strong></span> <span class='ocrx_word' id='word_1_363' title='bbox 360 4672 508 4714; x_wconf 90' lang='lat' dir='ltr'><strong>securam</strong></span> <span class='ocrx_word' id='word_1_364' title='bbox 538 4659 647 4713; x_wconf 85' lang='lat' dir='ltr'><strong>teneat</strong></span> <span class='ocrx_word' id='word_1_365' title='bbox 671 4660 865 4735; x_wconf 89' lang='lat' dir='ltr'><strong>potestatem</strong></span> <span class='ocrx_word' id='word_1_366' title='bbox 888 4652 1029 4718; x_wconf 91' lang='lat' dir='ltr'><strong>habendi</strong></span> <span class='ocrx_word' id='word_1_367' title='bbox 1053 4653 1196 4719; x_wconf 90' lang='lat' dir='ltr'><strong>donandi</strong></span> <span class='ocrx_word' id='word_1_368' title='bbox 1220 4652 1382 4718; x_wconf 88' lang='lat' dir='ltr'><strong>vendendi</strong></span> <span class='ocrx_word' id='word_1_369' title='bbox 1405 4652 1626 4717; x_wconf 89' lang='lat' dir='ltr'><strong>commutandi</strong></span> <span class='ocrx_word' id='word_1_370' title='bbox 1648 4653 1702 4717; x_wconf 89' lang='lat' dir='ltr'><strong>vel</strong></span> <span class='ocrx_word' id='word_1_371' title='bbox 1724 4654 1879 4739; x_wconf 89' lang='lat' dir='ltr'><strong>quicquid</strong></span> 
     </span>
     <span class='ocr_line' id='line_1_39' title="bbox 235 4753 1878 4842; baseline 0.001 -23"><span class='ocrx_word' id='word_1_372' title='bbox 235 4755 297 4820; x_wconf 89' lang='lat' dir='ltr'><strong>sibi</strong></span> <span class='ocrx_word' id='word_1_373' title='bbox 313 4754 474 4840; x_wconf 87' lang='lat' dir='ltr'><strong>placuerit</strong></span> <span class='ocrx_word' id='word_1_374' title='bbox 489 4753 640 4818; x_wconf 87' lang='lat' dir='ltr'><strong>faciendi.</strong></span> <span class='ocrx_word' id='word_1_375' title='bbox 670 4754 714 4818; x_wconf 79' lang='lat' dir='ltr'><strong>Et</strong></span> <span class='ocrx_word' id='word_1_376' title='bbox 728 4767 763 4819; x_wconf 92' lang='lat' dir='ltr'><strong>ut</strong></span> <span class='ocrx_word' id='word_1_377' title='bbox 778 4755 840 4820; x_wconf 91' lang='lat' dir='ltr'><strong>hoc</strong></span> <span class='ocrx_word' id='word_1_378' title='bbox 855 4767 1045 4842; x_wconf 72' lang='lat' dir='ltr'><strong>preceptum</strong></span> <span class='ocrx_word' id='word_1_379' title='bbox 1068 4757 1195 4822; x_wconf 87' lang='lat' dir='ltr'><strong>firmum</strong></span> <span class='ocrx_word' id='word_1_380' title='bbox 1220 4755 1401 4842; x_wconf 86' lang='lat' dir='ltr'><strong>stabileque</strong></span> <span class='ocrx_word' id='word_1_381' title='bbox 1423 4766 1622 4841; x_wconf 86' lang='lat' dir='ltr'><strong>permaneat,</strong></span> <span class='ocrx_word' id='word_1_382' title='bbox 1646 4779 1745 4820; x_wconf 86' lang='lat' dir='ltr'><strong>manu</strong></span> <span class='ocrx_word' id='word_1_383' title='bbox 1766 4767 1878 4822; x_wconf 87' lang='lat' dir='ltr'><strong>nostra</strong></span> 
     </span>
     <span class='ocr_line' id='line_1_40' title="bbox 234 4857 1928 4946; baseline 0.001 -23"><span class='ocrx_word' id='word_1_384' title='bbox 234 4858 348 4924; x_wconf 88' lang='lat' dir='ltr'><strong>subtus</strong></span> <span class='ocrx_word' id='word_1_385' title='bbox 371 4857 452 4923; x_wconf 89' lang='lat' dir='ltr'><strong>illud</strong></span> <span class='ocrx_word' id='word_1_386' title='bbox 474 4858 664 4922; x_wconf 79' lang='lat' dir='ltr'><strong>finnamus·</strong></span> <span class='ocrx_word' id='word_1_387' title='bbox 691 4868 723 4922; x_wconf 89' lang='lat' dir='ltr'><strong>et</strong></span> <span class='ocrx_word' id='word_1_388' title='bbox 745 4859 843 4924; x_wconf 90' lang='lat' dir='ltr'><strong>anulo</strong></span> <span class='ocrx_word' id='word_1_389' title='bbox 867 4870 979 4927; x_wconf 92' lang='lat' dir='ltr'><strong>nostro</strong></span> <span class='ocrx_word' id='word_1_390' title='bbox 1008 4861 1142 4946; x_wconf 87' lang='lat' dir='ltr'><strong>sigillari</strong></span> <span class='ocrx_word' id='word_1_391' title='bbox 1166 4862 1380 4945; x_wconf 73' lang='lat' dir='ltr'><strong>prqcepimus.</strong></span> <span class='ocrx_word' id='word_1_392' title='bbox 1923 4859 1928 4869; x_wconf 80' lang='grc'><em>“</em></span> 
     </span>
    </p>
   </div>
   <div class='ocr_carea' id='block_1_11' title="bbox 335 4994 1930 5188">
    <p class='ocr_par' dir='ltr' id='par_1_12' title="bbox 335 4994 1930 5188">
     <span class='ocr_line' id='line_1_41' title="bbox 335 4994 1930 5083; baseline -0.003 -22"><span class='ocrx_word' id='word_1_393' title='bbox 335 4994 350 5079; x_wconf 71' lang='lat' dir='ltr'><strong>{l</strong></span> <span class='ocrx_word' id='word_1_394' title='bbox 372 4996 507 5081; x_wconf 91' lang='lat' dir='ltr'><strong>Signum</strong></span> <span class='ocrx_word' id='word_1_395' title='bbox 530 4995 640 5060; x_wconf 90' lang='lat' dir='ltr'><strong>domni</strong></span> <span class='ocrx_word' id='word_1_396' title='bbox 663 4994 849 5062; x_wconf 82' lang='lat' dir='ltr'><strong>Chuonradi</strong></span> <span class='ocrx_word' id='word_1_397' title='bbox 875 5000 964 5079; x_wconf 71' lang='lat' dir='ltr'>(MP.)</span> <span class='ocrx_word' id='word_1_398' title='bbox 990 5000 1185 5064; x_wconf 91' lang='lat' dir='ltr'><strong>serenissimi</strong></span> <span class='ocrx_word' id='word_1_399' title='bbox 1208 4999 1304 5083; x_wconf 88' lang='lat' dir='ltr'><strong>regis.</strong></span> <span class='ocrx_word' id='word_1_400' title='bbox 1327 4995 1341 5076; x_wconf 65' lang='grc' dir='ltr'>ξ</span> <span class='ocrx_word' id='word_1_401' title='bbox 1896 5010 1930 5057; x_wconf 75' lang='lat' dir='ltr'><strong>so</strong></span> 
     </span>
     <span class='ocr_line' id='line_1_42' title="bbox 336 5097 1878 5188; baseline -0.001 -25"><span class='ocrx_word' id='word_1_402' title='bbox 336 5097 350 5179; x_wconf 70' lang='lat' dir='ltr'><strong>l</strong></span> <span class='ocrx_word' id='word_1_403' title='bbox 372 5098 528 5164; x_wconf 88' lang='lat' dir='ltr'><strong>Salomon</strong></span> <span class='ocrx_word' id='word_1_404' title='bbox 543 5100 762 5165; x_wconf 74' lang='lat' dir='ltr'><strong>cabellarius⁸</strong></span> <span class='ocrx_word' id='word_1_405' title='bbox 777 5101 926 5167; x_wconf 86' lang='lat' dir='ltr'><strong>advicem</strong></span> <span class='ocrx_word' id='word_1_406' title='bbox 942 5102 1098 5187; x_wconf 90' lang='lat' dir='ltr'><strong>Piligrimi</strong></span> <span class='ocrx_word' id='word_1_407' title='bbox 1113 5101 1367 5188; x_wconf 85' lang='lat' dir='ltr'><strong>archicapellani</strong></span> <span class='ocrx_word' id='word_1_408' title='bbox 1382 5103 1558 5187; x_wconf 88' lang='lat' dir='ltr'><strong>recognovi</strong></span> <span class='ocrx_word' id='word_1_409' title='bbox 1574 5111 1607 5166; x_wconf 89' lang='lat' dir='ltr'><strong>et</strong></span> <span class='ocrx_word' id='word_1_410' title='bbox 1625 5098 1639 5180; x_wconf 63' lang='grc' dir='ltr'>ᾗ</span> <span class='ocrx_word' id='word_1_411' title='bbox 1663 5102 1746 5183; x_wconf 76' lang='lat' dir='ltr'><strong>(SR)</strong></span> <span class='ocrx_word' id='word_1_412' title='bbox 1764 5104 1821 5181; x_wconf 80' lang='lat' dir='ltr'><strong>(Sl.</strong></span> <span class='ocrx_word' id='word_1_413' title='bbox 1835 5102 1878 5180; x_wconf 83' lang='lat'><strong>4.)</strong></span> 
     </span>
    </p>
   </div>
   <div class='ocr_carea' id='block_1_12' title="bbox 337 5268 1879 5428">
    <p class='ocr_par' dir='ltr' id='par_1_13' title="bbox 337 5268 1879 5428">
     <span class='ocr_line' id='line_1_43' title="bbox 337 5268 1879 5355; baseline -0.001 -31"><span class='ocrx_word' id='word_1_414' title='bbox 337 5268 378 5324; x_wconf 85' lang='lat'><strong>27.</strong></span> <span class='ocrx_word' id='word_1_415' title='bbox 406 5272 434 5333; x_wconf 91' lang='lat' dir='ltr'><strong>d)</strong></span> <span class='ocrx_word' id='word_1_416' title='bbox 453 5273 489 5334; x_wconf 87' lang='lat' dir='ltr'><strong>D,</strong></span> <span class='ocrx_word' id='word_1_417' title='bbox 507 5275 622 5327; x_wconf 72' lang='lat' dir='ltr'><strong>t‘tocteu</strong></span> <span class='ocrx_word' id='word_1_418' title='bbox 639 5278 665 5328; x_wconf 89' lang='lat' dir='ltr'><em>B</em></span> <span class='ocrx_word' id='word_1_419' title='bbox 754 5276 779 5342; x_wconf 89' lang='lat' dir='ltr'><strong>e)</strong></span> <span class='ocrx_word' id='word_1_420' title='bbox 796 5291 958 5342; x_wconf 84' lang='lat' dir='ltr'><strong>aquarumve</strong></span> <span class='ocrx_word' id='word_1_421' title='bbox 975 5274 1005 5325; x_wconf 88' lang='lat' dir='ltr'><em>D</em></span> <span class='ocrx_word' id='word_1_422' title='bbox 1089 5275 1116 5337; x_wconf 78' lang='lat' dir='ltr'><strong>t)</strong></span> <span class='ocrx_word' id='word_1_423' title='bbox 1134 5275 1170 5337; x_wconf 90' lang='lat' dir='ltr'><strong>D,</strong></span> <span class='ocrx_word' id='word_1_424' title='bbox 1188 5275 1312 5355; x_wconf 46' lang='lat' dir='ltr'><strong>Alwinu-s—</strong></span> <span class='ocrx_word' id='word_1_425' title='bbox 1324 5276 1352 5327; x_wconf 92' lang='lat' dir='ltr'><strong><em>B</em></strong></span> <span class='ocrx_word' id='word_1_426' title='bbox 1437 5277 1465 5343; x_wconf 85' lang='lat' dir='ltr'><strong>g)</strong></span> <span class='ocrx_word' id='word_1_427' title='bbox 1484 5274 1519 5336; x_wconf 85' lang='lat' dir='ltr'><strong>D,</strong></span> <span class='ocrx_word' id='word_1_428' title='bbox 1538 5275 1581 5326; x_wconf 89' lang='lat' dir='ltr'><strong>die</strong></span> <span class='ocrx_word' id='word_1_429' title='bbox 1599 5280 1626 5326; x_wconf 85' lang='lat' dir='ltr'><strong>et</strong></span> <span class='ocrx_word' id='word_1_430' title='bbox 1643 5273 1710 5325; x_wconf 89' lang='lat' dir='ltr'><strong>d.B</strong></span> <span class='ocrx_word' id='word_1_431' title='bbox 1796 5271 1824 5338; x_wconf 92' lang='lat' dir='ltr'><strong>h)</strong></span> <span class='ocrx_word' id='word_1_432' title='bbox 1844 5272 1879 5334; x_wconf 86' lang='lat' dir='ltr'><strong>D,</strong></span> 
     </span>
     <span class='ocr_line' id='line_1_44' title="bbox 407 5360 1366 5428; baseline 0.003 -19"><span class='ocrx_word' id='word_1_433' title='bbox 407 5375 441 5409; x_wconf 91' lang='lat' dir='ltr'><strong>m.</strong></span> <span class='ocrx_word' id='word_1_434' title='bbox 459 5363 566 5427; x_wconf 82' lang='lat' dir='ltr'><strong>propria</strong></span> <span class='ocrx_word' id='word_1_435' title='bbox 583 5379 608 5413; x_wconf 86' lang='lat' dir='ltr'><strong>n.</strong></span> <span class='ocrx_word' id='word_1_436' title='bbox 626 5363 653 5413; x_wconf 89' lang='grc' dir='ltr'><em>Β</em></span> <span class='ocrx_word' id='word_1_437' title='bbox 740 5367 760 5426; x_wconf 93' lang='lat' dir='ltr'><strong>i)</strong></span> <span class='ocrx_word' id='word_1_438' title='bbox 779 5362 814 5427; x_wconf 90' lang='lat' dir='ltr'><strong>D,</strong></span> <span class='ocrx_word' id='word_1_439' title='bbox 831 5362 995 5411; x_wconf 79' lang='lat' dir='ltr'><strong>invictissimi</strong></span> <span class='ocrx_word' id='word_1_440' title='bbox 1013 5360 1041 5411; x_wconf 93' lang='lat' dir='ltr'><strong><em>B</em></strong></span> <span class='ocrx_word' id='word_1_441' title='bbox 1128 5360 1157 5428; x_wconf 81' lang='lat' dir='ltr'><strong>ir)</strong></span> <span class='ocrx_word' id='word_1_442' title='bbox 1177 5361 1213 5424; x_wconf 90' lang='lat' dir='ltr'><strong>D,</strong></span> <span class='ocrx_word' id='word_1_443' title='bbox 1231 5363 1315 5414; x_wconf 84' lang='lat' dir='ltr'><strong>indict</strong></span> <span class='ocrx_word' id='word_1_444' title='bbox 1332 5361 1366 5413; x_wconf 91' lang='grc' dir='ltr'><strong>Β.</strong></span> 
     </span>
    </p>
   </div>
   <div class='ocr_carea' id='block_1_13' title="bbox 338 5470 1931 5610">
    <p class='ocr_par' dir='ltr' id='par_1_14' title="bbox 338 5470 1931 5610">
     <span class='ocr_line' id='line_1_45' title="bbox 338 5470 1878 5541; baseline -0.002 -16"><span class='ocrx_word' id='word_1_445' title='bbox 338 5470 381 5525; x_wconf 79' lang='grc'><strong>28.</strong></span> <span class='ocrx_word' id='word_1_446' title='bbox 408 5472 513 5541; x_wconf 72' lang='lat' dir='ltr'><strong>[sistet]</strong></span> <span class='ocrx_word' id='word_1_447' title='bbox 617 5476 644 5541; x_wconf 91' lang='lat' dir='ltr'><strong>a)</strong></span> <span class='ocrx_word' id='word_1_448' title='bbox 663 5475 685 5526; x_wconf 79' lang='lat' dir='ltr'><em>A</em></span> <span class='ocrx_word' id='word_1_449' title='bbox 789 5479 817 5533; x_wconf 79' lang='lat' dir='ltr'><strong>b)</strong></span> <span class='ocrx_word' id='word_1_450' title='bbox 836 5477 871 5538; x_wconf 88' lang='lat' dir='ltr'><strong>B,</strong></span> <span class='ocrx_word' id='word_1_451' title='bbox 888 5476 937 5526; x_wconf 76' lang='lat' dir='ltr'><strong>das</strong></span> <span class='ocrx_word' id='word_1_452' title='bbox 955 5475 1107 5540; x_wconf 61' lang='lat' dir='ltr'><strong>Papam</strong></span> <span class='ocrx_word' id='word_1_453' title='bbox 1124 5491 1174 5525; x_wconf 83' lang='lat' dir='ltr'><strong>oon</strong></span> <span class='ocrx_word' id='word_1_454' title='bbox 1191 5473 1214 5524; x_wconf 77' lang='lat' dir='ltr'><em>A</em></span> <span class='ocrx_word' id='word_1_455' title='bbox 1233 5477 1265 5524; x_wconf 74' lang='lat' dir='ltr'><strong>tet</strong></span> <span class='ocrx_word' id='word_1_456' title='bbox 1283 5475 1339 5525; x_wconf 76' lang='lat' dir='ltr'><strong>bier</strong></span> <span class='ocrx_word' id='word_1_457' title='bbox 1355 5475 1410 5527; x_wconf 79' lang='lat' dir='ltr'><strong>aad</strong></span> <span class='ocrx_word' id='word_1_458' title='bbox 1428 5493 1464 5526; x_wconf 82' lang='lat' dir='ltr'><strong>on</strong></span> <span class='ocrx_word' id='word_1_459' title='bbox 1480 5475 1581 5526; x_wconf 70' lang='lat' dir='ltr'><strong>cadem</strong></span> <span class='ocrx_word' id='word_1_460' title='bbox 1599 5473 1696 5526; x_wconf 65' lang='lat' dir='ltr'><strong>Sallen</strong></span> <span class='ocrx_word' id='word_1_461' title='bbox 1712 5472 1795 5524; x_wconf 67' lang='lat' dir='ltr'><strong>aaran</strong></span> <span class='ocrx_word' id='word_1_462' title='bbox 1812 5472 1878 5525; x_wconf 78' lang='lat' dir='ltr'><strong>Rea·</strong></span> 
     </span>
     <span class='ocr_line' id='line_1_46' title="bbox 405 5541 1931 5610; baseline -0.003 -17"><span class='ocrx_word' id='word_1_463' title='bbox 405 5545 507 5606; x_wconf 72' lang='lat' dir='ltr'><strong>pontica</strong></span> <span class='ocrx_word' id='word_1_464' title='bbox 523 5560 552 5595; x_wconf 77' lang='lat' dir='ltr'><strong>eo</strong></span> <span class='ocrx_word' id='word_1_465' title='bbox 566 5544 690 5609; x_wconf 69' lang='lat' dir='ltr'><strong>panosus</strong></span> <span class='ocrx_word' id='word_1_466' title='bbox 707 5545 769 5597; x_wconf 72' lang='lat' dir='ltr'><strong>dara</strong></span> <span class='ocrx_word' id='word_1_467' title='bbox 785 5546 829 5597; x_wconf 76' lang='lat' dir='ltr'><strong>die</strong></span> <span class='ocrx_word' id='word_1_468' title='bbox 847 5545 946 5609; x_wconf 63' lang='lat' dir='ltr'><strong>Scbnjtt</strong></span> <span class='ocrx_word' id='word_1_469' title='bbox 963 5543 1034 5595; x_wconf 74' lang='lat' dir='ltr'><strong>aab</strong></span> <span class='ocrx_word' id='word_1_470' title='bbox 1052 5543 1123 5594; x_wconf 76' lang='lat' dir='ltr'><strong>moltr</strong></span> <span class='ocrx_word' id='word_1_471' title='bbox 1140 5559 1172 5594; x_wconf 73' lang='lat' dir='ltr'><strong>zu</strong></span> <span class='ocrx_word' id='word_1_472' title='bbox 1189 5543 1321 5610; x_wconf 69' lang='lat' dir='ltr'><strong>eatasffem</strong></span> <span class='ocrx_word' id='word_1_473' title='bbox 1338 5546 1380 5595; x_wconf 75' lang='lat' dir='ltr'><strong>iet.</strong></span> <span class='ocrx_word' id='word_1_474' title='bbox 1897 5541 1931 5588; x_wconf 66' lang='lat' dir='ltr'><strong>lb</strong></span> 
     </span>
    </p>
   </div>
   <div class='ocr_carea' id='block_1_14' title="bbox 0 0 2172 6404">
    <p class='ocr_par' dir='ltr' id='par_1_15' title="bbox 0 0 2172 6404">
     <span class='ocr_line' id='line_1_47' title="bbox 0 0 2172 6404; baseline 0 0"><span class='ocrx_word' id='word_1_475' title='bbox 0 0 2172 6404; x_wconf 95' lang='lat' dir='ltr'><strong> </strong></span> 
     </span>
    </p>
   </div>
  </div>
 </body>
</html>
