4298 6414
219 364 243 426 4
820 370 1275 428 xussstaxtxnzx.

219 562 406 617 mimum
436 551 650 637 petitiomhua
679 574 854 637 parcemus
881 575 964 638 quas
993 575 1054 638 pro
1075 553 1272 617 uulitauhus
1293 566 1326 616 et
1347 551 1665 619 aucmentatiomhus
1687 551 1870 616 divinorum

221 654 452 742 obsequiorum
474 654 609 721 aunhus
632 658 820 721 screnitatis
840 674 974 721 nostrae
996 657 1183 722 infuderint.
1208 656 1306 722 [nde
1320 657 1465 742 generali
1479 657 1619 741 collegio
1635 658 1779 720 omnium
1794 654 1870 720 fide-

220 759 299 825 lium
323 771 510 825 nostrorum
532 771 647 825 notum
668 760 739 825 fieri
762 763 912 847 cupimus
934 763 1133 847 presentium
1157 761 1281 825 scilicet
1302 778 1336 824 et
1357 761 1549 827 futurorum.
1572 763 1649 845 quia
1671 783 1733 824 nos
1754 769 1871 843 rogatu

219 878 319 951 atque
347 866 512 930 communi
540 887 703 930 consensu
730 865 877 929 fidelium
898 880 1083 930 nostrorum
1105 865 1149 929 ad
1171 865 1329 951 placitum
1349 878 1497 930 nostrum
1520 864 1637 928 [Jlmac
1659 864 1807 928 habitum
1829 887 1870 926 ex

220 968 360 1034 masis
380 970 493 1034 mundi
519 970 670 1056 partihus
694 969 924 1037 collectorum.
957 969 1144 1034 Salomonis
1165 968 1335 1035 uidelicet.
1363 968 1533 1033 Drachclfi
1555 982 1654 1054 atquc
1676 968 1903 1054 lleginpertis

219 1072 456 1138 venerabilium
483 1075 729 1160 cpiscoporum,
757 1075 912 1137 comitum
943 1096 1021 1137 vcro
1049 1071 1229 1156 Sigrhardi.
1258 1071 1401 1139 Arnolfi.
1429 1071 1655 1156 Erichangarii
1664 1082 1688 1139 ⁸.
1714 1070 1872 1151 sidalfici,

219 1174 441 1257 PcrchtoldP,
464 1173 670 1257 Chuonradi‚
693 1176 902 1243 Herimanni,
927 1175 1088 1239 Luitfrcdi
1111 1194 1211 1260 atquc
1227 1175 1344 1259 iringi
1365 1174 1410 1238 ad
1431 1178 1634 1261 episcopium
1649 1172 1872 1240 Erchaubaldi

219 1278 418 1344 venerabilis
436 1281 583 1365 episcopi
599 1279 731 1344 Eihstat
746 1283 948 1344 nominatum
963 1279 1056 1343 etad
1074 1279 1206 1343 domum
1224 1279 1312 1343 illius
1334 1282 1367 1343 in
1388 1278 1545 1345 honorem
1568 1282 1673 1344 sancti
1688 1276 1872 1344 Willrhaldi

219 1385 419 1449 confessoris
447 1382 569 1448 Christi
596 1395 820 1448 constructum
849 1406 963 1447 omnes
989 1407 1042 1447 res
1070 1406 1154 1468 quas
1179 1398 1406 1446 antecessores
1432 1387 1534 1450 nostri
1556 1396 1589 1447 ct
1609 1384 1696 1448 hone
1716 1385 1872 1449 memorie

219 1491 295 1575 pius
322 1490 586 1574 consanguineus
614 1499 727 1552 nomer
752 1486 959 1550 Hludovicus
988 1486 1095 1551 eidem
1123 1486 1234 1551 domui
1263 1486 1317 1550 dei
1344 1509 1404 1571 per
1429 1487 1635 1577 praceptales
1656 1488 1789 1552 chartas
1812 1508 1871 1571 pro
1890 1501 1920 1546 10

219 1591 364 1656 remedio
387 1595 517 1656 animae
540 1615 619 1656 suae
640 1590 693 1655 vel
717 1592 863 1675 nosipsi
887 1604 962 1674 post
984 1593 1055 1653 cius
1078 1591 1258 1655 discessum
1281 1594 1315 1654 in
1336 1593 1504 1676 proprium
1527 1590 1737 1665 donavimus,
1765 1590 1872 1653 denuo

220 1694 265 1759 ad
287 1695 425 1761 candem
448 1696 582 1761 domum
604 1696 657 1760 dei
679 1697 903 1760 concessimus
924 1708 1024 1780 atque
1046 1697 1079 1759 in
1101 1698 1153 1759 ius
1174 1712 1207 1758 et
1230 1695 1407 1759 dominium
1430 1695 1518 1760 illius
1539 1694 1748 1758 aetenraliter
1769 1708 1873 1757 traus-

220 1797 375 1882 fudimus,
397 1799 497 1863 idest
512 1799 682 1864 abbatiam
696 1799 902 1863 llasenricda
919 1798 1052 1866 dictam.
1069 1799 1194 1869 Ahusa,
1213 1797 1460 1883 [Bilrihhinga‘.
1482 1799 1668 1884 Faranpah
1691 1797 1872 1863 Sundarcs·

220 1901 298 1983 feld,
320 1913 447 1988 partem
462 1903 550 1967 illius
565 1903 679 1967 foresti
695 1903 739 1966 ad
754 1902 977 1969 Viuzunhurc.
1001 1905 1085 1966 sicut
1106 1905 1140 1966 in
1162 1905 1284 1987 pagina
1299 1904 1469 1988 praecepti
1485 1901 1528 1965 ob
1542 1901 1605 1966 hoc
1621 1901 1699 1965 facti
1715 1904 1873 1986 scriptum

220 2004 377 2086 hahetur,
403 2005 577 2071 ecclesiam
600 2007 646 2070 ad
666 2005 794 2072 Feldun
816 2028 892 2070 cum
916 2008 984 2068 suis
1007 2008 1210 2091 pertinentiis
1231 2017 1265 2068 et
1287 2005 1395 2069 locum
1416 2008 1534 2069 xivarii
1556 2007 1651 2069 unius
1672 2007 1705 2071 in
1728 2006 1874 2089 Paginza
1892 2021 1920 2067 15

220 2120 254 2173 et
274 2111 411 2195 insuper
438 2122 568 2196 pratum
596 2134 712 2191 unum;
743 2108 937 2195 qu[anti]tas
965 2132 1044 2173 vero
1074 2111 1190 2172 usarii
1219 2119 1252 2171 ct
1275 2110 1360 2193 prati
1387 2119 1486 2194 atquc
1516 2110 1597 2171 situs
1624 2108 1688 2172 loci
1718 2111 1751 2172 in
1774 2110 1873 2192 priori

221 2226 377 2300 precepto
401 2215 577 2279 adtitulata
599 2227 659 2279 est
688 2215 744 2278 Ad
764 2215 826 2278 hec
848 2217 948 2277 etiam
970 2217 1003 2279 in
1026 2212 1238 2277 elemosinam
1260 2224 1406 2277 nostram
1428 2226 1461 2276 et
1482 2226 1725 2278 antecessorum
1747 2224 1874 2277 nostro·

220 2334 293 2383 mm
314 2318 360 2382 ad
380 2317 564 2404 predictam
586 2318 759 2383 ecclesiam
784 2319 871 2382 omni
894 2340 981 2381 anno
1004 2330 1071 2381 tres
1097 2339 1217 2402 porcos
1246 2317 1432 2385 silvaticos.
1461 2328 1528 2380 tres
1556 2339 1688 2385 cervos.
1717 2328 1785 2380 tres
1807 2339 1874 2380 cer-

221 2419 298 2486 faa⁴
320 2432 420 2507 atquc
441 2432 606 2488 trecentos
629 2424 738 2508 pisces
760 2422 805 2485 ad
825 2445 921 2486 usum
944 2422 1143 2485 Eistatensis
1165 2421 1326 2485 ecclesiae
1347 2425 1519 2507 episcopo.
1542 2421 1597 2487 ubi
1620 2435 1754 2488 sanctus
1769 2421 1875 2486 Willi-

220 2526 341 2617 haldus
362 2527 533 2591 confessor
554 2525 676 2590 Christi
699 2535 732 2590 et
753 2524 952 2589 venerabilis
975 2543 1091 2590 sancta
1115 2526 1306 2613 ll'alpurgis
1328 2549 1466 2612 corpore
1487 2529 1674 2612 quiescunt,
1707 2549 1783 2591 cum
1806 2528 1874 2590 suis
1892 2546 1920 2593 20

221 2616 434 2694 venatoribus
456 2641 556 2714 atque
578 2629 798 2714 piscatoribus
820 2630 905 2694 infra
928 2630 1085 2695 forestum
1107 2629 1248 2712 Fe1d1un
1272 2630 1586 2716 commanentibusJ‘
1611 2631 1820 2695 aeternaliter
1841 2633 1876 2695 in

222 2735 391 2818 proprium
412 2735 644 2798 concessimus.
667 2733 827 2797 lussimus
848 2756 978 2819 quoque
999 2733 1062 2798 hoc
1086 2746 1296 2820 praeceptum
1319 2735 1394 2799 inde
1416 2733 1580 2800 conscnhi
1602 2757 1662 2819 per
1683 2735 1772 2821 quod
1792 2734 1876 2799 haec

223 2837 333 2900 omnia
360 2846 394 2901 et
415 2836 574 2922 quidquid
595 2836 640 2899 ad
662 2836 719 2900 illa
741 2840 882 2922 pertinet
903 2839 948 2902 ad
970 2852 1185 2904 memoratum
1208 2842 1434 2926 episcopatum
1463 2841 1509 2902 ita
1531 2839 1727 2903 contulimus
1749 2851 1781 2902 ct
1804 2862 1875 2924 per-

223 2940 398 3026 petualiter
422 2939 686 3024 [concessimus],
715 2954 749 3005 et
775 2945 909 3028 insuper
930 2944 1088 3030 quidquid
1112 2955 1312 3009 memoratus
1334 2944 1469 3007 illustris
1490 2944 1638 3028 pontifex
1662 2966 1741 3006 suae
1764 2942 1873 3007 domui

223 3065 283 3129 per
303 3043 541 3109 cumulationes
562 3045 616 3109 vel
638 3048 820 3131 emptiones
842 3060 901 3110 aut
927 3048 1092 3133 quash'bet
1117 3051 1290 3113 ccasionca
1317 3049 1533 3132 acquisierat,
1566 3069 1626 3131 per
1654 3048 1764 3111 omnia
1786 3057 1819 3110 et
1841 3048 1874 3111 in
1891 3061 1920 3108 25

224 3147 374 3212 ommhus
396 3148 628 3213 confirmamus
649 3160 682 3212 et
704 3148 908 3215 roboramus.
948 3150 1060 3234 <Sicut
1088 3155 1202 3238 quevis
1231 3175 1264 3216 m
1270 3201 1408 3214 .......
1414 3174 1450 3214 re
1474 3153 1623 3236 rapiatur
1644 3162 1680 3214 nt
1701 3153 1875 3216 temerario

223 3275 304 3316 casu
331 3251 455 3338 aliquid
482 3252 558 3317 inde
587 3252 628 3317 de
655 3254 853 3338 supradictis
881 3255 980 3320 rebus
1008 3259 1144 3321 conetur
1171 3257 1315 3327 auferre,
1347 3257 1464 3320 summi
1493 3255 1657 3339 pontificis
1685 3254 1718 3318 id
1744 3265 1795 3318 est
1822 3254 1874 3319 dei

224 3357 456 3440 omnipotentis
484 3356 560 3420 inde
588 3359 708 3420 sentiat
734 3359 929 3439 vindictam,
965 3362 1113 3445 privatus
1140 3370 1250 3425 tamen
1278 3360 1435 3424 facultate
1469 3383 1548 3423 suae
1576 3358 1812 3440 malivolentie,
1843 3368 1876 3422 et

224 3459 269 3523 ad
283 3481 448 3524 cameram
463 3471 609 3525 nostram
624 3463 696 3525 auri
711 3460 813 3526 libras
830 3481 870 3544 x,
894 3466 1021 3547 argenti
1044 3481 1065 3525 c
1086 3463 1284 3548 persolvat.)
1320 3465 1364 3528 Et
1379 3476 1414 3528 nt
1428 3464 1491 3529 hoc
1507 3466 1728 3528 concessionis
1741 3474 1875 3528 nostrae

224 3561 518 3649 auctoritatisque‘
537 3577 727 3651 preceptum
748 3566 878 3631 firmum
901 3566 1082 3652 stabileque
1105 3570 1281 3645 consistat,
1309 3591 1408 3632 manu
1434 3579 1549 3633 nostra
1573 3568 1652 3632 illud
1674 3570 1876 3632 firmavimus
1894 3579 1920 3627 3(

225 3676 259 3729 et
281 3665 388 3750 sigillo
410 3679 524 3732 nostro
547 3672 734 3754 consignari
757 3673 921 3735 iussimus.

327 3820 463 3908 Signum
486 3823 609 3890 domini
631 3823 820 3891 Chuonradi
845 3829 911 3909 (hl.)
935 3829 1073 3913 piissimi
1094 3831 1192 3914 regis.

330 3943 488 4011 Salomon
509 3947 725 4013 cancellarius
747 3950 898 4013 advicem
919 3949 1077 4034 Piligrimi
1099 3950 1377 4035 archicappellani
1400 3954 1600 4037 recognovit.
1645 3956 1716 4033 (Sl.)

328 4101 442 4166 Data!
462 4120 513 4168 11L
535 4127 612 4170 non.
635 4127 716 4170 mar.
737 4129 824 4171 anno
846 4108 1082 4172 incarnationis
1103 4105 1225 4171 domini
1242 4123 1415 4187 necessu,
1438 4108 1615 4173 indictione
1637 4127 1696 4185 xv,
1718 4120 1876 4194 regnante

227 4202 347 4270 domno
370 4203 568 4272 Chuonrado
591 4231 677 4274 anno
700 4227 729 4290 13
752 4221 861 4276 actum
884 4211 929 4276 ad
950 4210 1095 4293 Feldun3
1121 4209 1260 4275 feliciter
1280 4213 1314 4275 in
1338 4211 1390 4275 dei
1412 4213 1542 4277 nomine
1564 4237 1670 4278 amen.
1893 4240 1920 4287 35

1033 4489 1071 4566 l.

227 4633 388 4710 Kourod
412 4637 572 4738 bestotipt
596 4641 675 4713 dem
702 4641 863 4715 Bisthum
887 4642 1077 4716 Eichstu‘dt
1097 4644 1155 4717 die
1176 4671 1248 4718 con
1273 4646 1393 4717 scinco
1422 4644 1653 4745 ihiyttuycrn
1683 4647 1876 4721 retlichene

228 4757 452 4832 Immooittit.
1620 4824 1662 4831 -
1706 4825 1747 4831 -
1791 4825 1833 4833 .-

332 4969 517 5042 Copiolbuch
537 4987 597 5028 con
619 4971 781 5031 Eichstodt
803 4992 862 5033 aas
885 4975 952 5034 dem
974 4976 1105 5050 Assone
1128 4975 1180 5034 des
1204 4979 1254 5037 14.
1279 4977 1330 5037 Ji.
1359 4979 1384 5050 s.
1408 4983 1449 5037 17
1476 4980 1519 5036 im
1541 4979 1569 5036 k.
1592 4979 1809 5038 Reichsarchir
1835 4999 1876 5038 eo

329 5073 486 5132 Mencken
509 5072 576 5154 (A).
1892 5112 1920 5158 4(

328 5229 414 5291 Mon.
438 5230 536 5290 Boico
557 5233 625 5305 31⁰,
650 5237 713 5293 180
733 5241 769 5291 52⁰
791 5237 831 5293 91
855 5252 914 5294 aus
936 5236 965 5292 A
988 5258 1028 5288 =
1051 5235 1183 5293 memor
1205 5236 1244 5296 A.
1270 5236 1361 5299 Com.
1384 5241 1427 5298 36
1450 5246 1484 5296 π’
1505 5242 1559 5298 36.

331 5388 393 5445 Dic
418 5385 567 5463 Fassunq
593 5391 664 5463 pelet
691 5391 942 5451 waltrschcinlich
971 5395 1033 5466 aas
1055 5395 1104 5451 ein
1132 5394 1173 5453 D.
1195 5393 1329 5468 Ludwiq
1357 5395 1410 5453 des
1439 5395 1601 5454 Frommen
1629 5398 1756 5458 mentek.
1798 5397 1876 5454 Hier

350 5569 375 5626 2.
401 5570 509 5643 [sichel]
595 5578 819 5646 a)1·1rIchargsrii
835 5579 860 5630 A
945 5582 975 5642 b)
992 5581 1122 5632 Perototti
1138 5580 1163 5631 A
1242 5581 1269 5641 c)
1286 5581 1419 5648 Rihhinga
1436 5581 1468 5643 A,
1485 5599 1506 5632 r.
1527 5581 1577 5635 SS.
1598 5584 1621 5644 7,
1640 5583 1695 5632 247
1776 5583 1805 5642 d)
1823 5589 1875 5634 tres

401 5661 525 5709 cervos„
549 5655 657 5699 ...tres
675 5650 759 5700 certas
776 5648 801 5699 A
871 5650 896 5714 e)
914 5649 981 5701 Feld
993 5689 1068 5701 .....
1079 5651 1126 5702 dea
1144 5651 1346 5703 aetemaliterA
1415 5650 1654 5713 OauctoritstisA
1722 5654 1751 5717 g)
1769 5653 1831 5703 dato
1843 5652 1876 5703 A.
