4298 6414
950 121 1075 177 ΟΤΤΟ
1099 123 1121 175 Ι.
1146 119 1218 175 942,
1845 115 1906 178 131)

266 300 398 383 dustria,
429 301 568 387 qualiter
590 323 650 365 nos
673 324 732 386 per
753 304 969 366 interventum
992 302 1099 366 dilecti
1124 304 1250 365 comitis
1273 305 1374 366 nostri
1400 302 1542 366 (ltinradi
1566 303 1696 368 cuidam
1718 305 1903 367 venerando

264 405 414 488 episcopo
444 403 636 488 Richgouuo
665 416 852 489 nuncupato
883 405 923 469 de
950 405 1100 468 benefitio
1131 405 1273 469 eiusdem
1298 403 1440 469 Cumadi
1470 408 1597 469 comitis
1624 430 1755 470 mansos
1778 407 1904 490 regales

266 523 321 568 vm
348 509 440 570 circa
468 507 639 571 basilicam
668 530 730 593 que
752 507 990 572 Niuunehirika
1011 519 1158 590 vocatur,
1182 519 1213 571 et
1235 510 1399 592 mancipia
1422 526 1469 570 xx
1493 511 1525 571 in
1554 531 1638 593 pago
1663 509 1843 591 Nahgouue
1870 513 1904 573 in

264 609 380 673 lorasto
403 620 516 674 nostro
540 609 687 693 Wasogo
710 613 876 674 nominato
902 611 935 672 in
958 613 1114 675 comitatu
1137 610 1272 695 predicti
1297 609 1438 674 Cdnrazli
1463 612 1497 674 in
1519 614 1684 696 proprium
1711 613 1903 677 donamnus

241 728 329 775 scum
359 712 512 777 omnibus
540 712 617 777 illuc
646 712 793 797 legaliter
826 712 1076 797 pertinentibus,
1111 736 1186 777 cum
1214 713 1381 777 curtilibus
1412 713 1491 777 locis
1520 713 1655 778 edificiis
1687 717 1772 798 agris
1802 718 1903 799 pratis

263 817 386 900 pascuis
410 815 501 880 silvis
524 818 618 902 aquis
641 838 864 902 aquarumque
888 816 1078 880 decursibus
1101 816 1293 881 molendinis
1321 817 1556 901 piscationibus
1580 819 1720 884 exitibus
1743 829 1775 882 et
1797 819 1904 883 rediti-

263 917 316 982 bus
338 920 476 1004 quesitis
498 929 532 984 et
553 919 764 1006 inquirendis.
808 919 966 983 Iussimus
990 942 1118 1004 quoque
1141 919 1203 982 hoc
1226 931 1414 1004 preceptum
1441 920 1517 983 indo
1540 921 1701 985 conscribi
1732 945 1788 1006 per
1817 922 1904 1008 quod

261 1021 405 1088 volumus
434 1024 632 1110 firmiterque
660 1022 824 1105 iubemus,
860 1024 1012 1108 quatinus
1038 1024 1202 1108 predictus
1226 1026 1399 1108 episcopus
1421 1035 1533 1087 noster
1554 1024 1745 1107 Riehgouuo
1769 1025 1808 1087 de
1831 1028 1903 1110 ipsa

262 1129 456 1212 proprietate
479 1126 615 1193 liberam
638 1136 735 1211 atque
757 1149 905 1190 securam
933 1126 1054 1189 habeat
1081 1135 1277 1210 potestatem
1303 1126 1443 1190 habendi
1467 1125 1609 1189 donandi
1633 1127 1793 1191 vendendi
1818 1150 1903 1191 com-

224 1230 403 1294 remutandi
433 1229 484 1293 vel
514 1230 669 1315 quicquid
697 1229 758 1294 sibi
786 1229 917 1295 libuerit
945 1229 1019 1293 inde
1050 1229 1201 1293 faciendi.
1247 1231 1290 1293 Et
1311 1239 1346 1294 ut
1368 1228 1429 1292 hoe
1453 1240 1563 1292 nostre
1592 1232 1811 1294 concessionis
1835 1254 1903 1315 pro·

262 1341 385 1416 ceptum
408 1331 543 1396 firmiter
565 1340 763 1416 pennaneat‚
786 1355 885 1397 manu
908 1343 1021 1396 nostra
1044 1332 1157 1396 subtus
1181 1333 1261 1397 illud
1282 1332 1482 1396 firmavimus
1501 1342 1532 1395 ot
1550 1333 1638 1397 anuli
1657 1336 1758 1397 nostri
1782 1337 1903 1417 inpres-

263 1435 348 1498 sione
370 1436 523 1500 iussimus
546 1436 730 1519 insigniri.l

359 1590 448 1656 Brun
471 1591 685 1656 cancellarius
708 1590 857 1655 advicem
879 1591 906 1653 F
908 1589 1039 1654 ridurici
1063 1589 1318 1674 archicapellani
1341 1593 1525 1674 recognovi.

361 1745 449 1809 Data
472 1762 519 1810 xl.
542 1743 609 1809 kal.
633 1767 709 1808 nov.
739 1767 824 1809 anno
854 1747 1087 1808 incarnationis
1114 1745 1237 1808 domini
1267 1761 1467 1825 Dccccxull,
1502 1744 1678 1809 indictione
1703 1763 1776 1827 xnl,
1812 1768 1897 1809 anno

222 1856 253 1903 15
274 1844 369 1910 domni
392 1846 523 1912 Ottonis
547 1850 743 1913 serenissimi
765 1850 850 1932 regis
874 1865 940 1929 v113
963 1859 1072 1912 actum
1096 1848 1138 1912 ad
1161 1846 1343 1928 Uilieamb3
1367 1851 1399 1911 in
1424 1847 1474 1911 dei
1498 1851 1628 1911 nomine
1651 1871 1756 1911 amen.

1044 2127 1105 2202 52.

274 2274 348 2350 Ouo
372 2279 512 2353 schenkl
538 2279 617 2352 dens
648 2281 807 2380 Vulneris
835 2280 1071 2377 Besitzuupeu
1097 2281 1137 2351 iu
1164 2278 1421 2378 Mossynosoille.

1442 2420 1516 2479 Void
1539 2423 1603 2479 942
1624 2420 1785 2479 November
1807 2424 1857 2477 17.

363 2609 610 2683 Orininaldiplom
632 2612 674 2666 im
695 2611 1036 2682 Depertementolarcbio
1057 2629 1097 2667 zu
1119 2610 1225 2682 Nuncy
1249 2608 1310 2686 (A).

360 2765 477 2838 Impune
500 2767 531 2822 ia
554 2764 645 2823 Me'm.
669 2765 704 2822 de
726 2766 755 2823 lu
777 2783 833 2823 soc.
858 2764 1009 2824 d'urcledol.
1034 2765 1182 2823 Lorrainc
1206 2770 1246 2832 II,
1270 2768 1299 2831 1,
1322 2766 1385 2821 275
1409 2768 1441 2819 ηο
1464 2765 1482 2819 5
1506 2779 1562 2819 uus
1585 2760 1623 2819 A.

361 2919 494 2988 Versosst
516 2919 580 2976 aad
598 2920 784 2992 pescurteoea
805 2936 861 2975 ooo
876 2918 944 2975 BB.
969 2951 1010 2960 -
1032 2917 1096 2976 Der
1111 2916 1363 2988 Ausstelluuqsort
1385 2918 1424 2974 ist
1447 2917 1542 2974 bisher
1567 2915 1601 2992 (s
1621 2913 1778 2972 anroder
1793 2913 1899 2971 Jahrb.

361 3023 393 3082 0.
420 3030 443 3080 Ι.
468 3023 543 3102 128)
565 3023 627 3094 auf
649 3025 788 3082 Vouriers
810 3041 851 3080 (aas
873 3023 924 3080 der
946 3023 1038 3081 Aiane
1060 3022 1124 3080 aad
1143 3021 1204 3091 osef
1228 3022 1318 3094 Voyse
1345 3038 1386 3075 on
1415 3018 1468 3076 dor
1493 3019 1584 3075 Maus
1609 3017 1743 3090 pcdeattet
1772 3015 1898 3073 *roordera

358 3128 455 3185 sinen
482 3128 535 3187 Ort
563 3129 653 3201 Voyse
681 3146 722 3185 on
749 3128 800 3184 der
822 3127 913 3184 Maus
935 3127 1015 3195 riade
1037 3127 1082 3183 ich
1104 3126 1201 3193 nicht,
1236 3124 1363 3195 depensa
1386 3123 1495 3180 nrdclzte
1515 3121 1588 3178 Void
1610 3138 1650 3177 aaa
1672 3120 1724 3176 der
1746 3119 1835 3175 dicus
1859 3120 1901 3174 int

359 3231 475 3289 Westen
496 3249 552 3288 son
578 3231 652 3289 Toul
673 3231 724 3288 der
747 3230 886 3302 Sardiano
909 3230 1103 3300 eatsprecben.
1128 3263 1169 3270 -
1192 3227 1295 3285 Durch
1319 3225 1492 3295 Scbeulrunq
1514 3222 1565 3280 der
1580 3221 1660 3279 Aldu
1681 3218 1811 3296 (Depone
1834 3221 1852 3278 l.
1876 3238 1899 3278 r.

356 3339 391 3388 πθ
409 3330 452 3409 6),
477 3333 580 3390 rrelcbe
602 3332 679 3390 disse
701 3333 902 3405 Besitzunpen
923 3350 979 3390 roa
1000 3333 1093 3389 ibrem
1112 3331 1222 3390 Gatteo
1242 3331 1273 3388 V.
1297 3330 1342 3387 als
1364 3326 1484 3400 Mitqift
1514 3325 1644 3383 erhaltea
1673 3325 1766 3392 lmtte,
1795 3325 1901 3381 damea

358 3434 501 3493 disselben
522 3436 597 3492 acob
620 3435 708 3492 deren
733 3435 809 3494 Tode
830 3453 870 3493 aa
893 3435 947 3492 dns
970 3435 1090 3492 Kloster
1112 3434 1284 3491 Bouridres

359 3639 417 3718 (C.)
441 3641 456 3724 ff
477 3638 515 3703 In
537 3641 667 3702 nomine
691 3649 824 3703 sanctae
847 3650 879 3703 et
900 3638 1087 3703 individuae
1114 3638 1276 3701 trinitatis.
1323 3634 1400 3699 Otto
1431 3634 1541 3698 divina
1570 3635 1699 3697 favente
1728 3630 1899 3695 clementia

234 3750 323 3804 rex.
421 3743 557 3806 Noverit
581 3744 724 3806 omnium
738 3727 889 3807 ¹fidelium
913 3753 1098 3806 nostrorum
1121 3740 1295 3819 industria,
1318 3736 1331 3816 ll
1354 3738 1492 3823 qualiter
1514 3760 1574 3801 nos
1598 3760 1655 3821 por
1682 3739 1897 3799 interventum

235 3839 359 3908 fidelis
382 3848 482 3909 nostri
508 3844 638 3909 Ottonis
661 3846 753 3910 ducis
776 3846 905 3910 cuidam
929 3847 998 3909 viro
1014 3845 1179 3927 Volguuin
1201 3853 1387 3927 noncupato
1413 3840 1566 3926 quicquid
1582 3838 1744 3903 Nordbalt
1766 3841 1799 3902 in
1821 3837 1900 3900 villa

244 3965 318 4032 que
339 3958 477 4012 vocatur
499 3948 710 4031 Mangunuile
733 3951 766 4012 in
789 3951 945 4012 comitatu
969 3948 1131 4012 Sointiuse
1154 3946 1345 4031 possederat
1362 3954 1394 4006 ct
1411 3942 1531 4006 iudicio
1556 3941 1782 4004 scabineorum
1806 3939 1899 4001 fisca·

242 4057 322 4115 tum
343 4061 430 4133 erat,
464 4053 497 4115 in
520 4055 751 4136 proprietatem
774 4051 966 4116 donavimus
990 4073 1063 4114 cum
1087 4050 1236 4113 omnibus
1259 4048 1335 4112 illue
1358 4045 1506 4129 legaliter
1528 4043 1778 4129 pertinentibus,
1810 4063 1898 4104 man-

247 4156 347 4238 cipiis
376 4156 463 4238 agris
490 4157 593 4239 pratis
621 4157 752 4240 pascuis
782 4154 886 4235 silvis,
920 4178 984 4239 que
1008 4152 1193 4237 praedictus
1216 4149 1376 4215 Nordbalt
1399 4148 1597 4233 potestativa
1619 4167 1718 4208 manu
1740 4154 1896 4207 tenuerat.

250 4252 412 4320 Iussimus
441 4277 570 4341 quoque
599 4256 661 4320 hoe
692 4267 899 4340 praeceptum
929 4255 1004 4320 inde
1033 4254 1194 4320 conscribi
1223 4277 1281 4337 per
1309 4252 1397 4337 quod
1419 4250 1568 4314 volumus
1590 4248 1785 4333 firmiterque
1808 4245 1897 4310 iubo-

252 4379 342 4442 mus‚
378 4360 555 4445 quatinus⁸
587 4369 843 4443 prememoratus
866 4358 1032 4441 Volguuin
1061 4358 1214 4440 deinceps
1236 4356 1371 4420 liberam
1393 4354 1514 4418 habeat
1536 4361 1730 4437 potestatem
1753 4349 1896 4414 donandi

207 4461 226 4508 '³
256 4463 475 4527 commutandi
498 4461 549 4526 vel
572 4463 727 4549 quicquid
749 4485 791 4526 ex
814 4486 852 4527 eo
877 4462 938 4526 sibi
961 4462 1091 4527 libuerit
1113 4460 1264 4525 faciendi.
1308 4459 1351 4522 Et
1372 4467 1407 4522 ut
1429 4457 1492 4520 hoc
1519 4465 1648 4518 nostrae
1678 4454 1898 4516 concessionis

255 4576 464 4651 praeceptum
484 4566 613 4630 firmum
636 4565 816 4650 stabileque
839 4577 1042 4651 permaneat,
1077 4565 1152 4629 inde
1181 4574 1305 4627 cartam
1328 4561 1425 4626 scribi
1450 4559 1619 4644 sigilloque
1641 4569 1752 4620 nostro
1777 4556 1897 4618 firmari

256 4691 416 4733 russrmus.

355 4819 370 4899 1
392 4822 527 4907 Signum
550 4822 660 4887 domni
686 4821 815 4887 Ottonis
841 4823 930 4903 (ΜΡ.)
955 4820 1159 4888 serenisimib
1181 4823 1276 4908 regis.
1299 4816 1313 4900 ἒξ

356 4940 528 5021 ἓΒιίιιιοο
549 4943 763 5009 cancellarius
787 4945 935 5010 advicem
957 4943 1118 5008 Fridurici
1142 4942 1418 5006 archicancellarii
1441 4939 1624 5024 recognovi.
1647 4935 1661 5019 ἔξ
1684 4941 1742 5019 (SI.
1765 4938 1816 5017 D.)
1830 4930 1843 4976 ‘¹

355 5130 397 5185 51.
426 5129 520 5200 [Foltz]
624 5136 650 5193 a)
670 5134 778 5199 Signum
798 5134 887 5185 domni
905 5135 1009 5186 Ottonis
1028 5136 1188 5185 serenissimi
1206 5134 1317 5200 regias
1417 5129 1642 5194 b)0,1ulieaS.

357 5233 397 5286 52,
427 5232 521 5301 [Foltz]
614 5238 641 5296 a)
659 5252 725 5286 corr.
743 5253 791 5285 aas
808 5244 936 5302 quatenns
1023 5239 1051 5297 b)
1069 5237 1091 5287 A
1180 5248 1205 5298 c)
1224 5255 1239 5286 ο
1257 5235 1354 5286 solidat
1371 5251 1420 5284 oms
1437 5233 1547 5283 anderes·
1564 5230 1646 5281 Hand
1662 5230 1849 5295 euthym-apen
1867 5246 1896 5278 zu

422 5305 540 5424 qeiqm
557 5304 598 5423 sdl)
610 5303 678 5423 qaod
695 5305 753 5354 dem
765 5304 886 5355 Abdmek
903 5307 956 5371 arcs
966 5306 1024 5356 dem
1037 5307 1189 5372 Pergameae
1205 5305 1260 5355 aad
1276 5303 1343 5353 narb
1360 5303 1407 5352 der
1420 5301 1608 5367 Bescbres'baaq
1627 5303 1695 5350 dares
1712 5299 1828 5350 Vidimus
1840 5315 1896 5350 com
