4298 6414
816 451 1272 512 KAISERURKUNDEN.
1289 539 1307 569 ·

999 631 1085 706 aet.

224 784 306 861 Ouo
323 783 484 882 posedibat
501 782 571 856 den
589 785 630 856 s’n
646 785 747 883 Zopo
767 786 996 885 wolsulsofters
1012 788 1218 860 Zinsleuteru
1233 789 1292 861 des
1311 789 1505 863 Veroneser
1518 789 1678 864 Klosters
1691 789 1829 872 &Musis

218 909 254 978 in
279 903 429 1002 (lupeno
452 903 771 1001 Abpubcrufleilseit
793 906 872 978 send
896 907 1032 980 crtbeilt
1055 907 1164 981 ilonea
1189 909 1388 1008 Holzsenps-
1414 910 1495 983 suad
1518 911 1655 985 απάενο
1676 912 1784 989 Reus
1801 921 1827 991 iu

219 1025 290 1098 den
317 1022 578 1097 bersudsborteru
601 1023 782 1098 Wdlderrs.
1418 1050 1515 1108 pm
1537 1053 1602 1110 970
1626 1051 1743 1112 ΜΨ
1758 1059 1797 1115 22.

323 1248 412 1321 Copto
433 1265 490 1307 osse
512 1248 577 1306 dem
599 1248 724 1322 Ansersp
746 1250 795 1309 des
818 1255 868 1309 11.
886 1251 939 1311 Jb.
964 1254 997 1309 ia
1019 1251 1221 1325 Deplomform
1244 1255 1285 1311 im
1306 1254 1495 1315 Studturohe'v
1516 1274 1558 1315 au
1578 1256 1691 1316 Verona
1713 1256 1767 1337 (Β).
1837 1277 1847 1323 s

322 1406 478 1463 Murotori
499 1403 570 1462 Aret.
595 1404 665 1462 Ital.
689 1409 719 1474 3,
745 1409 785 1464 73
808 1422 864 1463 aas
882 1405 919 1463 B.
945 1439 986 1446 —
1008 1406 1181 1465 Biancolirri
1201 1406 1320 1466 Nottatc
1342 1408 1415 1466 delle
1438 1410 1533 1468 chiese
1556 1413 1590 1468 ia
1610 1410 1720 1469 Verona
1733 1410 1826 1489 (Veron

324 1506 418 1585 1761)
434 1512 469 1567 5⁰
484 1512 528 1568 52
541 1514 575 1565 ss⁰
590 1512 632 1567 18
654 1509 803 1581 unpebb'els
825 1527 881 1568 aus
900 1508 964 1567 dem
980 1512 1022 1568 ires
1037 1511 1259 1570 Klosterurclu'o
1282 1512 1470 1582 befiadls'ehers
1489 1511 1651 1586 Oriyr'rsale.
1676 1548 1714 1556 —
1734 1515 1828 1575 esen

320 1613 392 1685 Rea.
416 1614 490 1671 365.
514 1646 557 1653 —
580 1610 708 1685 &europs
724 1613 797 1684 Rep.
822 1615 894 1672 478.

325 1765 458 1836 Versosst
480 1782 537 1824 cors
559 1765 598 1824 Ie.
618 1765 657 1823 D.
680 1798 723 1808 -
744 1765 856 1839 Actopo
878 1768 916 1826 ist
938 1769 1013 1826 necle
1036 1765 1149 1840 Capella
1171 1768 1217 1827 Le
1232 1769 1424 1843 popolors'oai
1446 1771 1495 1830 dei
1516 1779 1595 1831 XIII
1613 1773 1753 1831 ‹rorrsusssu¹
1768 1772 1829 1830 Vero

321 1872 387 1929 nesi
409 1867 552 1947 (Vesana
574 1867 670 1947 1882)
692 1874 733 1929 13
756 1870 810 1928 dae
833 1872 947 1943 susurros
971 1871 1050 1943 Zopo
1073 1872 1207 1931 ndrdliclr
1227 1889 1283 1931 oon
1304 1873 1425 1933 Verona.
1842 1888 1863 1936 ts

322 2072 380 2153 (O.)
401 2075 415 2157 ᾗ
437 2071 476 2134 ln
498 2073 629 2136 nominc
652 2082 765 2155 sancte
788 2081 821 2135 et
848 2071 1014 2138 individue
1043 2073 1208 2137 trinitatis.
1254 2071 1332 2138 Otto
1363 2071 1475 2138 divina
1502 2084 1669 2140 annuente
1695 2073 1835 2139 clementia

219 2176 421 2259 imperator⁸
450 2183 618 2257 auugustus.
716 2174 838 2239 Notum
862 2177 904 2239 sit
927 2174 1078 2240 omnibus
1101 2175 1252 2240 fidelibus
1275 2185 1409 2241 sanctae
1432 2177 1485 2243 dei
1514 2176 1655 2262 ecclesie
1684 2179 1836 2262 nostrisque

220 2277 425 2360 presentibus
447 2286 546 2362 atque
569 2278 694 2359 futuris,
718 2276 732 2357 ἕξ
754 2278 908 2362 quoniam
931 2279 1116 2342 interventu
1138 2286 1171 2341 et
1193 2277 1420 2343 obsecratione
1441 2277 1611 2344 Radaldib
1635 2288 1745 2362 sancte
1765 2278 1837 2363 riqui-

219 2379 361 2463 legensis
384 2381 523 2465 ecclesie
546 2382 799 2446 reverentissimi
822 2379 1007 2465 patriarche
1031 2379 1226 2465 quibusdam
1248 2382 1416 2445 incensitis
1438 2382 1632 2447 monasterii
1654 2381 1749 2447 beate
1763 2380 1842 2462 llarie

220 2504 348 2568 semper
376 2485 512 2567 virginis
547 2486 678 2570 suisque
708 2482 880 2548 heredibus
910 2505 949 2547 ac
983 2481 1218 2568 proheredibus
1252 2505 1354 2568 usque
1387 2485 1645 2569 imperpetuum,
1682 2482 1844 2548 habitantes
1856 2499 1874 2546 u

220 2584 371 2649 videlicet
393 2587 427 2649 in
449 2585 527 2650 villa
549 2585 693 2670 Aciago,
729 2607 786 2669 per
812 2585 875 2649 hoc
905 2593 1036 2649 nostrae
1065 2583 1252 2649 donationis
1281 2596 1473 2671 preceptum
1496 2586 1711 2652 concedimus
1733 2608 1787 2672 pro
1806 2585 1846 2649 dei

219 2709 330 2751 amore
354 2709 465 2752 omnes
488 2690 679 2774 pinsiones⁶
701 2687 903 2772 herbaticum
925 2697 1023 2772 atque
1047 2689 1224 2753 escaticum
1246 2689 1314 2753 iure
1330 2691 1560 2774 proprietario,
1584 2712 1649 2776 que
1664 2688 1710 2754 ad
1723 2699 1848 2754 nostran

219 2792 342 2875 regiam
372 2792 530 2857 hactenus
558 2802 685 2878 partem
714 2793 952 2877 pertinuerunt,
981 2801 1017 2855 ut
1046 2790 1153 2856 nullus
1183 2791 1338 2879 deinceps
1366 2791 1477 2858 lraecd
1499 2816 1557 2859 eos
1580 2792 1662 2858 dare
1684 2790 1849 2877 compellet,

219 2898 397 2961 santientes
420 2897 552 2981 insuper
568 2906 604 2961 ut
620 2896 751 2962 nullusc
774 2897 945 2981 potestatis
967 2917 1108 2980 persona
1131 2894 1263 2975 eosdem
1286 2898 1461 2962 incensitos
1487 2899 1520 2962 iu
1544 2897 1775 2982 prenominata
1788 2893 1851 2958 villa

219 2998 375 3083 degentes
398 2998 590 3083 distringere
613 3001 787 3085 pignorare
808 2997 974 3082 flagellare
993 3001 1098 3062 autin
1114 2998 1223 3084 aliquo
1240 2999 1413 3064 molestare
1431 3001 1550 3066 iniuste
1569 3009 1740 3085 presumat
1756 2997 1883 3064 nichilrt

220 3124 281 3186 quc
305 3103 394 3167 aliud
417 3105 519 3167 eisin
543 3103 687 3189 quolibet
710 3104 1009 3187 superimponatur,
1040 3099 1089 3164 his
1119 3104 1265 3186 exceptis
1294 3124 1356 3187 que
1380 3102 1423 3167 ad
1445 3102 1609 3188 prefatum
1634 3103 1852 3167 monasterium

219 3203 354 3268 reddere
383 3207 596 3270 continuatim
625 3205 712 3269 soliti
740 3205 883 3286 fuerunt,
919 3213 951 3266 ot
980 3214 1015 3266 ut
1045 3205 1240 3287 potestative
1271 3227 1310 3269 ac
1343 3214 1455 3269 nostra
1484 3205 1690 3270 donatione⁰
1723 3207 1757 3268 in
1786 3202 1852 3268 silva

220 3306 345 3372 Allaria
367 3308 596 3393 capellaticum
620 3309 868 3373 seminationem
892 3308 1073 3372 arationem
1096 3316 1128 3371 ct
1150 3328 1274 3391 pascua
1297 3317 1329 3372 et
1355 3309 1388 3371 in
1411 3307 1494 3372 silva
1522 3308 1791 3374 herimannorum
1808 3305 1852 3370 hs·

221 3409 319 3474 issent
343 3413 428 3476 sicut
450 3411 506 3476 alii
530 3410 670 3497 Azagini
693 3420 807 3475 nostra
829 3409 1019 3494 plenissima
1042 3407 1211 3493 largitate,
1241 3412 1385 3474 omnium
1414 3410 1584 3475 hominum
1606 3409 1852 3476 contradictione

220 3522 354 3576 rornota.
400 3512 432 3578 Si
464 3515 535 3599 quis
563 3516 662 3597 igitur
689 3512 752 3578 hoc
781 3522 913 3577 nostrae
940 3510 1127 3576 donationis
1151 3524 1340 3598 preceptum
1363 3513 1538 3598 infringere
1561 3524 1621 3579 aut
1643 3513 1886 3590 contradiceres

220 3614 396 3700 aliquando
428 3619 596 3702 quesierit,
630 3617 713 3681 sciat
742 3613 800 3678 sof
820 3616 1076 3699 compositurum
1106 3616 1175 3680 auri
1207 3618 1318 3701 optimi
1346 3615 1448 3680 libras
1480 3626 1630 3700 centum,
1662 3616 1853 3682 medietatem

222 3717 351 3781 karrrcere
379 3731 509 3783 nostrae
539 3732 570 3783 ct
600 3719 806 3783 medietatem
836 3719 916 3803 ipsis
946 3719 1113 3782 incensitis
1146 3741 1321 3804 coriumque
1350 3719 1524 3785 heredibus
1553 3743 1593 3786 ac
1618 3721 1851 3806 proheredibus.

221 3821 319 3899 Quod
343 3832 377 3884 nt
401 3825 507 3887 verius
531 3823 681 3887 credatur
704 3822 981 3907 diligentiusqueg
1009 3823 1245 3907 imperpetuum
1275 3823 1316 3886 ab
1349 3823 1500 3888 omnibus
1530 3822 1739 3909 observetur,
1768 3845 1851 3890 mauu

223 3926 353 4007 propria
376 3924 567 3990 roborantes
590 3926 678 3990 anuli
703 3927 804 3990 nostri
827 3926 1029 4009 inpressione
1052 3926 1198 4008 insigniri
1221 3928 1383 3990 iussimus.

322 4080 334 4093 D!

321 4096 335 4160 p
358 4077 492 4161 Signum
516 4079 625 4144 domni
650 4079 781 4144 Ottouis
806 4079 870 4159 (M.)
895 4079 1101 4143 invictissimi
1124 4081 1377 4164 imperatoris.}{
1864 4092 1886 4139 so

321 4197 549 4281 {Ambrosius
579 4199 792 4264 cancellarius
821 4198 971 4263 advicem
993 4199 1133 4264 Huberti
1158 4200 1303 4285 episcopi
1327 4208 1359 4263 et
1381 4197 1665 4265 archicancellarii
1688 4196 1849 4284 recognovi

220 4308 253 4363 ct
275 4299 463 4384 subscripsi.
486 4301 500 4380 {2

322 4455 445 4520 Datum
474 4474 520 4521 xi.
550 4457 616 4522 kal.
647 4456 727 4522 febr.
757 4479 842 4521 anno
874 4457 1038 4522 dominice
1071 4457 1304 4521 incarnationis
1338 4472 1592 4541 Dccccbxvnn,
1628 4459 1754 4543 imperii
1783 4476 1850 4520 vero

220 4558 329 4623 domni
354 4559 484 4624 Ottouis
508 4579 579 4641 u'111,
602 4561 779 4625 indictione
803 4578 882 4643 x1113
906 4571 1015 4626 actum
1037 4561 1155 4646 Papie3
1178 4560 1324 4624 feliciter.

996 4797 1082 4871 385.
1863 4824 1887 4871 se

227 4953 306 5029 Ouo
333 4955 472 5028 solserslet
498 4955 562 5027 der
589 4953 890 5052 erzhisolso'fliclsou
916 4953 1051 5026 Kirclse
1077 4979 1122 5026 zu
1149 4952 1374 5051 Mapdebrsrp
1399 4955 1522 5025 seinos
1549 4952 1667 5026 Besitz
1695 4955 1735 5025 in
1760 4950 1850 5027 Gud-

219 5075 347 5148 dcslers.
1414 5094 1509 5152 Puoio
1531 5096 1594 5153 970
1619 5093 1744 5153 Januar
1764 5095 1813 5153 23.

319 5284 410 5342 Liber
427 5285 506 5357 prio.
529 5302 552 5342 s.
573 5285 719 5342 olaus-scu·
740 5301 796 5342 serres
820 5285 884 5343 dem
907 5284 992 5342 Ihsde
1015 5284 1064 5343 clos
1086 5288 1137 5342 11.
1155 5283 1206 5342 Jh.
1233 5281 1256 5353 f.
1274 5280 1324 5341 16¹
1347 5284 1390 5339 ior
1412 5283 1439 5341 lt.
1457 5281 1661 5343 Stootsorcbiv
1681 5300 1723 5341 ru
1737 5279 1850 5355 Maedo-

319 5388 393 5460 brsrp
418 5384 481 5464 (C).
503 5419 546 5429 —
568 5387 787 5461 Mopdebserpor
804 5385 981 5460 Copiolbseols
1003 5386 1052 5445 des
1076 5388 1125 5445 15.
1143 5385 1195 5444 Jls.
1221 5382 1244 5454 f.
1260 5389 1303 5444 20
1327 5385 1436 5443 corruda
1460 5384 1471 5463 (
1503 5384 1525 5462 ).

303 5554 360 5607 aar.
388 5555 495 5623 [Sickel]
600 5557 627 5618 a)
646 5559 757 5622 impetor
775 5557 801 5606 Β
904 5557 933 5616 h)
951 5555 1013 5605 eser
1035 5558 1043 5605 i
1067 5553 1192 5603 occhein
1215 5569 1229 5603 e
1252 5551 1482 5616 e'e'berpeeclrrs'eben,
1504 5553 1560 5602 aleo
1578 5551 1713 5619 eiqmtls‘dr
1731 5550 1848 5603 Radaldei
1861 5549 1887 5597 4⁰

387 5645 410 5682 (ε)
433 5626 457 5675 Β
560 5626 588 5687 sl)
606 5643 633 5674 so
651 5624 784 5676 oerwtsclst
803 5627 830 5674 ἐπ
850 5624 875 5674 Β
892 5625 954 5675 duee
972 5630 1036 5675 etwa
1054 5622 1121 5672 auch
1144 5623 1194 5672 hoc
1215 5620 1316 5686 peleeeu
1333 5621 1434 5672 wer-dm
1452 5621 1523 5671 kann
1627 5621 1653 5689 e)
1670 5623 1699 5671 ὄπ
1716 5621 1792 5685 Ioue
1807 5634 1849 5669 oon

384 5696 517 5746 consetur
536 5695 654 5745 rersss'clrer
758 5695 779 5756 s)
791 5693 861 5756 fehlt
880 5695 907 5741 s'n
927 5693 953 5742 Β
1056 5693 1083 5759 g)
1103 5698 1128 5743 et
1147 5692 1352 5757 diligentiusque
1371 5690 1403 5740 Β.

1919 862 1923 933 l
