4298 6414
92 456 155 522 620
685 453 1135 514 KAISERURKUNDEN.

192 653 317 716 nodosos,
341 647 380 703 ist
402 646 472 704 otor
493 640 731 703 roohrscbeiaticb
752 643 810 698 erat
831 642 933 712 spdter
954 636 1135 711 anpesertipt
1157 635 1287 695 worm
1331 634 1441 695 Weber
1462 632 1517 691 der
1530 631 1659 693 Falerio
1676 637 1712 696 dir

192 749 335 810 stottlicbe
350 747 547 807 Nomenrcihc
568 763 624 803 von
640 745 833 804 Bistbttmera
856 746 1039 801 cntnommcn
1061 741 1121 811 hat,
1143 740 1328 800 omcocttm
1349 740 1408 797 wir
1427 737 1510 796 mur
1531 736 1708 808 sartacteta.

294 953 333 1016 In
355 951 486 1017 nomine
509 958 621 1033 sancte
644 958 677 1013 et
699 946 865 1030 individue
887 946 1052 1011 trinitatis.
1090 942 1169 1010 Otto
1193 942 1308 1007 divina
1328 941 1464 1006 favente
1487 941 1648 1008 clementia
1664 947 1708 1011 in·

92 1066 221 1145 perator
235 1063 403 1141 augustus.
491 1051 525 1117 Si
546 1051 691 1116 fidelium
707 1073 745 1114 ac
763 1071 929 1114 servorum
952 1047 1003 1112 dei
1027 1046 1121 1112 nobis
1143 1045 1284 1111 fideliter
1306 1067 1346 1110 ac
1370 1043 1489 1109 devote
1510 1045 1706 1115 famulantium

92 1163 283 1247 peticiones,
314 1159 391 1224 durn
413 1156 508 1221 nobis
532 1177 590 1240 pro
615 1156 736 1220 suiset
759 1153 879 1218 nostris
901 1150 1095 1217 utilitatibus
1118 1170 1158 1213 ac
1180 1147 1433 1214 necessitatibus
1456 1148 1656 1233 innotuerint,
1675 1153 1727 1218 adt

91 1266 238 1330 effectum
267 1261 490 1348 perducimus,
519 1280 586 1322 non
616 1256 721 1321 solum
749 1266 994 1320 antecessorum
1021 1263 1207 1319 nostrorum
1236 1273 1350 1335 regum
1379 1261 1480 1337 atque
1506 1253 1705 1337 imperatorum

91 1366 272 1432 imitando*
300 1363 584 1443 consuetudinem,
615 1381 729 1425 verum
757 1360 855 1424 etiam
884 1356 928 1422 ad
955 1356 1051 1442 beate
1073 1365 1106 1421 et
1127 1366 1237 1421 eterne
1259 1356 1532 1420 remunerationis
1553 1357 1705 1423 mercedis⁸

91 1469 171 1534 talia
192 1467 287 1532 nobis
309 1466 397 1530 facta
421 1464 590 1550 profutura
612 1462 769 1547 prodesse
792 1459 915 1546 liquido
939 1459 1111 1524 credimus.
1147 1459 1356 1544 Quapropter
1379 1460 1526 1524 omnium
1548 1470 1649 1524 sancte
1668 1461 1705 1528 dei

91 1571 227 1656 ecclesie
250 1568 395 1633 fidelium
418 1577 668 1652 nostrorumque
691 1575 758 1629 tam
781 1563 979 1648 presentium
997 1584 1094 1649 quam
1110 1571 1143 1627 et
1157 1562 1338 1628 futurorum
1362 1571 1544 1647 cognoscat
1564 1563 1704 1647 industris

91 1679 167 1762 quia
198 1683 386 1739 antecessor
414 1681 525 1736 noster
553 1669 696 1735 Karolus
724 1688 864 1750 magnus
893 1688 952 1750 pro
981 1675 1091 1750 eterne
1122 1665 1283 1730 mercedis
1313 1675 1538 1748 augumento·
1570 1664 1705 1750 quoddam
1719 1688 1737 1733 n

91 1778 321 1843 monasterium
344 1777 376 1839 in
392 1775 574 1859 Ratispona
596 1775 728 1838 civitate
751 1768 840 1856 quod
863 1777 913 1833 est
935 1776 1157 1834 constructum
1179 1771 1213 1833 in
1235 1768 1358 1833 honore
1374 1778 1490 1853 sancte
1504 1769 1705 1854 Mariematris

91 1882 214 1946 domini
237 1889 270 1944 et
291 1879 448 1964 principis
472 1875 694 1961 apostolorum
717 1873 804 1937 Petri
828 1881 861 1936 et
882 1871 1023 1957 preciosi
1046 1871 1097 1936 dei
1121 1874 1273 1957 martyris
1296 1872 1541 1955 Emmerammi,
1562 1872 1616 1937 ubi
1634 1895 1707 1939 vene

90 1984 193 2048 rabile
216 2004 334 2067 corpus
357 1982 425 2045 eius
449 1981 622 2065 requiescit
643 1978 812 2043 humatum
835 1986 963 2041 etcum
986 2000 1024 2042 eo
1048 1999 1189 2063 corpora
1211 1985 1244 2041 et
1265 1976 1365 2041 multe
1388 1975 1526 2062 reliquie
1549 1988 1708 2043 sanctorum

92 2096 167 2150 sunt
195 2086 317 2169 locate,
347 2092 437 2148 recta
464 2084 591 2147 rationo
618 2080 756 2146 fideliter
783 2082 817 2144 in
847 2101 937 2145 suam
967 2088 1000 2144 et
1028 2101 1255 2145 successorum
1284 2082 1353 2146 cius
1377 2089 1577 2164 potestatem
1597 2082 1709 2164 recepit,

91 2190 228 2275 proinde
251 2191 321 2273 ipse
344 2209 419 2253 cum
441 2187 634 2252 auctoritate
657 2206 742 2270 pape
764 2184 887 2248 Leonis
908 2182 1057 2269 filiusque
1080 2184 1150 2248 eius
1173 2183 1364 2249 Luduuicus
1387 2205 1463 2248 oum
1478 2183 1624 2267 Eugenio
1643 2205 1711 2268 papa
1723 2199 1743 2244 15

92 2303 124 2358 ct
146 2296 219 2378 pius
242 2292 433 2357 Loduuicus
455 2313 516 2355 rex
538 2312 614 2354 cum
635 2288 784 2373 Nycolao
809 2309 896 2373 papa
918 2296 952 2352 et
973 2285 1129 2352 Arnolfirs
1158 2287 1336 2373 imperator
1363 2309 1439 2352 cum
1466 2287 1624 2352 Formoso
1644 2309 1713 2372 papa

92 2396 368 2461 confirmaverunt
390 2394 430 2457 dc
453 2392 599 2478 predicto
622 2393 819 2457 monasterio
842 2413 907 2455 uno
932 2413 1062 2476 quoque
1085 2406 1380 2456 annov11aureos
1403 2389 1548 2475 persolvi
1570 2390 1612 2454 ad
1631 2391 1714 2455 altare

93 2500 196 2564 sancti
212 2498 309 2562 Petri.
343 2496 470 2561 Idcirco
495 2505 685 2560 cunctorum
710 2504 823 2558 sancte
847 2495 898 2560 dei
923 2493 1060 2578 ecclesie
1082 2493 1226 2558 fidelium
1249 2495 1409 2580 presentis
1433 2493 1561 2559 scilicet
1582 2496 1715 2578 temporis

92 2625 131 2666 ac
154 2602 253 2666 futuri
276 2599 499 2665 manifestetur
522 2598 670 2682 collegio,
694 2597 782 2683 quod
804 2619 865 2661 nos
888 2618 945 2682 per
963 2599 1181 2662 interventum
1196 2597 1378 2663 dulcissimi
1393 2598 1505 2662 fratris
1520 2600 1622 2662 nostri
1635 2597 1717 2662 Hein-

91 2708 149 2770 rici
175 2704 266 2769 ducis
289 2703 517 2767 Baioariorum
546 2702 684 2767 eundem
713 2700 821 2765 locum
848 2703 883 2764 in
912 2699 1062 2786 synodali
1092 2699 1230 2765 concilio
1255 2711 1330 2765 ante
1353 2700 1456 2765 altare
1480 2703 1636 2787 principis
1655 2718 1752 2786 apo-20

93 2808 248 2874 stolorum
271 2809 357 2872 Petri
382 2809 415 2871 in
437 2808 601 2893 presentia
624 2806 733 2870 domni
757 2815 790 2869 et
810 2804 1005 2870 venerabilis
1028 2826 1113 2891 pape
1136 2805 1291 2871 Iohannis
1314 2815 1347 2871 et
1369 2807 1404 2870 in
1426 2808 1592 2890 presentia
1613 2807 1720 2891 episco-

92 2935 206 2999 porum
232 2929 276 2975 cx
304 2920 337 2975 et
359 2928 409 2974 vn
439 2910 669 2974 confirmamus
697 2910 731 2973 in
761 2919 922 2993 potestate
950 2910 1182 2994 imperatorum
1211 2910 1280 2973 sive
1309 2929 1424 2992 regum
1451 2931 1555 2995 usque
1582 2910 1616 2973 in
1642 2931 1721 2974 evum

94 3038 283 3102 permanere
305 3022 439 3100 propter
461 3012 703 3097 improbitatem
726 3014 954 3097 episcoporum
978 3012 1123 3077 eiusdem
1147 3013 1304 3095 civitatis,
1334 3013 1412 3098 quia
1434 3034 1502 3077 non
1526 3035 1650 3095 omnes,
1675 3011 1723 3076 sed

93 3119 182 3185 multi
207 3142 248 3183 ex
271 3121 318 3182 cis
342 3139 468 3201 semper
490 3114 651 3180 invidiose
674 3116 916 3181 contendebant
937 3126 1051 3181 contra
1074 3116 1212 3182 eundem
1235 3125 1386 3180 sanctum
1407 3115 1530 3180 locum.
1560 3117 1724 3202 Propterea

92 3224 243 3289 volumus
267 3223 309 3287 ob
332 3242 477 3285 amorem
499 3229 532 3283 et
553 3218 710 3285 honorem
734 3221 838 3282 sancti
861 3218 948 3283 Petri
978 3218 1018 3284 de
1047 3220 1195 3305 predicto
1224 3221 1423 3285 monasterio
1453 3242 1589 3285 censum
1616 3222 1760 3303 augeria

93 3337 129 3392 ut
151 3337 293 3391 rectores
319 3324 466 3390 eiusdem
494 3323 620 3389 cenobii
651 3346 709 3408 pro
740 3322 928 3387 defensione
951 3332 983 3387 ct
1005 3345 1064 3408 pro
1092 3323 1241 3388 libertate
1264 3323 1409 3388 eiusdem
1431 3324 1497 3389 loci
1520 3347 1586 3389 uno
1610 3346 1725 3410 quoqne

92 3453 177 3494 anno
202 3430 338 3494 offerant
352 3428 455 3511 Rome
478 3426 647 3491 dimidiam
669 3426 786 3490 libram
809 3427 895 3491 cocti
918 3427 987 3491 auri
1011 3426 1055 3491 ad
1077 3426 1181 3491 altare
1206 3428 1310 3492 sancti
1325 3427 1422 3509 Petri,
1446 3436 1479 3492 et
1502 3429 1549 3492 ita
1570 3427 1726 3493 confirma-

4 3597 9 3603 .
92 3557 163 3599 mus
180 3556 254 3599 cum
269 3533 464 3598 auctoritate
479 3552 564 3616 pape
587 3540 619 3594 et
642 3530 870 3615 episcoporum
892 3530 1047 3613 Pisensis,
1070 3529 1243 3614 Auriensis,
1267 3529 1483 3614 Auecensisl’,
1508 3531 1726 3612 Vulterrensis,

94 3637 269 3716 Cluscnsis,
299 3633 492 3715 chulanus,
521 3631 738 3712 Florentinus,
770 3631 932 3709 Senensis,
961 3632 1150 3716 Areticnsis,
1181 3631 1367 3713 Sutriensis,
1398 3632 1439 3697 de
1468 3645 1585 3698 sancta
1610 3633 1726 3715 Rufina,

94 3739 282 3819 Concensis,
307 3737 471 3819 rllbensis,
495 3734 699 3816 Sessulanus,
723 3736 947 3817 Terratiensis,
970 3735 1189 3818 Prenestinus,
1213 3736 1430 3816 Tusculanus,
1447 3734 1636 3821 Oaietanns,
1650 3737 1725 3801 Fun·
1741 3752 1765 3799 to

94 3841 207 3920 danus,
238 3842 499 3922 Beneuentanus,
532 3838 717 3923 Capuanus,
749 3836 982 3922 Salernitanus,
1017 3838 1264 3923 Neapolitanus,
1297 3838 1500 3922 Malfitanus,
1536 3840 1726 3926 Sipontinus,

94 3944 289 4026 Accolanus,
314 3943 557 4024 Auceriensis⁰,
586 3942 787 4022 Narniensis,
817 3941 1035 4026 Nuceriensis,
1065 3941 1295 4026 Fulingiensis,
1319 3940 1529 4028 Spoletanus,
1553 3944 1727 4024 Perusinus,

95 4050 280 4129 lirinensis,
312 4046 469 4128 Ortensis,
498 4045 736 4125 Anconitanus,
770 4045 941 4128 Fanensis,
977 4045 1235 4131 sinogalliensis,
1264 4047 1448 4130 Humanus,
1480 4049 1728 4128 Pensauriensis,

94 4152 319 4231 Ariminensis,
343 4149 525 4230 Pinnensis,
548 4148 734 4231 Rauennas,
757 4148 961 4231 Mutinensis,
985 4149 1165 4233 Regiensis,
1188 4150 1385 4233 Parmensis,
1404 4151 1626 4235 Placentinus,
1645 4151 1729 4215 Polo·

93 4257 230 4335 niensis,
266 4253 452 4333 Inrulensis,
491 4253 700 4335 Fauentinus,
736 4250 1053 4336 Forumpoliensisd,
1085 4252 1269 4336 Bobiensis,
1308 4252 1505 4337 Oisenensis,
1543 4253 1771 4335 Cannensium

94 4359 389 4438 (Jornrnaculensis,
424 4357 655 4437 Ferrariensis,
689 4354 875 4438 Adriensis,
913 4354 1190 4440 Aquileianeusis,
1229 4357 1461 4440 Taruisicnsis,
1500 4355 1729 4438 Cenodcnsis⁸,

94 4463 334 4542 (frontonensis,
358 4459 580 4538 Nouariensis,
611 4458 828 4547 Yporeiensjs,
859 4459 1038 4544 Artensisf,
1068 4461 1289 4543 Tauriucnsis,
1318 4460 1493 4546 Aquensis,
1522 4461 1730 4542 Belloncusis,

93 4568 306 4649 'l'rigostinus,
330 4563 549 4644 Tridentinus,
572 4560 781 4643 Ueronensis,
805 4560 983 4646 Cumanus,
1004 4562 1228 4647 Uincentinus,
1251 4565 1454 4648 Parentinus,
1475 4563 1730 4645 Concordiensis,

93 4670 295 4748 llidenonsis,
320 4666 527 4747 Mantuanus,
552 4664 742 4748 Gradensis,
761 4666 1026 4750 Mediolanensis,
1042 4665 1270 4751 Uercellensis,
1287 4669 1482 4752 Laudensis,
1498 4670 1729 4756 Pergamensis,

94 4775 272 4859 l’apiensis,
299 4771 589 4853 Albitigenensisss,
612 4771 792 4853 Remensis,
815 4772 1039 4855 Pictauieusis,
1062 4772 1272 4854 Turonensis,
1296 4772 1501 4854 Parisiensis,
1525 4772 1774 4854 Arelatensium

95 4877 301 4955 ll'iennonsis,
325 4873 565 4958 Lugdunensis,
591 4873 806 4957 Genouensis,
833 4875 1150 4957 Lausosannensisa,
1179 4875 1400 4959 Mogontinus,
1430 4874 1731 4960 blagdaburgensis,

96 4980 360 5060 ll'orrnncicnsis,
391 4974 662 5060 Constanticnsis,
694 4976 992 5063 Wurcipurgensis,
1021 4977 1260 5060 Rubilocensis,
1289 4976 1517 5061 Augustensis,
1548 4979 1732 5044 Halbersta·

92 5088 235 5165 renum,
264 5082 436 5167 Spirensis,
461 5078 634 5164 Curiensis,
659 5078 872 5159 Coloniensis‚
896 5079 1119 5163 Leodicensis,
1142 5080 1371 5163 Traiectensis,
1395 5081 1588 5166 Mindensis,
1611 5082 1732 5147 Hosen·

94 5190 297 5268 tenuissimis,
321 5186 542 5264 Treuerensis,
566 5184 746 5267 Mettensis,
769 5183 952 5268 Citicensis,
976 5184 1206 5268 Uerdonensis,
1223 5184 1395 5267 Tullensis,
1411 5186 1627 5270 quauiensis,
1643 5187 1732 5250 Pata·

92 5296 223 5369 ‚nursi-s,
244 5291 471 5373 l'riaingcnsis,
488 5289 700 5372 Brixinensis,
717 5289 902 5372 Bragensis,
918 5287 1081 5353 Michshel
1096 5288 1354 5373 Ratisponcnsis,
1378 5298 1413 5352 ut
1430 5291 1457 5352 si
1475 5292 1550 5375 quis
1563 5292 1732 5375 imperator
1747 5305 1775 5354 45

91 5436 106 5463 a
123 5418 147 5464 n.
171 5420 227 5463 ιἰικ
253 5393 391 5459 eandem
414 5392 587 5476 ecclesiam
610 5402 679 5458 tam
702 5402 849 5457 sanctam
872 5391 968 5457 alicui
991 5401 1123 5476 prestet,
1147 5393 1189 5456 sit
1211 5393 1384 5457 anathema
1407 5394 1611 5478 maranatha,
1634 5394 1733 5459 idest

179 5604 235 5661 427,
264 5598 360 5669 [l'oltz]
457 5602 483 5661 a)
503 5601 529 5651 B
624 5600 650 5665 b)
669 5601 695 5651 B
711 5607 772 5651 stote
790 5602 928 5663 Lunensis,
947 5602 1091 5652 Luccensis
1184 5602 1207 5665 c)
1225 5601 1322 5651 Betae
1333 5601 1501 5652 Luceriensis
1595 5600 1623 5664 d)
1641 5600 1734 5650 aeuo

265 5670 528 5737 t'nrunrpopuliensis
616 5669 641 5736 e)
660 5671 686 5721 B
702 5676 762 5720 atott
782 5671 942 5721 Cenedcusis
1031 5669 1051 5735 s)
1069 5669 1096 5720 B
1112 5675 1172 5722 atott
1190 5671 1308 5721 Astensis
1400 5670 1427 5734 g)
1447 5669 1474 5720 B
1490 5675 1553 5722 stott
1570 5669 1733 5736 Albingensis

263 5740 326 5795 salar
343 5745 404 5792 etate
422 5739 661 5791 Albintimilicnsis.
