4298 6414
222 442 287 509 630
816 450 1270 510 KAISERURKUNDEN.

225 634 279 719 qui
304 632 422 698 dieitur
444 630 575 697 Scanno
599 640 632 697 et
654 630 782 697 Gazala
805 654 878 698 cum
902 631 1113 699 sediminibus
1142 655 1202 698 sex
1230 653 1303 697 cum
1333 633 1437 697 servis
1459 638 1494 696 et
1515 628 1647 697 ancillis
1669 652 1741 695 curn
1761 632 1849 696 vineis

227 733 353 822 [plratis
387 737 519 822 pascuis
553 735 644 801 silvis
677 735 877 820 ingressibus
911 745 943 802 et
975 736 1162 819 egressibus
1197 743 1230 800 et
1260 735 1433 800 frascareis
1470 756 1546 801 cum
1581 732 1796 819 superioribus
1823 747 1850 801 ct

223 837 430 904 interioribus
460 860 533 903 oum
566 841 652 903 omni
682 838 804 905 honore
835 861 908 904 cum
938 838 1024 904 fotro
1055 847 1087 903 et
1114 837 1316 921 albergarias
1346 838 1531 904 cumomni
1556 836 1716 902 districto.
1757 837 1797 902 Et
1814 838 1848 903 do

224 940 371 1005 similiter
399 943 432 1005 in
455 940 590 1006 Telamo
620 963 679 1005 sex
708 963 839 1007 mansos
867 964 941 1006 cum
970 965 1030 1007 sex
1053 940 1212 1007 sedimine
1241 941 1297 1006 ubi
1327 941 1445 1007 dicitur
1468 940 1569 1006 Galia
1592 962 1670 1006 cum
1690 939 1761 1005 aliis
1780 940 1850 1007 loeis

222 1042 301 1108 inibi
331 1065 432 1129 prope
461 1042 626 1108 edificatif
653 1065 727 1108 cum
758 1046 860 1109 servis
889 1054 921 1109 et
950 1042 1076 1109 ancillis
1105 1066 1180 1110 cum
1209 1043 1375 1128 gressibus
1403 1054 1435 1108 ct
1456 1042 1659 1129 ingressibus
1682 1065 1754 1109 cum
1775 1048 1873 1110 omns

222 1145 346 1211 honore
383 1169 457 1211 cum
494 1148 594 1232 pratis
632 1147 735 1212 vineis
774 1146 921 1213 stalarcis
959 1150 1089 1234 pascuis
1127 1147 1217 1212 silvis
1255 1145 1419 1212 montibus
1457 1143 1634 1232 planiciis‘
1669 1167 1743 1211 cum
1776 1150 1850 1211 omni

223 1248 379 1313 districto.
424 1249 469 1313 Et
499 1248 598 1313 offero
627 1250 660 1313 in
691 1248 810 1314 edemf
836 1250 1023 1335 supradicto
1053 1252 1250 1315 monasterio
1281 1251 1314 1313 in
1342 1250 1537 1335 episcopatu
1560 1246 1715 1313 Comensi
1736 1249 1768 1311 in
1787 1248 1849 1314 loco

222 1353 276 1437 qui
300 1352 419 1418 dicitur
440 1352 626 1417 Menchrice
650 1362 775 1438 septem
797 1375 940 1435 mansos,
966 1355 1050 1418 sicut
1073 1362 1148 1418 sunt
1171 1352 1386 1435 determinati,
1411 1361 1443 1416 et
1465 1351 1691 1417 molendinum
1712 1374 1806 1417 unum
1824 1364 1851 1417 et

222 1453 320 1520 alium
343 1454 484 1520 medium
508 1477 582 1520 cum
608 1457 709 1520 servis
733 1466 765 1521 et
788 1454 932 1539 ancillis,
963 1456 1122 1522 audianos
1151 1464 1184 1521 et
1212 1453 1395 1521 audienass
1419 1455 1591 1535 videlicet,
1626 1475 1701 1519 cum
1729 1455 1851 1520 diversis

223 1560 349 1643 campis
372 1560 475 1622 vineis
498 1561 601 1643 pratis
623 1561 756 1643 pascuis
779 1559 870 1623 silvis
894 1559 1043 1625 stalareis
1070 1561 1148 1645 ripis
1171 1560 1296 1645 rupinis
1318 1556 1483 1622 montibus
1511 1552 1720 1641 planicibus‘
1745 1557 1852 1622 molen·
1866 1571 1888 1617 ro

224 1660 308 1725 diuis
332 1664 425 1747 aquis
449 1683 670 1748 aquarumque
694 1661 885 1728 decursibus
911 1661 996 1746 [cum
1020 1664 1136 1748 s]ervis
1160 1671 1193 1728 et
1215 1660 1342 1727 ancillis
1364 1683 1404 1725 ac
1422 1660 1557 1725 familiis
1580 1662 1748 1745 utriusque
1768 1682 1853 1725 sexus

224 1766 334 1830 omnia
356 1766 389 1828 in
411 1766 570 1849 integrum
594 1769 770 1830 cumomni
794 1766 917 1832 honore
939 1777 970 1831 et
994 1768 1082 1832 omni
1106 1766 1252 1832 districto
1277 1774 1308 1829 et
1330 1763 1534 1848 albergarias
1556 1772 1591 1828 et
1613 1763 1700 1828 fotro
1719 1774 1752 1828 et
1768 1764 1851 1827 intra·

223 1877 329 1931 turam
352 1867 482 1932 abbatis
505 1877 537 1932 et
558 1870 799 1933 investiciones.
845 1870 889 1933 Et
912 1870 1057 1935 concedo
1081 1867 1228 1934 similiter
1249 1870 1283 1933 in
1305 1867 1467 1954 prefatum
1497 1868 1732 1932 monasterium
1754 1889 1852 1952 supra-

223 1972 425 2034 nominatum
454 1972 487 2033 iu
518 1972 709 2057 episcopatu
738 1972 881 2037 Nouario
908 1974 942 2036 in
970 1971 1043 2036 loco
1074 1973 1127 2058 qui
1157 1971 1274 2036 dicitur
1296 1971 1384 2037 Fara
1411 1992 1471 2035 sex
1500 1990 1651 2052 mansos,
1682 1971 1766 2034 sicut
1789 1980 1854 2035 sunt

223 2073 438 2155 determinati,
462 2095 536 2138 curu
559 2096 617 2138 sex
641 2074 800 2140 sedimine
822 2097 895 2139 cum
920 2077 1021 2140 servis
1045 2084 1078 2139 et
1100 2072 1227 2139 ancillis
1250 2096 1324 2138 cum
1348 2074 1449 2159 pratis
1473 2074 1605 2137 vineias
1626 2074 1753 2157 campis
1773 2072 1852 2137 silvis
1868 2084 1889 2131 15

223 2181 353 2263 pascuis
387 2178 494 2263 gerbis
525 2178 673 2243 stalareis
700 2181 779 2265 ripis
809 2180 934 2264 rupinis
962 2179 1127 2244 montibus
1157 2174 1363 2263 plenioibuef
1391 2176 1486 2261 aquis
1519 2197 1681 2260 aquarum
1714 2175 1853 2241 ductibus

222 2281 387 2364 gressibus
411 2292 443 2347 et
464 2282 663 2367 ingressibus
686 2284 863 2347 cumomni
886 2283 1008 2348 honore
1026 2291 1058 2347 et
1073 2281 1220 2346 districto
1245 2289 1277 2346 et
1291 2279 1493 2364 albergarias
1510 2280 1621 2345 omnia
1644 2281 1677 2343 iu
1696 2281 1852 2364 integrum.

222 2384 431 2450 Renovamus
446 2406 471 2451 et
487 2400 672 2450 continuamus
687 2402 794 2465 insuper
809 2401 939 2465 prelibato
952 2401 1063 2450 cenobio
1075 2405 1173 2449 cortem
1185 2399 1301 2449 Paonom
1314 2405 1341 2448 et
1350 2397 1423 2447 illam
1435 2412 1488 2462 que
1499 2398 1527 2446 in
1538 2398 1675 2448 Roborcto
1687 2396 1782 2447 dicitur
1791 2402 1853 2447 crarta

223 2504 295 2567 regia
317 2510 390 2553 curu
412 2489 499 2553 omni
520 2487 642 2553 honore
664 2498 696 2552 et
718 2488 919 2553 districtione
935 2510 1008 2553 cum
1024 2497 1119 2572 porto
1134 2509 1199 2552 uno
1214 2487 1248 2551 in
1263 2486 1417 2550 Tannaro
1433 2494 1467 2550 et
1481 2487 1513 2550 in
1530 2486 1657 2549 Burnia
1671 2484 1852 2550 molendinis

222 2591 474 2675 piscacionibus,
498 2592 582 2656 sicut
604 2591 748 2657 detinent
771 2593 898 2656 termini
922 2593 955 2654 in
978 2591 1072 2677 aquis
1095 2589 1169 2672 illis,
1191 2588 1226 2652 id
1241 2597 1290 2654 est
1306 2589 1349 2655 da
1363 2587 1508 2653 Ristalso
1525 2609 1630 2673 usque
1646 2588 1691 2653 ad
1706 2586 1813 2653 Salsas
1826 2600 1853 2652 et
1867 2604 1890 2651 ro

222 2716 324 2779 usque
347 2693 402 2759 ubi
426 2695 544 2761 dicitur
566 2694 762 2760 Ponticellos
786 2704 817 2758 et
840 2696 873 2758 in
895 2693 995 2758 aliam
1017 2702 1142 2778 partem
1166 2692 1221 2757 ubi
1251 2691 1369 2757 dicitur
1390 2687 1626 2756 D1·aconaria¹¹
1649 2699 1683 2756 et
1704 2690 1853 2776 capellam

221 2818 320 2861 rrnarn
343 2797 420 2861 inibi
444 2797 614 2863 fundatam
636 2801 668 2862 in
690 2797 813 2861 honore
838 2808 949 2863 sancte
968 2797 1023 2862 dei
1037 2796 1203 2881 genitricis
1219 2794 1322 2860 Marie
1343 2794 1398 2860 ubi
1418 2793 1538 2858 dicitur
1553 2792 1768 2879 'Perragreuii
1789 2815 1853 2858 curn

223 2898 371 2964 omnibus
394 2900 586 2966 adiacentiis
610 2903 677 2967 suis
700 2912 731 2966 et
755 2903 955 2987 pertinentiis
979 2923 1051 2966 cum
1076 2903 1162 2966 omni
1184 2900 1317 2966 honore.
1356 2896 1616 2963 Oorroboramus
1640 2899 1739 2963 etiam
1761 2896 1853 2963 eidem

222 3003 400 3068 venerabili
424 3004 497 3069 loco
520 3014 643 3071 cortem
667 3021 782 3071 Ouiliam
807 3037 866 3071 cum
890 3003 1040 3069 omnibus
1063 3021 1119 3069 suis
1140 3019 1314 3084 pertinentiis,
1338 3000 1371 3066 id
1394 3011 1444 3066 est
1461 3023 1536 3065 culll
1559 3017 1721 3067 molendinis
1741 3018 1852 3083 piseatio-

223 3122 301 3171 nibus
324 3108 425 3191 pratis
449 3109 551 3172 vineis
574 3108 774 3192 ingressibus
798 3118 830 3173 ct
852 3107 1055 3191 egressibus,
1086 3109 1170 3171 sicut
1193 3116 1243 3171 est
1265 3105 1499 3170 determinatus
1522 3104 1615 3169 locus
1639 3103 1703 3187 ille,
1728 3126 1755 3171 et
1775 3122 1852 3169 emnia
1867 3123 1890 3168 a

221 3240 273 3288 que
295 3226 322 3273 irr
344 3208 396 3274 inf
416 3225 604 3275 monteferrato
621 3232 646 3276 et
663 3227 691 3275 m
713 3213 905 3296 episcopatu
921 3225 1093 3289 Uercellensi,
1115 3220 1147 3274 et
1170 3212 1305 3274 terciam
1327 3219 1453 3295 partem
1477 3207 1518 3273 de
1536 3206 1644 3272 villal
1666 3230 1729 3294 que
1748 3207 1854 3272 dicitur

222 3312 368 3376 Paunino
398 3314 432 3376 iu
459 3315 531 3397 ipso
561 3315 752 3398 episcopatu
781 3336 855 3379 cum
884 3312 1023 3379 eeclesia
1052 3312 1131 3377 inibi
1162 3312 1299 3378 tundata
1328 3314 1362 3376 in
1391 3311 1515 3377 honore
1545 3314 1651 3377 sancti
1673 3313 1760 3377 Petn'
1788 3333 1853 3375 cum

224 3412 418 3480 molendinis
448 3415 685 3499 piscationibus
707 3427 739 3481 et
763 3438 837 3481 cum
859 3413 989 3501 pratro¹
1019 3425 1050 3478 et
1073 3437 1147 3479 cum
1171 3416 1296 3498 campis
1326 3423 1358 3478 et
1380 3413 1594 3479 sediminibus
1617 3423 1651 3478 et
1673 3404 1861 3479 frascareisi

221 3526 296 3581 sunt
325 3519 408 3582 iuter
437 3521 546 3584 omnia
576 3520 690 3603 viginti
718 3521 823 3603 iugias
852 3528 946 3584 extra
976 3520 1110 3583 terciam
1140 3528 1266 3603 partem
1289 3517 1329 3582 dc
1351 3516 1447 3601 villa,
1476 3538 1552 3584 cum
1575 3520 1665 3582 omni
1686 3518 1807 3583 honore
1826 3526 1855 3580 ct

222 3620 461 3684 investitionem
483 3644 557 3685 cum
575 3621 786 3686 sediminibus
809 3644 884 3686 cum
907 3624 1008 3706 pratis
1031 3622 1133 3686 vineis
1158 3620 1247 3684 silvis
1271 3620 1469 3705 ingressibus
1492 3630 1524 3684 et
1546 3619 1734 3704 egressibus
1757 3621 1855 3683 omnia
1869 3633 1894 3679 eo

222 3723 254 3785 ln
283 3724 452 3806 integrum·
498 3740 654 3803 Speeialiter
682 3746 768 3791 tamen
797 3742 948 3791 censuimus
977 3747 1006 3790 ut
1034 3747 1132 3790 cortem
1154 3756 1205 3805 que
1229 3724 1430 3789 Zerenziano
1459 3738 1556 3789 dieitur
1578 3744 1653 3786 cum
1677 3724 1745 3786 suis
1767 3722 1854 3807 pert-l·

222 3827 394 3890 nuntiis
412 3837 425 3864 ¹¹
449 3838 480 3891 et
495 3830 528 3891 iu
543 3827 656 3894 eodem
674 3830 957 3914 archiepiscopatu
974 3827 1209 3892 Mediolanensi
1233 3827 1463 3891 consumamus
1486 3827 1519 3889 in
1543 3823 1693 3889 omnibus
1715 3823 1796 3888 locis
1817 3820 1854 3885 ad

221 3928 359 3993 eundem
383 3933 612 3997 monasterium
642 3933 886 4018 pertinentlbUS.
931 3948 1078 3997 statuimus
1106 3949 1213 4011 iusuper
1240 3952 1266 3997 et
1293 3946 1377 3996 rrrrrdis
1400 3946 1522 3995 omuibus
1550 3947 1712 4010 precipimus
1736 3950 1762 3993 et
1789 3945 1855 3992 iuxta

222 4053 369 4096 riostrorunr
392 4055 586 4100 antecessorum
609 4053 792 4101 alletoritatem
816 4053 950 4114 edicimus,
977 4058 1007 4101 ut
1030 4052 1118 4102 uulllm
1142 4052 1355 4116 archiepiscopus
1378 4052 1519 4115 episeopus
1542 4050 1659 4099 marchio
1683 4065 1771 4099 corrues
1793 4050 1854 4097 viee·

222 4151 343 4200 (laurinus
370 4137 550 4219 gastaldius
581 4138 723 4203 decanus
753 4171 799 4204 seu
828 4155 918 4219 aliqua
945 4170 1040 4220 nragna
1063 4155 1105 4205 vel
1128 4170 1211 4219 parva
1233 4148 1320 4205 totis⁰
1348 4157 1430 4204 nostri
1454 4156 1527 4220 regui
1550 4170 1665 4218 persona
1686 4156 1715 4203 in
1738 4154 1854 4217 predictis
1870 4146 1896 4193 35

220 4255 431 4317 qrrrssessiouibus
453 4256 537 4306 eidem
560 4256 662 4320 prefato
685 4258 743 4307 loeo
766 4259 959 4321 pcrtinentibus
983 4259 1109 4322 placitum
1132 4264 1221 4308 teuere
1244 4258 1286 4308 vel
1310 4258 1457 4307 districtum
1480 4258 1567 4307 facere
1596 4258 1652 4307 sive
1681 4238 1789 4306 lennes
1815 4262 1855 4303 alit

220 4357 336 4422 aliqrram
351 4358 485 4422 publicam
500 4360 662 4410 structionem
685 4360 718 4409 ad
741 4361 951 4425 supradictorum
974 4361 1092 4410 locorum
1115 4361 1309 4410 habitatoribus
1324 4378 1340 4408 a
1356 4361 1472 4425 aliquam
1490 4359 1637 4409 molestiam
1657 4354 1698 4405 al
1713 4359 1755 4408 vel
1770 4357 1856 4408 tollere

219 4465 354 4523 praecinat.
369 4444 493 4530 aliquit.
531 4461 560 4510 Si
582 4464 641 4527 qum
664 4478 726 4512 vero
749 4463 865 4528 aliquam
888 4465 1020 4529 querelam
1044 4458 1147 4528 superq
1169 4464 1284 4528 aliquem
1307 4479 1397 4514 eorrun
1420 4463 1507 4525 habet,
1531 4479 1585 4512 riou
1607 4478 1654 4527 per
1677 4479 1706 4512 se
1728 4461 1856 4511 vindicare

221 4569 266 4612 :uu
290 4563 373 4625 legem
397 4565 528 4629 requirere
551 4566 601 4614 uisi
624 4582 671 4630 per
692 4583 741 4616 uos
764 4574 810 4617 aru
833 4569 955 4619 abbatem
978 4576 1112 4633 presumat
1134 4569 1176 4619 vel
1199 4583 1246 4632 per
1267 4573 1386 4617 nostrum
1408 4574 1456 4615 aut
1477 4565 1583 4615 abbatis
1606 4567 1723 4614 uussrun.
1765 4544 1858 4613 Hane‘

220 4669 300 4729 igitur
324 4669 480 4717 :arroteritale
504 4669 621 4732 predicta
643 4670 702 4719 loca
724 4677 750 4720 et
772 4676 857 4720 cortes
880 4687 939 4720 cirin
969 4673 1090 4721 omuibus
1118 4672 1196 4722 rebus
1225 4669 1368 4720 mobilibus
1397 4674 1423 4718 et
1450 4661 1645 4717 inmobilibusr
1672 4669 1701 4716 iu
1729 4667 1855 4731 integrum
1870 4660 1899 4706 4⁰

221 4771 413 4834 pertinentibus
435 4787 452 4817 r
474 4787 533 4820 curu
556 4770 618 4820 liliis
641 4778 665 4822 ot
689 4771 794 4822 filiabus
817 4779 843 4823 et
867 4774 1014 4833 herodibus,
1041 4780 1071 4822 ut
1092 4776 1130 4823 ibi
1153 4781 1270 4838 tempore
1293 4780 1423 4837 oportuno
1447 4774 1498 4837 ipsi
1520 4780 1547 4821 et
1569 4772 1668 4837 posteri
1692 4787 1783 4821 eorum
1805 4786 1856 4834 per-

219 4873 361 4936 petualiter
388 4874 550 4937 deserviant,
579 4880 605 4924 et
632 4872 752 4924 vvadat⁸
781 4876 814 4925 ad
841 4877 996 4940 piscandum
1025 4878 1052 4925 iu
1080 4877 1173 4926 'l'icirm
1197 4883 1223 4927 et
1245 4878 1273 4925 in
1295 4877 1352 4925 rivo
1375 4875 1483 4937 Poloni,
1509 4875 1632 4924 Morasca
1655 4889 1702 4924 scu
1726 4858 1857 4922 vvarlunr⁸

219 4979 265 5041 qui
284 4977 380 5026 dieitur
395 4977 560 5037 Larrdemari,
583 4982 682 5027 costam
698 4979 863 5029 Teucredum
886 4985 912 5028 et
927 4978 1122 5029 Sexteruaseum
1146 4996 1206 5028 cum
1228 4979 1274 5028 illo
1298 4980 1384 5029 medio
1407 4979 1477 5044 quod
1499 4993 1516 5027 a
1531 4976 1599 5042 Seps
1622 4977 1721 5027 dicitur
1743 4984 1768 5026 et
1791 4974 1857 5041 quod

219 5080 314 5130 truella
337 5081 446 5141 dicitur,
470 5082 548 5131 etiam
571 5081 657 5130 vrada
679 5097 730 5146 qim
752 5088 814 5131 silut
835 5084 863 5131 iu
886 5082 973 5145 Pado,
1004 5082 1128 5132 habentia
1149 5084 1263 5147 priorem
1286 5084 1425 5132 terminum
1448 5098 1464 5131 a
1484 5082 1544 5131 loco
1567 5083 1613 5147 qui
1638 5081 1736 5131 dicitur
1757 5078 1857 5144 Popula

306 5287 363 5340 lbl.
392 5287 446 5351 ΟΔ
515 5290 619 5353 glcora
632 5305 680 5339 cus
698 5292 772 5340 illicis
842 5291 869 5354 h)
887 5289 1047 5340 rodberder
1056 5289 1132 5353 Zeila,
1147 5290 1273 5340 aeacidem
1286 5290 1335 5341 dar
1348 5287 1530 5354 urspritaplicit
1544 5287 1602 5338 hier
1615 5286 1857 5338 wicdcrholtcPon·
1873 5290 1902 5337 lt

388 5357 491 5407 ticcllos
514 5356 737 5423 dearchpertrichca
759 5358 863 5408 worden
886 5375 942 5407 war
1052 5361 1072 5418 i)
1091 5361 1118 5407 ui
1140 5375 1205 5408 corr.
1229 5375 1277 5408 aaa
1300 5378 1316 5409 x
1428 5358 1482 5421 lli
1505 5358 1567 5408 dher
1589 5356 1637 5407 der
1659 5355 1731 5405 Zeila
1753 5353 1858 5419 aalys·

387 5432 476 5489 tropea
574 5427 593 5488 l)
611 5425 869 5490 Schlimmbessemmp
887 5444 934 5475 aare
952 5432 1027 5491 patro
1131 5429 1168 5487 m)
1185 5430 1212 5477 in
1231 5428 1293 5477 tiber
1310 5428 1357 5477 der
1374 5426 1443 5476 Zeila
1459 5425 1647 5490 acohpctrcpeu
1752 5426 1781 5487 n)
1798 5440 1821 5473 c.
1839 5440 1858 5473 s.

389 5512 413 5559 p.
438 5494 491 5557 auf
502 5493 591 5577 Bucar
608 5495 744 5577 chEnde
767 5495 813 5545 der
836 5498 877 5545 18.
897 5494 1071 5576 searaseesle,
1099 5493 1171 5545 dorm
1192 5495 1267 5577 acolt¹
1282 5503 1347 5546 ctsca
1370 5498 1407 5577 26
1424 5495 1587 5577 Buchatohcn
1611 5495 1648 5542 im
1670 5492 1793 5571 Einyoay
1814 5491 1859 5541 der

387 5562 1903 5751 effla-,²51⁶estem,terraramameum‘tzurlmfflltaauae

468 5715 564 5765 aptasse
583 5716 621 5753 ea.
