4500 6420
919 459 1092 517 0'l'T01.
1117 456 1186 514 966.
1809 448 1875 513 445

230 641 393 708 nantibus.
431 642 591 708 Iussimus
614 662 743 727 quoque
765 640 827 706 hoc
850 640 1090 706 munificentiae
1113 650 1244 705 nostrae
1266 650 1479 726 praeceptum
1502 640 1577 706 inde
1599 638 1763 706 conscribi
1787 636 1876 726 quod

232 745 382 811 omnibus
407 745 650 811 succedentium
672 754 853 829 temporum
882 743 1050 808 curriculis
1079 743 1207 808 firmum
1236 752 1268 807 et
1296 744 1523 810 inconvulsum
1552 744 1641 810 nullo
1664 745 1875 831 inquietante,

232 847 290 912 sed
319 847 380 912 deo
412 846 591 934 opitulante
619 846 770 911 volumus
797 846 995 932 firmiterque
1026 844 1226 911 destinamus
1257 869 1456 932 permanere.
1500 848 1545 913 Et
1571 858 1607 913 61
1633 847 1715 913 haec
1741 857 1876 912 nostrae

230 949 411 1035 largitionis
435 953 614 1016 auctoritas
637 972 755 1035 magne
778 960 950 1036 certaeque
973 948 1148 1015 soliditatis
1165 949 1276 1014 valeat
1293 950 1327 1014 in
1345 960 1537 1036 perpetuum
1556 950 1701 1016 obtinere
1719 951 1875 1035 vigorem,

198 1069 213 1116 6
232 1076 331 1120 manu
352 1063 465 1120 nostra
487 1056 621 1140 propria
644 1053 759 1120 subtus
781 1076 855 1119 eam
877 1063 1027 1118 notantes
1049 1049 1361 1136 corroboravli]mus
1383 1062 1416 1119 et
1438 1053 1527 1118 anuli
1550 1055 1652 1119 nostri
1672 1053 1875 1139 inpressione

231 1159 379 1242 insigniri
401 1160 616 1244 precepimus.
707 1183 709 1188 ·

333 1289 349 1372 i
370 1294 507 1380 Signum
529 1295 640 1362 domni
663 1294 795 1360 Ottonis
817 1294 1043 1380 gloriosissimi
1068 1293 1158 1375 (MP.)
1180 1293 1396 1377 imperatoris.
1420 1289 1434 1374 ᾖ

333 1394 543 1477 1616661166
566 1397 782 1465 cancellarius
809 1398 959 1463 advicem
980 1394 1181 1462 Uuillihelmi
1211 1393 1464 1480 archicapellani
1493 1395 1670 1477 recognovi
1700 1390 1876 1577 eteseslee

181 1651 214 1700 10
332 1639 423 1704 Data
444 1657 506 1705 ΧΠ.
528 1639 596 1706 kal.
625 1640 782 1726 septemb.
811 1661 897 1705 anno
925 1637 1161 1702 incarnationis
1191 1635 1313 1701 domini
1341 1650 1552 1717 nccccnxm,
1586 1633 1764 1699 indictione
1786 1652 1875 1717 vnn,

233 1767 320 1809 anno
342 1767 420 1810 vero
444 1743 670 1830 gloriosissimi
691 1746 777 1830 regis
801 1743 931 1809 Ottonis
954 1758 1053 1825 xm,
1075 1741 1203 1826 imperii
1227 1750 1336 1805 autem
1352 1758 1391 1823 νς
1414 1749 1525 1805 actum
1548 1737 1679 1824 Spirae3
1702 1740 1736 1803 in
1755 1736 1876 1804 Christi

231 1850 364 1913 nomine
385 1847 525 1913 feliciter
546 1870 653 1914 amen.

1011 2050 1097 2125 331.

242 2204 322 2282 oso
349 2207 489 2282 6666
514 2207 579 2280 ar
604 2171 906 2302 ereseaaflaae
931 2205 1065 2279 rarae
1090 2231 1136 2279 zo
1162 2205 1388 2304 6696669
1414 2205 1480 2278 aa
1508 2205 1587 2278 66
1613 2204 1775 2277 Komar
1798 2202 1879 2277 666

182 2354 214 2402 16
232 2327 429 2401 Eberhard
450 2327 652 2427 periclttlicb
679 2339 866 2425 6111669666
891 2325 1182 2399 Noaseuleloster
1206 2325 1430 2398 Kasselheim.

1355 2447 1532 2521 Strassbary
1554 2449 1617 2507 966
1639 2446 1757 2520 1166661
1779 2448 1831 2507 24.

338 2636 586 2712 Oriciaaldiplom
607 2639 650 2696 im
671 2638 699 2695 11.
724 2637 927 2697 Staatsarchiv
948 2653 988 2695 ea
1010 2635 1117 2695 Berlin
1137 2634 1197 2714 (A).

333 2774 450 2835 Leaber
471 2775 607 2849 Disqaes.
631 2775 767 2849 stapulas
789 2775 899 2834 Sason.
922 2781 957 2833 n⁰
972 2777 1058 2833 1667
1079 2789 1136 2832 aas
1159 2773 1186 2829 Α
1211 2795 1249 2824 =
1274 2771 1457 2845 Sapittarius
1479 2771 1551 2831 Ant.
1568 2772 1760 2847 Mapdebary.
1786 2772 1829 2832 ed.
1850 2779 1874 2842 Ι,

334 2878 378 2936 52
403 2877 621 2951 aavollstdndip
645 2902 684 2930 =
708 2878 751 2936 ed.
777 2885 824 2947 11,
848 2881 900 2947 39,
926 2900 965 2930 =
991 2876 1097 2936 Tolaer
1121 2875 1182 2934 OD.
1206 2875 1305 2933 Palat.
1329 2879 1371 2934 18
1392 2881 1426 2933 n⁰
1447 2879 1500 2947 23,
1526 2899 1565 2929 --
1589 2876 1692 2949 Dante
1717 2875 1784 2934 BA.
1809 2869 1874 2945 10⁶,

334 2982 399 3038 348
418 2985 454 3037 a⁰
474 2984 527 3051 23,
553 3004 592 3033 .-.
615 2979 798 3053 Saqittarius
825 2982 859 3037 in
881 2980 1000 3053 Boysea
1021 2977 1099 3052 Alta.
1123 2979 1320 3052 1116966161,
1344 2982 1409 3038 107
1436 2978 1664 3052 aanollstaediy,
1689 3002 1728 3031 =
1752 2980 1877 3037 Kremcr

337 3081 418 3155 Orth.
433 3082 522 3142 Nass.
546 3086 577 3154 2,
602 3086 642 3142 74
663 3089 698 3140 a⁰
713 3086 763 3143 51.
787 3115 830 3126 —
853 3083 949 3157 Beyer
970 3082 1164 3142 Mittelrheia.
1187 3082 1250 3142 UB.
1275 3087 1305 3153 1,
1328 3085 1393 3142 283
1414 3088 1449 3140 a⁰
1462 3086 1528 3143 227
1549 3099 1606 3142 aas
1621 3080 1659 3140 A.
1683 3114 1724 3124 —
1747 3082 1877 3140 Bahmer

334 3185 407 3257 Ray.
431 3187 503 3245 323.
526 3217 569 3227 -
591 3184 722 3259 Stampf
739 3188 811 3259 Ray.
835 3190 907 3247 409.
930 3220 973 3230 -
999 3186 1389 3260 coemeteriorum
1414 3190 1507 3246 1614.

337 3320 472 3393 Versasst
493 3323 557 3381 aad
576 3323 761 3396 peccasses
782 3341 838 3383 oon
860 3323 930 3384 ΒΗ.

337 3508 396 3588 (Ο.)
419 3505 433 3586 ᾔ
453 3507 494 3572 Ι6
515 3509 645 3573 nomine
669 3518 828 3592 sanctae*
849 3517 882 3574 et
902 3507 1069 3593 individue
1091 3508 1255 3573 trinitatis.
1300 3505 1378 3572 Otto
1409 3506 1520 3572 divina
1546 3506 1676 3572 favente
1704 3506 1876 3573 clementia

181 3623 215 3670 so
233 3612 409 3697 imperator
427 3621 592 3697 augustus.
681 3612 817 3677 Noverit
835 3613 978 3677 omnium
995 3610 1140 3675 fidelium
1157 3620 1341 3675 nostrorum
1362 3620 1430 3675 tam
1452 3610 1649 3694 presentium
1672 3631 1770 3695 quam
1792 3610 1876 3675 futu-

231 3737 342 3780 rorum
363 3715 377 3798 ξ
398 3717 576 3798 industria,
611 3715 751 3801 qualiter
771 3737 832 3780 nos
855 3716 1036 3779 interventu
1059 3712 1175 3796 dilecte
1198 3713 1347 3796 coniugis
1368 3721 1479 3795 nostre
1502 3710 1694 3776 Adalheidis
1716 3722 1750 3777 et
1770 3712 1875 3777 fidelis

232 3817 469 3905 archiepiscopi
490 3820 594 3884 nostri
608 3818 808 3883 Uuillihelmi
831 3815 1089 3883 monasteriumb
1112 3816 1305 3902 puellarium
1322 3814 1597 3881 Kescelenheim⁰
1618 3816 1820 3881 nominatum
1842 3817 1876 3880 in

232 3941 318 4005 pago
342 3931 374 3986 et
395 3923 552 3987 comitatu
574 3920 740 3985 Meinelelt
763 3923 874 4003 situm,
902 3919 990 4006 quod
1012 3920 1133 3985 iudicio
1157 3921 1349 4005 optimatum
1370 3919 1573 3984 Francorum
1594 3920 1628 3984 in
1650 3930 1797 3985 nostrum
1818 3921 1877 3983 im·

232 4023 355 4107 periale
382 4025 432 4089 ius
461 4024 606 4106 devenit,
642 4025 796 4109 quoniam
820 4023 1013 4093 Cuonradus
1036 4033 1068 4088 et
1090 4022 1299 4088 Eberhardus
1328 4024 1381 4108 qui
1410 4020 1491 4087 illud
1518 4021 1677 4087 haetenus
1707 4021 1876 4107 possidere

182 4145 215 4192 30
233 4127 293 4190 visi
317 4137 400 4210 sunt,
423 4126 602 4191 exheredes
624 4136 656 4191 et
678 4126 834 4211 inlegales
858 4137 934 4192 sunt
955 4126 1144 4210 adiudicati,
1168 4149 1227 4212 pro
1250 4125 1393 4192 remedio
1409 4137 1442 4191 61
1456 4126 1662 4192 absolutione
1685 4127 1876 4192 delictorum

232 4239 426 4312 nostrorum,
449 4251 508 4315 pro
532 4238 620 4294 statu
643 4251 771 4316 quoque
793 4238 826 4293 ct
847 4231 1071 4296 incolomitate
1092 4233 1184 4314 regni
1206 4230 1259 4295 vel
1280 4230 1407 4314 imperii
1429 4230 1532 4294 nostri
1555 4229 1678 4314 filiique
1700 4240 1732 4295 et
1754 4250 1875 4313 cogno-

232 4334 328 4396 minis
349 4335 452 4397 nostri
475 4334 635 4398 carissimi
656 4335 742 4417 regis
759 4332 889 4399 Ottonis
913 4355 987 4398 cum
1011 4332 1161 4398 omnibus
1184 4329 1276 4398 suisd
1298 4331 1502 4418 appendiciis
1524 4354 1581 4397 seu
1603 4332 1805 4418 pertinentiis
1823 4331 1875 4397 vel

232 4434 442 4518 utilitatibus,
474 4446 541 4500 tam
570 4439 603 4500 in
632 4437 803 4521 mancipiis
827 4458 925 4522 quam
948 4434 1105 4501 aedificiis
1127 4437 1244 4500 vinetis
1266 4438 1369 4520 pratis
1392 4436 1524 4521 pascuis
1547 4434 1638 4499 silvis
1661 4436 1753 4521 aquis
1776 4458 1875 4521 aqua·

232 4561 344 4603 rumve
373 4538 562 4604 decursibus
596 4540 737 4622 navigiis
770 4540 1007 4624 piscationibus
1040 4538 1236 4604 molendinis
1265 4538 1440 4604 mobilibus
1469 4548 1502 4603 et
1528 4537 1750 4604 immobilibus
1780 4539 1874 4603 terris

181 4661 214 4708 36
233 4641 329 4706 cultis
352 4651 383 4704 ct
404 4639 535 4705 incultis
557 4642 619 4705 viis
641 4651 674 4706 et
695 4643 793 4706 inviis
816 4642 958 4708 exitibus
981 4652 1014 4709 et
1036 4641 1194 4707 reditibus
1217 4644 1350 4728 quesitis
1373 4650 1405 4705 et
1426 4639 1637 4727 inquirendis,
1661 4639 1722 4706 deo
1746 4650 1874 4705 sancto·

233 4766 295 4828 que
321 4743 479 4808 Mauricio
506 4743 733 4828 Magadaburg
761 4743 992 4829 perpetualiter
1021 4746 1213 4810 serviturum
1238 4753 1352 4808 nostra
1373 4741 1532 4828 imperiali
1555 4741 1775 4807 munificentia
1796 4741 1874 4807 libe-

232 4848 343 4914 raliter
365 4849 529 4914 offerimus
551 4859 583 4914 ct
604 4870 625 4914 a
647 4859 758 4914 nostro
782 4851 850 4914 iure
878 4852 912 4914 in
941 4859 1132 4936 perpetuum
1160 4847 1247 4913 illius
1275 4848 1456 4933 aecclesiae
1484 4849 1534 4912 ius
1563 4847 1820 4912 transfundimus
1843 4856 1876 4911 61

233 4950 410 5035 donamus,
440 4961 475 5016 ut
502 4952 769 5038 archiepiscopus
798 4952 843 5016 ibi
872 4953 1009 5018 anobis
1032 4952 1249 5019 instituendus
1272 4953 1386 5038 suique
1409 4972 1614 5016 successores
1638 4950 1725 5014 omni
1748 4958 1875 5015 contra-

233 5054 375 5120 dictione
398 5064 523 5120 remota
544 5056 701 5120 inoffense
724 5065 857 5121 teneant
878 5066 910 5120 et
933 5056 1122 5142 possideant
1144 5065 1177 5121 et
1198 5058 1266 5121 suis
1288 5065 1324 5120 ut
1345 5077 1397 5120 res
1419 5053 1660 5139 ecclesiasticas
1682 5055 1775 5116 iuxta
1803 5052 1874 5118 libi-

181 5175 215 5222 46
233 5168 299 5223 tum
328 5158 441 5223 usibus
469 5158 657 5244 adirmgant.
702 5158 747 5223 Et
774 5169 810 5224 ut
838 5160 900 5224 hoc
931 5162 1134 5225 auctoritatis
1161 5159 1213 5223 vel
1242 5158 1449 5224 liberalitatis
1477 5166 1587 5240 nostre
1618 5156 1739 5221 donum
1769 5154 1874 5221 eidem

232 5261 369 5346 ecclesie
399 5285 457 5346 per
485 5284 677 5327 successura
705 5271 853 5347 tempora
881 5264 1008 5328 firmum
1031 5273 1063 5328 et
1085 5262 1202 5327 stabile
1224 5272 1414 5348 permaneat
1435 5270 1468 5326 61
1490 5284 1511 5326 a
1532 5262 1653 5326 nostris
1677 5270 1874 5346 sanctaeque

232 5366 283 5431 dei
306 5367 443 5452 ecclesie
465 5367 616 5434 fidelibus
638 5369 746 5434 verius
769 5368 931 5449 credatur,
955 5375 1081 5431 cartam
1101 5365 1187 5430 hanc
1207 5365 1370 5430 conscribi
1387 5375 1419 5430 et
1434 5363 1522 5429 anuli
1538 5364 1642 5429 nostri
1660 5365 1873 5448 impressione

233 5472 353 5554 signari
376 5472 538 5555 iussimus,
562 5494 660 5558 quam
682 5482 715 5537 et
736 5494 835 5537 manu
857 5472 990 5557 propria
1013 5468 1128 5535 subtus
1149 5469 1360 5534 firmavimus.

317 5658 376 5712 ³³1.
403 5659 512 5729 [sichel]
603 5662 630 5727 a)
648 5661 671 5712 A
765 5662 793 5720 b)
811 5665 931 5711 monaste
948 5659 1000 5723 aas
1011 5658 1100 5711 Rem
1193 5659 1217 5723 c)
1233 5657 1358 5711 66166166
1375 5659 1393 5710 li
1409 5659 1465 5712 sard
1483 5677 1497 5711 e
1515 5661 1548 5711 ist
1566 5661 1608 5710 ein
1625 5656 1771 5710 3661161666
1787 5655 1874 5709 radiet

179 5725 214 5774 46
402 5730 430 5794 d)
448 5747 498 5782 eon
515 5730 575 5782 LE.
599 5747 642 5781 aas
659 5731 761 5798 natm
783 5731 831 5782 der
853 5732 879 5779 6.
899 5728 1061 5793 Schrillseile
1081 5728 1275 5796 coelestrum.
