4298 6414
953 459 1078 517 ΟΤΤΟ
1100 462 1124 518 Ι.
1148 459 1221 516 970.
1844 453 1909 518 535

253 664 337 715 squam
361 658 388 702 et
412 655 558 704 servientes
581 653 761 717 distringendo
785 661 842 703 seu
865 638 1016 703 thelonea
1038 639 1090 704 vel
1114 655 1188 705 freda
1211 656 1340 720 exigendo
1370 652 1428 707 aut
1455 672 1549 706 causus
1577 644 1610 705 ln
1639 642 1720 707 locis
1749 643 1906 727 aecclesie

254 742 428 804 concessis
458 756 590 807 arietando
621 742 673 806 vel
701 742 909 807 fideiussores
938 742 1082 807 tollendo
1113 752 1170 806 aut
1199 744 1384 807 mansiones
1416 764 1473 805 seu
1501 752 1633 826 paratas
1662 742 1813 806 faciendo
1838 744 1906 806 sive

256 841 344 906 ullas
373 844 585 909 redibitiones
614 844 755 910 inlicitas
778 846 971 931 requirendo
996 857 1052 911 aut
1076 846 1224 911 silvatico
1250 848 1397 932 superius
1420 851 1587 911 nominato
1611 869 1669 930 pro
1694 869 1758 931 quo
1782 849 1905 932 specia-

254 943 331 1009 liter
353 957 500 1012 nostram
523 951 726 1013 maiestatem
749 950 898 1034 quesivit,
921 948 1022 1013 ullam
1046 950 1162 1034 aliquis
1186 951 1337 1014 iniuriam
1360 965 1448 1014 facero
1470 972 1618 1030 presumat,
1642 966 1693 1014 nisi
1716 966 1785 1015 sicut
1808 950 1906 1015 tradi·

215 1060 240 1107 5
257 1057 329 1113 tuln
353 1059 452 1135 atque
474 1066 657 1116 confirmatum
680 1072 720 1117 est
741 1082 758 1117 a
779 1068 1011 1131 predecessoribus
1034 1070 1145 1129 nostris,
1169 1069 1275 1133 regibus
1297 1068 1422 1118 videlieet
1443 1068 1607 1118 Francorum
1630 1068 1672 1117 vel
1694 1069 1906 1133 imperatoribus,

258 1166 296 1215 ita
326 1166 453 1233 deinceps
481 1155 726 1238 prenominatus
755 1154 851 1221 Anno
882 1173 1022 1236 episcopus
1053 1155 1158 1221 fidelis
1188 1167 1297 1221 noster
1327 1172 1421 1235 suique
1451 1186 1617 1221 successores
1645 1186 1692 1236 por
1723 1167 1906 1242 presentem

259 1265 372 1339 nostre
395 1256 549 1321 iussionis
573 1275 757 1324 auctoritatem
781 1258 841 1323 sub
864 1261 991 1343 integra
1015 1263 1191 1324 emunitate
1221 1276 1271 1324 sibi
1295 1290 1449 1324 concessum
1473 1280 1552 1338 atque
1574 1273 1706 1323 indultum
1728 1274 1844 1323 habeant
1867 1281 1905 1322 ae

259 1375 351 1439 quieto
380 1375 471 1425 ordine
501 1360 701 1447 possideant.
747 1379 783 1427 Et
805 1384 835 1427 ut
857 1378 906 1443 hec
929 1379 1073 1427 auctoritas
1095 1383 1183 1427 nostre
1206 1377 1412 1427 confirmationis
1440 1362 1563 1425 firmior
1590 1377 1618 1424 iu
1640 1376 1731 1425 lutura
1753 1380 1870 1440 tempora
1891 1394 1908 1424 ss

259 1485 428 1540 permenses,
457 1464 546 1529 anuli
569 1467 673 1530 nostri
702 1483 865 1546 inpressione
888 1465 976 1548 e[am
1004 1466 1144 1549 insig]nire
1172 1483 1297 1531 iussimus
1326 1487 1487 1549 manuque
1513 1466 1647 1550 propria
1670 1464 1783 1529 subtus
1806 1487 1906 1529 anno-

206 1572 243 1619 10
260 1566 412 1631 tavimus.

361 1697 535 1785 lSiguum
559 1704 671 1768 domni
695 1703 826 1770 Ottonis
848 1706 958 1790 magni
983 1706 1047 1785 (Μ.)
1072 1714 1104 1768 et
1126 1707 1332 1769 invictissrml
1355 1706 1561 1789 1mperatoris
1584 1704 1724 1786 augusti.
1747 1702 1762 1767 a

360 1801 584 1889 {Lintigerus
606 1807 821 1873 cancellarius
845 1808 993 1873 advicem
1016 1808 1195 1893 Ruodperti
1219 1805 1473 1892 archicapellani
1496 1806 1682 1889 recognovi.
1704 1802 1719 1882 ἢ
1785 1807 1840 1884 (SI.
1862 1806 1903 1877 5.)

360 1941 450 2006 Data
472 1960 538 2008 1111.
560 1943 633 2009 idus
656 1945 750 2030 april.
774 1968 859 2011 anno
883 1948 1115 2010 incarnationis
1139 1944 1261 2010 domini
1283 1947 1385 2008 nostri
1405 1945 1480 2009 Iesu
1498 1942 1617 2008 Christi
1642 1958 1835 2023 nccccnxx,
1858 1942 1905 2004 in.

257 2043 401 2108 dictione
424 2063 499 2129 x111,
522 2050 614 2130 regni
638 2058 747 2114 autem
769 2051 873 2134 ipsius
896 2049 1007 2114 domni
1031 2048 1162 2113 Ottonis
1179 2066 1287 2129 xxxV,
1310 2048 1437 2133 imperii
1460 2070 1537 2112 vero
1555 2065 1649 2129 vuu3
1672 2055 1781 2110 actum
1805 2044 1905 2109 felici·

213 2156 241 2202 1⁶
257 2154 308 2210 ter
328 2145 523 2232 Rauenlne].

1037 2357 1126 2432 393.

265 2502 346 2578 Ouo
373 2506 515 2581 smeakt
540 2509 620 2582 dem
646 2511 936 2585 Noaeealeloster
962 2537 1007 2584 zu
1032 2511 1279 2584 Nordlrauscu
1305 2511 1427 2583 seiaea
1456 2511 1571 2583 Besitz
1597 2511 1639 2581 ia
1664 2509 1902 2606 Blieduapea.

1546 2667 1589 2674 —
1612 2637 1674 2692 970
1697 2631 1787 2704 April
1809 2635 1860 2691 10.

360 2818 515 2890 Abselirr'ft
537 2819 586 2878 des
612 2821 700 2878 Zuclr.
724 2821 886 2878 Heisoaz'as
908 2838 972 2877 vora
996 2820 1029 2880 J.
1047 2822 1130 2879 1665
1154 2822 1196 2878 ira
1218 2820 1466 2881 k.Stuatsr1-rclriv
1487 2838 1527 2878 aas
1549 2819 1734 2892 Mapdeburp
1757 2816 1816 2896 (A).

206 2965 237 3011 ae
360 2957 555 3015 Malverstedt
580 2961 611 3015 ia
636 2957 774 3015 Zeitsclr-r.
799 2957 850 3015 des
872 2958 1102 3016 Hora-Verrius
1127 2962 1156 3026 6,
1181 2961 1244 3018 aaut
1266 2976 1322 3019 rurs
1346 2958 1383 3016 n.
1412 2991 1455 2999 —-
1483 2956 1610 3029 Stampf
1634 2954 1711 3015 Arta
1740 2955 1815 3012 iaed.
1841 2957 1902 3012 614

356 3065 392 3117 a⁰
415 3064 478 3119 437
499 3079 556 3120 eus
579 3061 617 3120 A.
640 3094 682 3104 -
707 3060 835 3133 Stampf
853 3062 926 3133 nep.
952 3065 1038 3120 487³.

356 3197 458 3255 Distat
481 3198 531 3256 des
553 3197 621 3257 LK.

462 3400 500 3464 In
523 3402 653 3464 noniine
677 3412 788 3464 sancte
812 3411 844 3466 et
866 3401 1032 3465 individue
1055 3401 1218 3464 trinitatis.
1264 3398 1342 3463 Otto
1372 3398 1424 3463 dei
1456 3408 1617 3462 annuente
1646 3396 1819 3461 clementia
1845 3397 1901 3459 im·

254 3513 388 3588 perator
410 3513 577 3586 augustus.
663 3502 785 3567 Notum
809 3505 850 3567 sit
875 3506 1017 3567 onmium
1035 3501 1152 3566 Christi
1176 3511 1426 3584 nostrorumque
1449 3499 1592 3563 fidelium
1614 3509 1680 3562 tam
1705 3499 1901 3583 presentium

206 3622 237 3669 25
256 3605 382 3670 scilicet
410 3628 506 3690 quam
535 3607 716 3671 futurorum
745 3605 940 3688 industriae,
975 3605 1112 3690 qualiter
1136 3627 1195 3669 nos
1220 3627 1278 3688 pro
1301 3603 1443 3667 remedio
1468 3605 1595 3667 animae
1622 3601 1745 3665 domini
1769 3601 1902 3664 Henrici

256 3707 472 3793 dominaeque
494 3708 679 3773 Mechtildis
709 3719 864 3773 nostraea
892 3711 1056 3790 genitricis
1085 3730 1125 3771 ac
1155 3706 1378 3770 incolumitate
1407 3707 1497 3789 regni
1520 3706 1572 3770 vel
1596 3707 1721 3790 imperii
1745 3705 1845 3768 nostri
1871 3714 1903 3767 et

255 3812 299 3875 ad
321 3834 434 3897 preces
459 3811 596 3876 dilectae
619 3814 768 3894 coniugis
791 3822 922 3876 nostrae
942 3810 1131 3875 Adelheidis
1154 3810 1275 3894 liliique
1299 3811 1411 3892 nostri,
1435 3809 1593 3872 carissimi
1617 3807 1742 3872 seilicet
1764 3808 1901 3891 impera-

255 3916 335 3978 toris
355 3915 482 3996 augusti
499 3913 639 3996 Ottonis,
663 3917 860 3978 monasterio
883 3915 916 3976 in
940 3912 1093 3977 suburbio
1110 3913 1296 3977 Northusen
1320 3911 1450 3997 quoda
1473 3911 1620 3996 predicta
1643 3910 1777 3975 domina
1792 3909 1901 3972 Mech-

255 4014 333 4079 tilde
350 4017 462 4098 regina
477 4014 662 4078 edificatum
679 4015 883 4079 inhonorem
901 4025 1012 4079 sancte
1030 4038 1221 4101 semperque
1237 4017 1372 4099 virginis
1389 4014 1439 4079 dei
1456 4016 1622 4098 genitricis
1638 4013 1742 4077 Marie
1759 4023 1901 4076 erectum

206 4134 237 4181 30
255 4128 287 4182 et
309 4119 517 4182 manifestum
540 4142 612 4183 esse
635 4128 778 4200 constat,
808 4119 1003 4183 monialibus
1027 4119 1147 4183 ibidem
1171 4119 1232 4183 deo
1256 4117 1491 4182 famulantibus
1514 4115 1668 4203 quicquid
1692 4115 1901 4201 proprietatis

242 4230 288 4285 ⁴et
316 4220 506 4285 hereditatis
535 4223 568 4283 in
591 4220 669 4284 villa
691 4220 875 4304 Blidungen
904 4224 937 4287 in
965 4245 1051 4308 pago
1075 4223 1313 4306 Helmengouw
1335 4224 1369 4285 in
1392 4224 1549 4285 comitatu
1572 4220 1750 4284 Christiani
1772 4220 1901 4282 comitis

255 4321 377 4388 habere
400 4324 460 4386 visi
486 4345 612 4404 sumus,
640 4324 870 4409 perpetualiter
893 4325 1085 4391 donavimus
1093 4377 1101 4407 ,
1125 4326 1278 4390 videlicet
1301 4326 1471 4410 mancipiis
1494 4324 1663 4389 curtilibus
1687 4325 1847 4409 possessis
1871 4332 1902 4384 et

254 4426 461 4509 impossessis
485 4425 622 4490 edificiis
645 4429 737 4490 terris
761 4427 857 4491 cultis
877 4437 908 4490 et
926 4427 1057 4492 incultis
1081 4429 1142 4491 viis
1166 4439 1198 4492 et
1221 4427 1317 4490 inviis
1340 4427 1482 4491 exitibus
1507 4435 1538 4490 et
1562 4426 1717 4490 reditibus
1743 4421 1901 4510 quesitisl

254 4538 286 4593 et
304 4528 513 4613 inquerendis
530 4530 631 4613 pratis
651 4533 782 4613 pascuis
799 4530 889 4595 silvis
906 4533 999 4615 aquis
1016 4552 1215 4616 aquarumve
1232 4530 1422 4595 decursibus
1446 4530 1640 4595 molendinis
1664 4526 1901 4613 piscationibus

206 4647 236 4694 ee
255 4632 430 4697 mobilibus
454 4642 485 4696 et
508 4632 727 4698 immobilibus
752 4656 809 4697 seu
832 4637 1052 4719 cuiuscunque
1077 4633 1163 4698 nodi
1188 4633 1335 4698 utilitatis
1358 4632 1401 4696 ad
1424 4643 1571 4697 nostrum
1603 4633 1652 4696 ius
1675 4632 1788 4696 haberi
1813 4629 1900 4693 vide-

253 4735 361 4817 batur,
385 4757 424 4799 eo
449 4735 588 4821 denique
611 4745 722 4800 tenore
744 4745 780 4800 ut
802 4746 933 4801 teneant
956 4747 987 4802 et
1010 4736 1200 4821 possideant
1222 4747 1254 4801 et
1276 4738 1342 4801 suis
1365 4746 1400 4800 ut
1422 4736 1552 4801 libuerit
1574 4735 1685 4800 usibus
1709 4734 1900 4817 adiungunt.

252 4840 297 4903 Et
311 4850 347 4904 ut
363 4839 424 4903 hoc
440 4861 575 4924 presens
593 4849 781 4925 preceptum
805 4842 923 4904 nostris
947 4841 1210 4923 successurisque
1234 4838 1434 4924 temporibus
1457 4840 1581 4902 firmius
1603 4838 1762 4902 habeatur
1777 4838 1898 4901 verius-

253 4965 314 5028 que
338 4942 504 5024 credatur,
534 4952 659 5006 cartam
689 4941 773 5006 hanc
803 4942 965 5007 conscribi
995 4952 1026 5005 et
1056 4941 1168 5005 annuli
1196 4944 1298 5007 nostri
1332 4944 1545 5027 impressione
1580 4942 1699 5024 signari
1735 4941 1899 5020 iussimus,

253 5068 352 5132 quam
374 5055 407 5109 et
428 5067 527 5109 manu
550 5047 683 5130 propria
707 5045 820 5109 subtus
842 5045 1053 5109 firmavimus.

206 5201 235 5248 ae
357 5182 492 5268 Signum
518 5182 639 5247 domini
663 5184 726 5263 (M.)
750 5181 878 5246 Ottonis
902 5183 1012 5263 magni
1037 5192 1069 5244 et
1091 5183 1296 5246 invictissimi
1319 5180 1524 5264 imperatoris
1547 5180 1688 5261 augusti.

356 5287 578 5370 Liudigerus⁰
601 5286 815 5350 cancellarius
839 5284 988 5348 advicem
1011 5283 1168 5349 liodberti
1191 5281 1467 5368 archicappellani
1491 5281 1677 5366 recognovi.

354 5422 443 5487 Data
467 5440 533 5487 1111.
557 5421 629 5488 idus
659 5423 769 5507 aprilis
798 5444 884 5487 auno
916 5419 1100 5485 dominicae
1128 5422 1361 5485 incarnationis
1390 5435 1589 5499 Dccccnxx,
1624 5416 1801 5481 indictione
1825 5433 1901 5498 x111,

253 5529 343 5609 regni
365 5548 443 5592 vero
468 5526 589 5591 domini
614 5526 745 5591 Ottonis
768 5543 876 5608 xxxv,
900 5526 1026 5610 imperii
1050 5534 1159 5589 autem
1182 5541 1269 5588 vuu.

339 5713 399 5769 m.
427 5714 522 5783 [nolu]
625 5716 651 5780 a)
671 5714 871 5780 nostraequed
974 5715 1002 5775 b)
1021 5711 1163 5778 questisA
1268 5712 1293 5778 e)
1314 5712 1455 5778 Wolgerus
1473 5711 1504 5762 A.
