4298 6414
997 442 1121 508 ΟΤΤΟ
1144 446 1167 507 1.
1193 442 1265 508 937.
1912 439 1954 506 99

315 644 385 699 tetur
405 628 602 699 iudiciariae
623 629 789 721 potestati,
812 633 909 698 ceteri
931 655 1009 698 vero
1031 633 1066 698 in
1086 632 1270 698 subditione
1293 630 1528 719 archiepiscopi
1551 643 1773 718 permaneant.
1818 631 1852 698 Si
1875 623 1952 698 vero

311 736 418 821 aliquis
447 758 493 800 ex
522 736 647 801 libertis
676 735 814 801 voluerit
840 737 1044 820 iamundling
1065 736 1116 801 vel
1144 736 1221 801 litus
1243 735 1312 801 fieri
1335 739 1511 802 autetiam
1533 735 1669 801 colonus
1692 737 1735 800 ad
1757 739 1955 802 monasteria

306 839 494 924 supradicta
516 863 592 905 cum
613 862 776 905 consensu
798 838 993 905 coheredum
1017 862 1159 922 suorum,
1182 862 1248 904 non
1271 839 1481 924 prohibeatur
1503 862 1523 904 a
1541 839 1685 925 qualibet
1704 850 1873 925 potestate,
1897 840 1954 905 sed

299 941 421 1011 babeat
441 942 611 1009 licentiam
633 953 747 1009 nostra
769 945 979 1026 auctoritate,
1001 943 1121 1007 habeat
1144 965 1272 1029 quoque
1295 952 1490 1028 potestatem
1511 943 1697 1028 praedictus
1711 943 1866 1028 Adaldag
1883 967 1954 1010 suc-

242 1069 268 1116 ὁ
295 1068 516 1133 cessurosque
547 1048 617 1112 eius
647 1046 960 1133 Hammaburgensis
988 1046 1167 1111 aecclesiae
1196 1046 1432 1132 archiepiscopi
1463 1069 1560 1132 super
1586 1045 1719 1111 libertos
1743 1057 1774 1111 et
1795 1047 1954 1113 iamundi·

288 1155 407 1234 liugos
431 1153 706 1217 monasteriorum
728 1151 989 1234 supradictorum
1011 1153 1045 1215 in
1068 1149 1309 1235 expeditionem
1333 1152 1400 1214 sive
1418 1150 1461 1214 ad
1479 1150 1636 1237 palatium
1654 1152 1750 1234 regis.
1783 1151 1955 1216 Donamus

285 1275 432 1344 quoque
462 1253 589 1319 clericis
617 1254 933 1339 Hammaburgensis
963 1254 1141 1319 aecclesiae
1172 1263 1366 1339 potestatem
1395 1256 1479 1318 inter
1508 1277 1542 1317 se
1571 1257 1639 1318 sive
1662 1253 1793 1319 aliunde
1816 1254 1955 1338 eligendi

282 1359 512 1445 episcopum,
547 1380 623 1425 cum
649 1362 827 1423 necessitas
857 1360 1052 1444 poposcerit.
1098 1358 1142 1420 Et
1168 1367 1204 1420 ut
1232 1356 1314 1420 haec
1344 1358 1547 1421 auctoritatis
1576 1367 1707 1421 nostrae
1738 1359 1905 1421 concessio
1936 1380 1956 1420 a

278 1460 456 1532 fidelibus
471 1464 591 1527 nostris
607 1463 714 1527 verius
730 1461 883 1526 credatur
897 1473 929 1525 et
944 1485 1001 1547 per
1025 1460 1233 1525 succedentia
1255 1469 1402 1545 tempora
1424 1458 1610 1543 diligentius
1634 1459 1831 1541 observetur,
1855 1483 1956 1525 manu

206 1585 253 1634 ιο
280 1567 439 1655 propria
462 1565 577 1631 subtus
599 1588 673 1632 eam
694 1566 893 1631 firmavimus
916 1576 948 1629 et
971 1565 1068 1630 anulo
1091 1573 1203 1629 nostro
1228 1563 1364 1648 sigillari
1387 1565 1550 1628 iussimus.

407 1718 422 1801 l
446 1719 583 1805 Signum
606 1720 716 1786 domni
740 1720 872 1806 Ottonis
894 1721 982 1802 (MP.)
1004 1722 1207 1785 invictissimi
1230 1722 1324 1805 regis.
1347 1716 1361 1798 ξ

405 1837 558 1925 {Poppo
583 1839 797 1906 cancellarius
820 1841 970 1906 advicem
991 1840 1149 1905 Friderici
1173 1839 1450 1905 archicancellarii
1477 1840 1651 1923 recognovi
1681 1849 1713 1902 et
1740 1834 1754 1916 l
1781 1841 1851 1919 (SR.
1881 1841 1956 1922 NN.)

1830 1943 1887 2024 (sl.
1914 1945 1953 2024 1.)

407 2115 499 2180 Data
521 2134 559 2180 11.
582 2115 649 2181 kal.
677 2116 732 2181 iul.
762 2139 847 2181 anno
878 2115 1001 2182 domini
1029 2133 1279 2199 nccccxxxvn,
1315 2115 1492 2182 indictione
1521 2087 1554 2197 tl,
1590 2136 1675 2178 anno
1704 2115 1795 2198 regni
1826 2114 1956 2180 Ottonis

211 2231 258 2276 15
294 2220 442 2302 piissimi
465 2221 553 2303 regis
576 2237 605 2301 13
635 2230 744 2285 actum
767 2222 800 2284 in
822 2219 1005 2302 Uuerlaha3
1028 2222 1061 2285 in
1084 2219 1135 2284 dei
1158 2221 1288 2285 nomine
1311 2243 1415 2285 amen.

1098 2512 1159 2588 12.

325 2679 397 2758 Otto
424 2683 588 2782 besttttiqt
612 2683 682 2757 deu
707 2684 871 2757 Nouuee
895 2710 968 2757 voa
994 2682 1176 2757 Mescbede
1203 2681 1270 2755 dus
1301 2680 1501 2757 Wublrecbt
1530 2683 1611 2757 aud
1642 2683 1700 2756 die
1733 2683 1955 2756 Imrouuitttt.

1480 2824 1682 2901 Quedb‘aburc
1704 2827 1769 2885 937
1790 2824 1861 2884 qu·
1880 2827 1912 2884 2.

414 3013 664 3089 Oricinctdiplom
685 3015 728 3072 im
749 3014 777 3073 k.
802 3014 1005 3075 Stcutsurehio
1025 3031 1065 3071 su
1087 3014 1229 3072 Manates
1249 3010 1309 3090 (A).

413 3170 544 3231 Serberta
564 3171 668 3243 Westf.
690 3172 754 3233 UB.
779 3177 809 3243 1,
834 3177 855 3231 7
875 3176 910 3230 πθ
928 3173 948 3230 6
969 3187 1026 3230 aus
1048 3169 1086 3228 A.
1112 3202 1150 3212 —
1171 3170 1315 3230 Wilmuns
1338 3168 1440 3240 Wcstf.
1458 3168 1528 3228 KU.
1552 3172 1583 3238 2,
1607 3170 1648 3226 54
1671 3173 1705 3225 πθ
1721 3170 1763 3227 68
1784 3184 1841 3227 aas
1857 3165 1896 3227 A.
1915 3200 1958 3211 -

413 3273 543 3348 &omps
560 3277 633 3349 Rev.
658 3278 709 3337 68.

417 3430 480 3489 Voa
502 3430 566 3488 PA.
590 3429 828 3490 wutrsmeiuiich
848 3429 923 3489 auct
946 3431 1074 3503 eiyeacm
1099 3427 1222 3502 concept
1241 3428 1436 3502 pescaricbea.

413 3634 472 3714 (c.)
493 3629 508 3712 ᾗ
528 3633 567 3698 In
589 3633 720 3697 nomine
743 3641 875 3696 sanctae
903 3641 935 3695 et
963 3630 1150 3696 individuae
1176 3632 1338 3695 trinitatis.
1385 3630 1462 3696 Otto
1493 3630 1603 3695 divina
1630 3632 1759 3695 favente
1788 3630 1959 3695 clementia

310 3760 378 3802 rex.
474 3735 509 3802 Si
531 3736 676 3802 fidelium
698 3745 883 3801 nostrorum
906 3734 1116 3820 petitionibus
1146 3733 1321 3798 clementer
1349 3736 1573 3816 annuerimus,
1606 3756 1673 3797 non
1703 3732 1808 3797 solum
1835 3734 1959 3817 regium

253 3856 296 3911 25
311 3863 436 3906 morem
464 3840 617 3905 decenter
642 3837 657 3920 R
682 3839 871 3926 implemus,
904 3862 1016 3904 verum
1044 3842 1141 3904 etiam
1168 3839 1299 3904 eosdem
1322 3838 1365 3912 ad
1388 3839 1553 3903 servitium
1575 3850 1722 3904 nostrum
1744 3839 1960 3924 promptiores

312 3944 482 4026 efficimus,
505 3953 538 4008 et
560 3946 587 4008 si
609 3966 722 4008 eorum
744 3945 855 4029 petitio
880 3942 920 4007 de
942 3942 1193 4007 aecclesiasticis
1217 3953 1266 4007 est
1287 3942 1398 4025 rebus,
1423 3952 1573 4006 aeternae
1595 3941 1754 4006 mercedis
1776 3962 1960 4005 remunera·

310 4050 433 4113 tionem
449 4048 640 4132 accipimus.
672 4046 752 4111 Ideo
775 4048 924 4110 noverint
948 4070 1059 4112 omncs
1080 4047 1193 4111 fideles
1216 4050 1319 4112 nostri
1342 4058 1528 4133 praesentes
1552 4045 1676 4110 scilicet
1697 4056 1729 4110 et
1751 4046 1858 4128 surturi,
1882 4068 1960 4131 quo·

312 4151 409 4215 modo
432 4172 494 4214 nos
517 4148 559 4214 ob
583 4171 728 4214 amorem
751 4148 802 4214 dei
825 4159 857 4213 et
878 4162 995 4234 rogatu
1015 4150 1159 4216 fidelium
1181 4162 1367 4216 nostrorum
1390 4150 1569 4215 Eberhardi
1593 4158 1626 4213 et
1647 4149 1809 4213 Diotmari
1839 4151 1960 4213 sanctis

312 4252 510 4319 monialibus
531 4254 565 4317 in
588 4254 783 4317 monasterio
807 4251 957 4316 Meskide
979 4254 1146 4317 nominato
1170 4252 1230 4316 deo
1259 4252 1491 4318 famulantibus
1519 4250 1658 4336 eligendi
1687 4253 1771 4314 inter
1798 4272 1832 4314 se
1860 4249 1959 4315 abba·

267 4375 298 4424 30
312 4359 425 4421 tissam
450 4364 645 4440 potestatem
669 4377 843 4440 omnesque
866 4357 1094 4419 concessiones
1118 4377 1200 4440 quae
1224 4354 1265 4420 ab
1288 4355 1547 4420 antecessoribus
1574 4357 1693 4419 nostris
1716 4356 1762 4417 cis
1785 4375 1960 4418 concessae

314 4471 421 4543 erant,
445 4457 655 4523 concedimus
678 4480 798 4543 easque
821 4480 879 4542 per
900 4470 1044 4523 nostram
1068 4461 1292 4523 asrctoritatem
1314 4459 1534 4543 redintegrare
1557 4469 1589 4523 et
1611 4457 1848 4523 corroboras-0²
1870 4456 1961 4521 volu·

312 4587 394 4629 mus.
432 4561 575 4627 Proinde
596 4560 658 4626 hoc
682 4565 801 4646 scripto
826 4561 1018 4626 confirmare
1041 4565 1192 4628 iussimus
1220 4586 1278 4649 pcr
1306 4560 1394 4645 quod
1422 4564 1655 4647 praecipimus,
1690 4562 1841 4645 quatinus
1869 4581 1961 4642 prae-

313 4669 400 4733 fatae
424 4664 737 4731 sanctaemoniales
761 4666 900 4729 feminac
922 4665 978 4729 tali
1003 4666 1150 4730 fruantur
1172 4666 1373 4729 immunitate
1396 4674 1428 4727 et
1450 4663 1489 4727 dc
1513 4665 1579 4728 suis
1608 4663 1704 4728 rcbus
1734 4663 1820 4746 lege,
1856 4661 1961 4748 qualis

313 4769 354 4835 ab
384 4767 647 4834 antecessoribus
675 4769 795 4831 nostris
818 4768 1019 4833 Francorum
1041 4768 1171 4852 regibus
1194 4770 1241 4831 cis
1264 4789 1421 4831 concessa
1443 4777 1521 4830 erat.
1562 4766 1605 4830 Et
1626 4776 1662 4830 ut
1682 4766 1746 4829 boc
1769 4789 1789 4828 a
1810 4764 1961 4829 fidelibus

271 4894 298 4942 so
312 4875 433 4939 nostris
455 4872 571 4938 melius
594 4872 760 4953 credatur,
783 4893 883 4936 manu
904 4882 1016 4935 nostra
1038 4870 1119 4936 illud
1139 4870 1339 4935 firmavimus
1355 4880 1388 4933 et
1403 4869 1501 4934 anulo
1516 4879 1628 4934 nostro
1645 4868 1778 4952 sigillari
1798 4870 1961 4932 iussimus.

415 5025 429 5107 ᾖ
452 5025 588 5111 Signum
611 5025 720 5091 domni
745 5023 875 5090 Ottonis
898 5025 987 5104 (Ma.)
1011 5025 1214 5088 invictissimi
1237 5026 1333 5109 rogis.
1356 5021 1369 5104 ξ

417 5144 568 5233 {Poppo
591 5146 804 5212 cancellarius
828 5145 976 5211 advicem
998 5144 1154 5209 Friderici
1177 5142 1453 5208 archicancellarii
1481 5144 1656 5227 recognovi
1686 5151 1718 5205 et
1744 5139 1758 5220 ᾖ
1784 5143 1853 5221 (SR.
1883 5143 1959 5222 NN.)

1835 5247 1893 5324 (sl.
1920 5245 1960 5324 1.)

417 5408 508 5474 Data
526 5425 572 5472 v1.
591 5430 668 5473 non.
690 5405 746 5473 iul.
771 5429 856 5471 anno
881 5406 1063 5471 dominicae
1086 5404 1319 5469 incarnationis
1342 5417 1593 5484 Dccccxxxvu,
1617 5400 1795 5465 indictione
1811 5417 1851 5482 x,
1876 5420 1963 5463 anno

267 5530 297 5579 to
312 5534 391 5578 vero
417 5510 548 5577 Ottonis
571 5513 707 5597 piissimi
729 5511 814 5595 regis
838 5527 866 5590 13
890 5519 999 5574 actum
1022 5510 1055 5572 in
1078 5507 1357 5592 Quitilingoburg3
1380 5529 1485 5571 ainen.

422 5716 462 5772 l2.
490 5716 584 5786 [rora]
687 5719 713 5779 a)
733 5732 799 5770 corr.
818 5732 866 5766 aas
883 5716 1062 5768 corroborore.
