4298 6414
919 462 1043 520 ΟΤΤΟ
1066 464 1089 519 Ι.
1113 460 1185 518 971.
1811 455 1873 521 547

329 645 442 704 Kirebe
462 664 503 705 sa
524 645 661 716 florae,
691 663 754 704 war
774 647 844 704 aber
864 648 907 704 im
934 646 968 705 J.
984 649 1069 705 1013
1090 645 1125 723 (s.
1147 645 1258 719 qurelli
1280 647 1323 705 ed.
1345 654 1384 716 ll,
1408 651 1438 717 3,
1463 646 1516 724 47)
1545 647 1632 706 nimis
1656 651 1801 708 vetustate
1824 667 1873 708 ne·

331 750 428 822 glecta
450 752 536 822 atque
558 765 629 823 pene
652 748 761 822 diruta,
792 750 899 807 tonate
921 749 983 807 olso
1006 752 1065 809 971
1092 750 1169 806 recht
1191 749 1265 808 wohl
1287 752 1368 807 einer
1390 750 1581 809 Klossaerio
1602 768 1672 809 alirn
1695 750 1873 822 Ausestlrult

331 852 396 910 uod
418 852 681 911 Lebessonterbolt
705 854 886 925 asynde-ml
909 852 1031 910 aserdan.
1055 884 1097 894 -
1123 852 1171 909 Za
1193 851 1335 923 fritlieren
1355 852 1520 910 Versoclren
1543 853 1599 909 den
1618 852 1873 927 Asisstelloopsort

328 972 371 1012 aa
392 954 562 1012 bestimmeo
585 953 693 1011 tommt
710 955 785 1025 jerat
806 954 879 1011 necle
901 953 954 1011 der
968 955 1002 1011 io
1017 952 1146 1025 Sturupf
1156 954 1325 1026 Nachtrop:
1350 952 1426 1012 Colle
1442 956 1486 1012 bei
1500 955 1613 1013 Nocere
1631 962 1676 1012 nd.
1693 973 1749 1013 oon
1764 955 1872 1015 Assisi.

328 1056 409 1115 Ater
429 1073 458 1115 es
478 1057 541 1129 piot
563 1058 596 1114 in
619 1056 670 1114 der
691 1057 776 1115 Note
798 1073 853 1114 vora
875 1056 1006 1129 Peruqz'a
1027 1073 1060 1115 so
1081 1056 1244 1115 ealdre-lohe
1269 1056 1458 1128 Ortsohoftea
1484 1057 1614 1130 pleiclren
1642 1059 1774 1117 Numeres
1804 1059 1872 1118 dass

329 1156 403 1218 ohne
424 1175 500 1218 ocae
521 1158 758 1232 Anboltspoalde
780 1158 836 1229 [dr
856 1159 910 1217 clos
933 1158 1067 1217 Itineror
1090 1160 1153 1217 eina
1174 1160 1283 1217 sielrere
1302 1160 1444 1232 Deutuop
1466 1161 1544 1217 nicht
1569 1161 1689 1232 rrrdpliclr
1714 1163 1760 1219 ist.

430 1343 470 1407 In
492 1343 623 1407 nemine
646 1351 779 1406 sanctae
802 1350 834 1405 et
856 1341 1044 1406 individuae
1067 1342 1231 1406 trinitatis.
1271 1340 1349 1406 Otto
1367 1342 1479 1406 divina
1494 1341 1684 1426 providente
1701 1345 1872 1410 clementia

226 1449 407 1532 imperator
437 1454 605 1530 augustus.
708 1443 742 1509 si
773 1443 848 1508 loca
880 1444 998 1510 divinis
1029 1444 1170 1509 cultibus
1201 1445 1388 1528 mancipata
1417 1444 1477 1509 sub
1508 1455 1620 1509 nostro
1655 1450 1810 1530 regimine
1840 1458 1872 1513 et

226 1550 404 1615 munimine
427 1549 665 1633 susceperimus
688 1556 720 1611 et
743 1548 894 1612 invamen
923 1548 1026 1610 nostri
1055 1548 1182 1631 imperii
1210 1546 1473 1632 praebuerimus,
1505 1557 1540 1613 ut
1568 1549 1600 1610 in
1629 1550 1761 1633 proprio
1785 1558 1872 1614 statu

178 1670 209 1716 ,ο
226 1655 406 1718 constituta
427 1651 503 1717 loca
524 1650 566 1715 ab
588 1652 729 1714 inimicis
752 1652 868 1714 invasa
891 1672 1003 1715 secure
1026 1649 1196 1733 possidere
1218 1649 1365 1731 valeant,
1398 1651 1474 1715 hine
1504 1650 1618 1736 procul
1643 1651 1741 1716 dubio
1767 1652 1870 1716 suble-

225 1758 295 1820 vari
319 1754 439 1820 divinis
462 1754 595 1819 auxiliis
617 1755 749 1817 minime
777 1752 983 1835 ambigimus.
1022 1751 1185 1832 Quocirca
1209 1762 1342 1816 sanetae
1367 1753 1417 1817 dei
1442 1753 1599 1818 ecclesiae
1621 1765 1869 1839 nostrorumque

225 1857 371 1922 fidelium
393 1866 462 1920 tum
484 1856 705 1940 praesentium
727 1863 795 1918 tum
818 1856 917 1919 etiam
934 1855 1116 1920 futurorum
1130 1866 1246 1919 noscat
1262 1855 1431 1937 industria,
1456 1857 1542 1942 quod
1559 1857 1745 1941 praeclarus
1762 1856 1869 1922 Gebo-

226 1961 348 2027 hardus
373 1981 483 2024 comes
505 1958 608 2022 nostri
631 1955 832 2022 celsitudinis
855 1958 981 2043 imperii
1005 1957 1132 2022 culmen
1155 1956 1268 2022 adiens
1291 1958 1454 2024 humiliter
1477 1960 1671 2046 deprecatus
1695 1970 1758 2044 est,
1783 1962 1871 2048 quod

225 2064 379 2129 videlicet
398 2061 558 2127 inclusam
574 2059 748 2124 salvatoris
764 2062 866 2125 nostri
882 2061 959 2125 Iesu
975 2058 1094 2125 Christi
1115 2060 1271 2146 obsequio
1295 2061 1516 2127 inhaerentem
1539 2065 1655 2147 iugiter
1678 2064 1736 2128 sub
1759 2075 1869 2130 nostro

178 2182 207 2231 15
227 2170 356 2252 penitus
379 2167 532 2249 suffragio
555 2175 588 2228 et
610 2166 766 2228 tutamine
789 2167 1017 2249 reciperemus,
1040 2168 1171 2230 nomine
1187 2165 1482 2249 Hermergaridam,
1507 2190 1580 2232 cum
1604 2168 1743 2233 ecelesia
1765 2173 1868 2234 saneti
1921 2207 1924 2210 ⁴

225 2271 372 2334 Miniatis
394 2269 510 2333 honori
534 2268 643 2332 dicata
666 2276 763 2351 atque
787 2269 854 2332 suis
877 2269 1037 2331 universis
1061 2268 1304 2352 pertinentibus.
1351 2269 1448 2349 Quod
1477 2270 1611 2353 dignum
1640 2273 1759 2356 quippe
1783 2271 1871 2336 duci-

225 2397 312 2455 mus,
349 2373 426 2438 dum
456 2371 605 2436 omnibus
634 2380 820 2435 nostrerum
848 2360 1021 2455 regnorum
1049 2369 1195 2435 ecclesiis
1217 2394 1284 2435 non
1307 2370 1410 2435 solum
1434 2394 1602 2457 praeesse,
1637 2377 1871 2439 verumetiam

225 2475 394 2562 praedicta
416 2476 518 2540 nestri
542 2475 667 2559 imperii
691 2473 849 2538 celsitudo
874 2495 934 2539 nos
958 2476 1069 2557 exigat
1091 2473 1166 2537 huic
1189 2483 1256 2537 tam
1278 2473 1415 2537 festivae
1439 2476 1587 2558 petitioni
1604 2485 1718 2540 ettam
1736 2486 1869 2541 sanetae

223 2579 370 2644 eiusdem
394 2578 531 2643 devotae
554 2600 665 2641 aurern
687 2588 820 2641 nostrae
844 2579 1026 2640 screnitatis
1047 2577 1239 2660 propensius
1261 2575 1428 2657 inclinare,
1452 2579 1502 2640 eni
1519 2579 1651 2663 insuper
1667 2576 1728 2642 hoc
1745 2578 1869 2643 mondi-

178 2694 206 2741 20
223 2682 377 2747 bundium
407 2683 491 2745 sacri
523 2681 624 2743 nostri
653 2680 765 2766 palatii
794 2679 862 2743 lieri
891 2681 1059 2760 iussimus,
1095 2689 1130 2743 ut
1158 2677 1271 2741 eadem
1301 2677 1421 2742 devota
1450 2682 1542 2762 virgo
1577 2682 1679 2764 ipsius
1709 2681 1870 2746 ecelesiae

226 2808 355 2850 omnem
379 2787 525 2870 optineat
546 2786 703 2867 vigerem,
726 2784 773 2846 uti
797 2784 970 2867 episcopus
994 2781 1209 2867 iampridem
1232 2784 1261 2845 ei
1284 2793 1501 2860 concesserat,
1525 2786 1559 2846 in
1578 2786 1704 2849 cunctis
1724 2784 1869 2848 eiusdem

225 2889 386 2953 ecelesiae
416 2889 634 2973 pertinentiis,
665 2896 764 2970 atque
794 2907 1027 2972 quemcumque
1058 2884 1120 2949 sibi
1148 2893 1180 2949 et
1206 2884 1364 2949 ecclesiae
1387 2886 1585 2951 advocatum
1607 2886 1650 2951 ad
1673 2885 1869 2969 exigendum

223 2995 341 3058 iniuste
358 2991 541 3056 abstractas
558 2991 619 3056 sibi
635 3014 686 3055 res
702 2989 849 3070 voluerit,
866 2988 966 3071 eligat
984 2986 1094 3072 <isque
1111 2990 1212 3051 nostri
1229 2989 1306 3051 iuris
1324 2990 1470 3072 optineat
1484 2989 1629 3071 vigorem
1640 3000 1653 3026 ²⁸
1670 2990 1740 3052 viee
1757 2998 1869 3053 nostra

224 3107 257 3162 et
279 3096 438 3183 quidquid
461 3094 537 3159 inde
561 3093 762 3159 subtractum
786 3093 882 3156 luerit
904 3093 1032 3172 iniuste,
1056 3089 1234 3154 secundum
1257 3090 1463 3155 iudiciariam
1487 3101 1641 3156 statutum
1660 3091 1703 3155 ad
1721 3092 1869 3155 eamdem

178 3215 206 3262 25
224 3200 398 3265 eeclesiam
413 3199 600 3262 universum
616 3198 775 3261 restituat.
811 3193 845 3258 si
861 3195 933 3279 quis
956 3194 1055 3276 igitur
1076 3215 1229 3278 perverso
1252 3194 1285 3257 in
1309 3192 1439 3257 homine
1462 3194 1524 3258 hoc
1549 3196 1710 3258 contraire
1733 3204 1868 3279 tempta·

223 3304 316 3383 verit,
340 3311 457 3365 noscat
479 3322 514 3363 se
536 3321 627 3363 reum
649 3299 776 3383 imperii
799 3298 978 3360 maiestatis
1001 3298 1095 3382 eique
1112 3297 1368 3380 compositurum
1387 3296 1487 3360 libras
1507 3299 1576 3360 auri
1597 3299 1709 3382 optimi
1728 3307 1867 3380 centum,

224 3403 431 3468 medietatem
460 3423 608 3466 camerae
636 3409 782 3481 nostrae,
812 3398 947 3462 alteram
975 3399 1133 3465 eeclesiae
1156 3396 1251 3482 ml>
1300 3399 1396 3480 Quod
1420 3409 1455 3464 ut
1476 3402 1583 3464 verius
1615 3400 1767 3464 credatur
1798 3400 1868 3464 dili-

223 3508 417 3592 gentiusque
441 3505 482 3569 ab
508 3504 656 3568 omnibus
680 3502 886 3584 observetur,
916 3501 1004 3565 anuli
1032 3504 1134 3566 nostri
1158 3503 1371 3587 impressione
1396 3502 1509 3567 subtus
1533 3505 1685 3568 iussimus
1709 3505 1866 3588 insigniri.

326 3644 441 3707 Petrus
464 3641 678 3706 cancellarius
702 3639 851 3703 advicem
877 3638 1038 3724 [Huberti]
1062 3641 1208 3725 episcopi
1232 3651 1263 3704 et
1286 3639 1563 3705 archicancellarii
1586 3644 1773 3725 recognovi.

178 3803 206 3850 30
327 3780 450 3844 Datum
465 3778 615 3843 kalendis
632 3779 738 3842 martii
756 3800 842 3843 anno
866 3779 1049 3842 dominicae
1071 3778 1305 3841 incarnationis
1328 3793 1534 3859 Dccccnxxi,
1560 3799 1645 3843 anne
1663 3801 1738 3843 vero
1757 3778 1865 3843 domni

224 3882 356 3949 Ottonis
380 3883 574 3948 serenissimi
599 3883 804 3965 imperatoris
828 3899 860 3963 x,
883 3879 1061 3945 indictione
1080 3898 1158 3961 xlv,
1182 3891 1290 3943 aetum
1313 3881 1347 3943 in
1370 3881 1524 3944 comitatu
1548 3881 1705 3964 Perugiue
1727 3882 1760 3944 in
1783 3881 1866 3945 colle

224 3989 278 4072 qui
303 3987 420 4051 dieitur
441 3985 530 4070 apud
553 3982 654 4047 Colle.

1002 4170 1088 4244 loa.

233 4327 313 4402 Orto
341 4326 485 4399 oer’loidt
506 4326 585 4399 deor
603 4327 749 4399 Kloster
766 4322 803 4399 S.
829 4325 1003 4398 Vincarszo
1031 4352 1090 4396 orit
1114 4324 1282 4399 Volturno
1313 4339 1416 4399 rariter·
1440 4326 1694 4423 pleiclszeitipcr
1712 4325 1864 4398 Bouou-

178 4476 206 4521 ss
222 4473 322 4544 proso
341 4446 400 4519 des
418 4446 781 4542 Inquisitionsrcobtcs
799 4445 983 4519 Verreclete
1004 4447 1051 4518 ins
1073 4446 1273 4541 Vevjfuluen
1288 4474 1400 4546 peperi
1419 4448 1477 4520 (lie
1490 4446 1724 4519 It'losterleute
1742 4446 1865 4519 seclude

222 4567 294 4641 siclt
314 4567 378 4640 der
394 4566 584 4663 H'driyleeit
599 4592 643 4638 zu
662 4566 840 4638 entaialien
863 4565 1030 4639 tructus.
1407 4588 1551 4645 nastensis
1574 4590 1633 4644 971
1659 4585 1748 4656 spru
1768 4590 1821 4643 aa.

327 4772 490 4832 Cleronicoo
511 4772 709 4841 Volumnum,
737 4770 832 4829 Codex
854 4773 1057 4845 ootopruplrus
1080 4789 1136 4831 eros
1159 4772 1224 4830 dem
1247 4772 1371 4846 Aulona
1394 4773 1442 4831 des
1465 4778 1515 4831 12.
1540 4773 1592 4832 Jle.
1616 4772 1640 4843 f.
1665 4776 1729 4833 1922
1759 4774 1790 4828 iu
1813 4771 1866 4829 der

326 4877 491 4937 Riedones·
512 4876 674 4935 Barba-riui
695 4894 736 4934 so
759 4876 834 4934 Rem
859 4873 920 4953 (A.)

325 5015 479 5073 llurotori
501 5013 553 5074 SS.
577 5008 620 5082 Il,
645 5016 706 5072 440
729 5029 785 5071 uos
808 5013 844 5070 Α,
868 5045 911 5053 -
933 5012 1063 5070 Bdlrmer
1084 5013 1157 5086 Rep.
1181 5016 1243 5071 384
1267 5014 1331 5071 ried
1354 5012 1480 5085 Stumpf
1499 5013 1569 5085 Ray.
1595 5015 1656 5069 504
1679 5029 1719 5067 su
1741 5013 1813 5068 972.

178 5176 206 5223 ιο
325 5152 365 5211 D.
389 5151 561 5210 besouderer
582 5151 721 5223 Fossuoy
744 5168 784 5208 ua
807 5150 909 5208 dassen
931 5148 1123 5221 Ausstellonp
1150 5150 1188 5208 It.
1213 5150 1250 5208 E.
1279 5150 1423 5221 betlreile'qt
1442 5166 1573 5222 perressit
1593 5166 1634 5205 au
1656 5148 1719 5204 seia
1740 5146 1861 5206 seli-sint.

328 5255 419 5315 veser
441 5254 488 5312 die
509 5252 662 5326 Dotironp
681 5270 705 5311 s.
731 5252 825 5311 Sictel
847 5253 940 5311 Beitr.
964 5270 1022 5310 aar
1042 5250 1126 5324 Dipl.
1151 5254 1180 5322 8,
1205 5255 1277 5311 172.

427 5439 466 5504 Iu
487 5442 619 5504 nomine
642 5448 753 5504 sancte
776 5447 808 5503 et
830 5436 995 5504 individue
1018 5439 1181 5502 trinitatis.
1221 5436 1299 5501 Otto
1323 5436 1434 5501 divina
1458 5436 1587 5499 favente
1611 5432 1783 5497 clementia
1804 5433 1862 5496 im-

223 5552 354 5628 perator
377 5550 545 5627 augustus.
633 5540 786 5606 Omnium
809 5550 922 5606 sancte
946 5538 996 5603 dei
1020 5539 1157 5602 ecclesie
1180 5542 1346 5624 nostrique
1368 5538 1465 5622 longe
1487 5539 1617 5623 lateque
1639 5538 1765 5622 imperii
1785 5536 1862 5601 fide-

310 5711 368 5767 4⁰1.
398 5712 554 5782 [Ottenthal]
659 5716 684 5774 a)
702 5713 832 5780 vigerent
937 5715 964 5773 b)
985 5713 1112 5764 ecclesias
1131 5719 1180 5763 ete.
1200 5711 1230 5762 A.

1596 5796 1656 5856 69*
