4298 6414
945 473 1070 532 ΟΤΤΟ
1092 474 1115 529 I.
1142 470 1213 530 953.
1842 466 1904 533 247

363 659 518 720 1710011110
539 663 638 723 Noton
658 666 695 733 2,
718 666 783 724 213
802 658 922 734 pesolpt.
967 660 1012 718 Es
1033 661 1145 732 seriola
1168 658 1222 730 sur
1244 659 1367 719 elimelec
1396 661 1466 719 dass
1487 660 1536 719 die
1557 662 1682 734 abrisen
1703 660 1905 733 Biuinqscten

365 762 453 822 (litter
478 765 515 821 in
541 764 596 823 der
622 765 709 824 Nate
737 764 838 838 {tepea
883 763 989 821 Isdem
1011 764 1081 822 eber
1102 766 1136 821 tn
1157 763 1278 824 Drooke
1302 765 1390 824 llud.
1414 764 1506 824 Folo.
1531 767 1594 824 101
1615 771 1650 822 a⁰
1672 768 1736 825 107
1762 766 1812 822 ein
1833 764 1903 822 Hel-

363 882 471 940 sungsn
493 870 526 926 et
546 867 744 929 Hitteslrusen
767 869 797 927 in
819 868 967 942 provincia
990 868 1152 927 Hassorum
1177 869 1346 938 emtomrat,
1378 869 1416 928 ist
1440 885 1469 927 es
1492 868 1615 942 moplicb
1637 869 1706 929 dass
1728 869 1805 928 eccla
1827 868 1904 926 Hid-

363 970 477 1029 datust
504 973 539 1029 io
566 989 688 1031 anscrm
709 971 749 1030 D.
779 973 841 1030 sict
868 969 931 1042 ouf
953 972 1017 1028 eine
1042 969 1228 1029 Ocrtlickkcr't
1256 973 1290 1029 to
1317 971 1369 1028 der
1394 972 1482 1031 Natta
1508 989 1564 1030 oon
1592 972 1748 1044 cremam
1768 989 1824 1030 ow.
1848 988 1904 1030 von

209 1162 213 1169 1
258 1083 272 1130 t
366 1074 467 1133 Kessel
488 1074 607 1134 1111011.

368 1262 419 1343 (O.)
448 1262 463 1344 1
495 1259 534 1325 Iu
567 1261 698 1324 nomine
732 1270 864 1323 sanctae
897 1268 930 1322 et
963 1258 1129 1342 individue
1164 1260 1326 1323 trinitatis.
1379 1258 1456 1324 Otto
1491 1259 1602 1325 divina
1633 1260 1763 1326 favente
1798 1265 1903 1346 gratia

266 1392 323 1436 rex.
414 1363 573 1431 Noverint
603 1385 717 1429 omnes
738 1361 851 1428 fideles
884 1364 987 1427 nostri
1009 1373 1176 1447 presentes
1211 1361 1335 1425 scilicet
1365 1371 1398 1425 et
1430 1362 1546 1444 futuri,
1580 1359 1595 1443 ξ
1628 1363 1716 1448 quod
1749 1387 1809 1428 nos
1843 1387 1902 1450 pro

264 1468 403 1537 remedio
417 1468 546 1532 animae
559 1475 692 1533 nostrae
706 1488 768 1530 nec
783 1488 850 1531 non
865 1475 896 1529 et
912 1464 1050 1530 dilectae
1066 1466 1214 1548 coniugis
1230 1463 1432 1530 Adelheidae
1448 1465 1621 1551 predium⁸
1638 1466 1727 1553 quod
1742 1467 1902 1552 Billingus

263 1573 396 1660 quidam
414 1580 525 1635 noster
546 1569 639 1635 miles
661 1568 758 1635 nobis
780 1567 915 1634 tradidit
937 1591 996 1654 pro
1013 1571 1211 1654 proprietate
1233 1578 1346 1632 nostra
1361 1591 1459 1654 quam
1475 1568 1522 1632 illi
1537 1568 1731 1635 donavimus
1747 1573 1779 1634 in
1797 1573 1903 1656 patria

225 1680 249 1729 ¹⁰
261 1674 450 1741 selavorum
471 1684 505 1738 et
526 1675 561 1738 in
576 1673 765 1758 Thuringia,
789 1671 833 1736 ad
847 1674 1079 1737 monasterium
1095 1673 1299 1736 nominatum
1314 1669 1543 1756 Magadaburg
1559 1670 1647 1756 quod
1662 1676 1903 1738 construximus

260 1776 434 1843 inhonore
455 1775 579 1842 domini
602 1777 704 1840 nostri
727 1775 803 1839 Iesu
825 1772 946 1839 Christi
969 1784 1001 1838 et
1024 1775 1129 1837 sancti
1151 1774 1238 1838 Petri
1261 1776 1417 1859 principis
1440 1775 1665 1860 apostolorum
1693 1798 1753 1841 nec
1783 1800 1849 1841 non
1871 1787 1904 1841 et

261 1889 444 1947 sanctorum
465 1881 634 1945 martirum
656 1878 807 1944 Mauricii
831 1887 928 1964 atque
951 1877 1149 1960 innocentii,
1173 1876 1216 1941 ad
1238 1900 1333 1943 usum
1356 1878 1589 1944 monachorum
1611 1879 1691 1944 inibi
1714 1879 1775 1944 deo
1798 1880 1902 1945 famu-

260 1983 398 2050 lantium
418 1986 451 2050 in
472 1983 555 2049 locis
578 1982 832 2064 subnominatis,
870 1979 905 2045 id
937 1990 986 2044 est
1008 1979 1234 2046 Hiddeshusib
1268 2003 1342 2047 cum
1376 1992 1446 2046 tota
1478 2005 1590 2047 marca
1623 1993 1657 2047 et
1684 1984 1901 2069 Helisungun,

261 2086 398 2173 Herieti,
429 2088 659 2174 Dasingarod,
695 2084 832 2167 Gelithi,
866 2085 1133 2168 Vuillienhusun,
1166 2084 1368 2172 Agesthorp,
1405 2085 1541 2170 Gutingi
1576 2109 1650 2152 cum
1680 2088 1829 2154 omnibus
1858 2088 1902 2153 ad

224 2191 397 2258 ruendam
417 2194 648 2278 proprietatem
672 2188 925 2278 pcrtinentibus,
954 2191 1057 2275 pratis
1080 2192 1211 2276 pascuis
1234 2193 1321 2276 agris
1346 2190 1436 2254 silvis
1459 2192 1553 2277 aquis
1576 2192 1812 2276 piscationibus
1836 2215 1903 2257 mo-

264 2289 399 2360 lendinis
419 2297 481 2360 viis
504 2305 537 2360 et
558 2296 655 2359 inviis
670 2293 812 2359 exitibus
828 2303 860 2358 et
875 2290 1033 2357 reditibus
1056 2291 1151 2357 cultis
1176 2302 1208 2356 et
1230 2291 1359 2356 incultis
1376 2294 1548 2378 mancipiis
1570 2291 1706 2357 edificiis
1722 2294 1902 2377 curtilibus,

264 2393 334 2458 iure
363 2399 488 2484 perenni
522 2397 725 2462 donavimus.
771 2395 842 2480 Quo
866 2397 976 2461 omnia
998 2395 1061 2460 hoc
1085 2397 1206 2480 scripto
1230 2395 1274 2459 ad
1295 2396 1457 2480 prefatum
1479 2399 1711 2462 monasterium
1733 2398 1901 2464 firmamus

265 2504 289 2557 11
314 2519 412 2566 manu
433 2503 566 2587 propria
588 2499 838 2566 corroboramus
859 2521 900 2562 ac
923 2498 1021 2564 anulo
1043 2498 1177 2583 sigillari
1200 2500 1364 2565 iussimus.

366 2636 378 2718 l
396 2637 531 2723 Signum
553 2638 664 2704 domni
688 2637 818 2704 Ottonis
842 2638 1038 2703 serenissimi
1060 2638 1146 2722 regis
1167 2635 1182 2717 ξ
1205 2639 1216 2718 (
1274 2638 1295 2717 .)

219 2736 248 2785 ²⁰
365 2741 483 2823 §Brun
506 2742 721 2808 cancellarius
743 2741 893 2807 advicem
914 2739 1073 2806 Friderici
1094 2739 1373 2827 archicappellani
1395 2743 1583 2826 recognovi.
1605 2738 1620 2820 1
1643 2744 1726 2823 (SR.)
1773 2746 1831 2825 (SI.
1847 2747 1898 2826 D.)

274 2896 277 2901 '
365 2879 446 2944 Data
545 2889 557 2919 ⁰
586 2902 671 2945 anno
701 2881 936 2946 incarnationis
971 2882 1092 2947 domini
1124 2898 1313 2964 Dccccnrn,
1352 2882 1528 2946 indictione
1626 2891 1646 2965 ⁰,
1680 2906 1767 2948 anno
1791 2883 1902 2949 domni

254 2966 390 3048 Ottonis
412 2986 609 3050 serenissimi
631 2986 716 3070 regis
739 3002 844 3068 xvm3
871 2995 981 3051 actum
1002 2984 1264 3071 Kidilingaburg.

1040 3245 1126 3315 166.

252 3376 513 3473 0111101111
539 3397 618 3470 dem
644 3397 788 3471 Kloster
814 3397 948 3471 Lorsob
975 3397 1033 3469 die
1060 3397 1139 3471 dom
1172 3396 1430 3473 &unamines
1460 3397 1660 3498 pericbtlicb
1691 3412 1903 3500 crataegonon

206 3507 218 3554 ⁵
251 3499 380 3592 ΘΜ
399 3519 449 3592 im
470 3518 605 3592 Eliadi-
1451 3556 1559 3614 Maias
1581 3558 1645 3616 953
1667 3556 1786 3632 Aoqsest
1809 3562 1859 3618 11.

364 3742 458 3803 Codex
479 3742 675 3811 lauresham.
699 3742 822 3804 dcs12.
847 3743 899 3804 Jb.
924 3743 947 3816 f.
972 3732 1023 3804 15‘
1047 3746 1090 3804 im
1111 3744 1138 3805 11.
1162 3744 1370 3804 Reiclrsorohto
1391 3762 1431 3804 ao
1453 3745 1606 3804 1110111101
1628 3743 1691 3825 (Α).

366 3878 650 3941 cesenatem.
674 3884 791 3953 1,124
820 3899 877 3941 aas
899 3882 935 3940 A.
966 3915 1008 3925 —
1036 3879 1097 3941 OD.
1121 3881 1319 3941 Laurcslrem.
1343 3888 1372 3954 1,
1399 3886 1461 3943 120
1483 3888 1517 3941 o⁰
1539 3886 1580 3943 69
1608 3901 1666 3944 aas
1688 3884 1716 3941 A
1739 3906 1779 3938 =
1804 3884 1904 3945 Graue

363 3985 458 4045 dtdier
485 3985 565 4045 Hist.
595 3983 731 4045 dAlsoce
753 3981 796 4056 1⁶,
820 3989 884 4047 120
905 3991 940 4044 o⁰
960 3989 1025 4045 274
1047 3986 1120 4059 Rcy.
1156 4018 1198 4030 -
1230 3985 1314 4045 Mon.
1341 3985 1440 4046 01111.
1465 3984 1519 4046 SS.
1542 3990 1595 4057 21,
1619 3990 1682 4048 390
1711 4005 1767 4047 aas
1789 3986 1827 4048 A.
1861 4022 1904 4032 -—

363 4089 489 4149 mam
509 4090 583 4162 aa.
605 4092 679 4150 201.
702 4121 745 4135 -
767 4088 895 4162 Stumps
911 4088 985 4162 Ray.
1008 4092 1083 4150 227.

366 4225 497 4298 Vcrfasst
518 4244 575 4286 oon
596 4226 720 4298 [deotolf
739 4227 776 4297 A,
798 4226 853 4301 opt.
871 4226 967 4286 Strbel
980 4226 1074 4285 Beitr.
1097 4244 1155 4284 aar
1168 4226 1251 4299 Dipl.
1270 4228 1298 4297 7,
1316 4229 1387 4286 732.
1426 4225 1565 4287 Derselbe
1586 4228 1696 4287 31111111
1718 4227 1766 4287 dic
1787 4229 1904 4304 Epochc

362 4330 414 4390 der
433 4332 703 4406 Bepimmpsjotre
724 4332 806 4389 nicht
827 4331 952 4390 11111111
975 4330 1039 4388 aad
1061 4330 1139 4389 diese
1162 4330 1278 4389 0111110
1300 4348 1341 4389 au
1361 4329 1478 4404 alectria
1500 4335 1648 4405 1119131111
1668 4350 1710 4391 aa
1731 4333 1834 4394 haben.

462 4517 501 4582 In
526 4519 657 4582 nomine
687 4526 797 4601 sancte
826 4525 858 4580 et
886 4514 1054 4599 individue
1082 4516 1246 4579 trinitatis.
1292 4515 1370 4581 Otto
1399 4515 1510 4581 divina
1540 4528 1702 4584 annuente
1730 4518 1903 4584 clementia

243 4625 329 4685 hex.
423 4621 584 4686 Noverint
618 4642 729 4689 omnes
760 4619 872 4685 fideles
902 4621 1003 4683 nostri
1032 4628 1199 4704 presentes
1229 4619 1353 4684 scilicet
1376 4630 1408 4684 et
1435 4621 1552 4705 futuri,
1590 4622 1730 4707 qualiter
1756 4646 1817 4688 nos
1845 4646 1903 4709 per

244 4709 475 4789 interventum
497 4722 607 4788 dilecti
629 4723 738 4788 fratris
759 4725 862 4788 nostri
878 4724 1042 4790 Brunonis
1063 4723 1219 4790 fratribus
1242 4723 1303 4789 deo
1327 4734 1505 4812 sanctoque
1520 4726 1663 4792 Nazario
1687 4728 1902 4794 servientibus

206 4805 221 4855 ⁵
248 4815 295 4889 in
320 4826 525 4892 Laurealram
558 4826 602 4891 ed
632 4849 729 4892 usum
761 4826 891 4891 illorum
923 4829 958 4892 in
990 4830 1159 4914 proprium
1194 4827 1386 4895 donavimus
1417 4831 1573 4918 quicquid
1603 4832 1790 4898 hereditarii
1824 4834 1902 4898 iuris

252 4924 494 4996 Gunuammus
515 4928 630 4996 babuit
650 4932 685 4995 in
707 4953 793 5016 pago
816 4929 951 4995 Elisaza
981 4932 1079 4996 situm
1108 4932 1196 4995 etin
1224 4934 1381 4998 comitatu
1403 4934 1585 4999 Bernhardi
1613 4938 1756 5020 comitis,
1793 4946 1902 5020 nostre

252 5046 335 5097 vero
358 5035 513 5120 potestati
536 5043 572 5098 ut
594 5034 777 5100 subiaceret
798 5034 959 5116 fiscatum,
981 5033 1081 5099 idest
1101 5033 1135 5098 in
1150 5032 1236 5098 villis
1258 5034 1448 5122 Brllmagad
1470 5046 1503 5101 et
1523 5039 1556 5102 in
1572 5038 1793 5104 Mumenheim
1815 5048 1848 5103 et
1868 5041 1902 5103 in

259 5133 360 5204 Grion
382 5149 415 5204 et
435 5141 471 5204 in
493 5138 658 5205 Walahon
687 5151 719 5204 et
745 5141 779 5204 in
807 5138 1040 5205 Bernnesheim
1067 5148 1101 5203 et
1127 5140 1162 5204 in
1190 5139 1386 5204 Moresheim
1414 5156 1487 5202 xxx
1514 5138 1620 5204 bdbas
1649 5162 1724 5206 cum
1752 5140 1902 5206 omnibus

261 5243 513 5328 aspicientibus,
551 5247 673 5310 mansis
699 5246 871 5331 mancipiis
900 5244 1001 5330 pratis
1029 5245 1161 5329 pascuis
1191 5243 1281 5308 silvis
1307 5241 1451 5329 [aquis]⁸
1479 5264 1680 5329 aquarumve
1711 5243 1901 5308 decursibus

208 5341 247 5397 ⁴0
264 5344 462 5414 molendinis.
499 5348 545 5413 Et
565 5357 602 5413 ut
622 5346 717 5414 huius
733 5358 822 5432 carte
844 5346 1068 5413 corroboratio
1093 5348 1349 5433 omnitempore
1372 5346 1466 5410 firma
1489 5345 1681 5433 stabilisque
1703 5357 1901 5432 permaneat,

264 5445 325 5514 boc
343 5473 476 5537 prosam
497 5454 651 5518 iussimus
674 5460 861 5538 preceptum
883 5449 1046 5517 conscribi
1073 5459 1107 5515 et
1131 5449 1220 5515 anuli
1243 5449 1345 5514 nostri
1368 5450 1571 5533 inpressione
1599 5448 1714 5514 subtus
1742 5451 1901 5536 insigniri.

348 5638 401 5693 ns.
428 5638 537 5711 [sake]
641 5644 669 5707 a)
687 5642 705 5694 a
721 5657 787 5694 cm.
804 5659 852 5693 aa
872 5643 882 5693 1
984 5643 1013 5706 s)
1032 5643 1155 5695 omissus
1173 5668 1207 5678 -
1225 5640 1279 5691 mr
1303 5639 1356 5704 ess
1367 5639 1456 5692 amr
1558 5638 1585 5706 ο)
1601 5638 1789 5706 maroa
1806 5637 1902 5691 naa.

351 5756 404 5816 111.
430 5759 539 5833 [sima]
641 5762 669 5832 a)
679 5762 750 5828 seso
766 5765 796 5814 a
811 5761 844 5818 a
