4298 6414
854 452 1082 518 HEINRICH
1104 455 1128 508 l.
1152 449 1341 509 aaa-933.
1879 450 1921 515 69

279 632 376 718 pratis
398 633 496 718 aquis
518 633 622 698 vineis
647 631 738 698 silvis
759 633 892 717 pascuis
915 631 1110 698 molendinis
1136 633 1374 718 piscationibus
1397 634 1493 700 cultis
1516 645 1549 700 et
1570 635 1701 701 incultis
1725 637 1867 703 exitibus
1890 648 1923 703 et

279 734 478 820 regressibus
508 735 723 822 omnibusque
745 734 950 821 appendiciis
973 745 1005 800 et
1027 738 1294 821 conpertinentiis
1318 739 1384 802 suis
1408 746 1510 803 totum
1534 749 1567 804 et
1589 741 1749 824 integrum
1773 741 1923 806 concedi-

278 861 343 904 mus
371 839 523 925 predicto
550 842 749 906 monasterio
777 841 813 905 in
839 850 984 905 eternam
1014 842 1257 925 proprietatem.
1297 841 1455 905 Iussimus
1484 864 1614 927 quoque
1641 842 1703 906 hoc
1733 854 1921 929 preceptum

278 939 346 1005 iude
375 941 544 1008 conscribi
571 944 804 1029 precipientes,
839 953 998 1028 quatenus
1026 944 1194 1030 predictus
1219 943 1325 1010 abbas
1347 945 1557 1010 Hadamarus
1580 947 1693 1032 suique
1717 970 1923 1013 successores

254 1043 372 1111 salem
395 1044 534 1111 ulterius
555 1046 632 1111 inde
654 1045 798 1112 habeant
819 1056 1016 1133 potestatem
1039 1050 1124 1112 sicut
1147 1047 1187 1113 de
1210 1047 1283 1112 aliis
1306 1050 1493 1114 monasterii
1516 1048 1615 1114 rebus
1638 1072 1699 1134 que
1722 1050 1764 1115 ab
1781 1053 1923 1137 antiquis

277 1147 426 1232 patribus
447 1148 580 1235 regibus
604 1149 731 1215 scilicet
753 1160 786 1215 et
806 1150 1035 1237 principibus⁸
1057 1150 1213 1217 fratribus
1237 1153 1342 1216 sancti
1364 1153 1526 1216 Bonifacii
1556 1154 1753 1219 martiris'in
1775 1154 1922 1219 consola-

277 1252 396 1316 tionem
411 1253 521 1318 victus
544 1262 577 1317 et
593 1254 732 1318 vestitus
755 1252 877 1318 collata
900 1264 984 1318 sunt
1018 1255 1062 1319 Et
1084 1262 1120 1319 ut
1142 1255 1204 1319 hoc
1219 1257 1327 1319 verius
1349 1254 1390 1320 ab
1416 1255 1565 1321 onmibus
1588 1256 1739 1322 fidelibus
1762 1258 1923 1341 credatur,

277 1377 372 1420 manu
394 1364 510 1421 nostra
532 1357 667 1443 propria
687 1355 769 1421 illud
792 1355 903 1422 subter
924 1358 1128 1424 firmavimus
1151 1359 1313 1444 anuloque
1336 1370 1448 1424 nostro
1465 1359 1601 1444 sigillari
1616 1361 1778 1427 iussimus.
1813 1361 1923 1448 <Scire

276 1469 424 1544 preterea
447 1469 516 1525 tam
537 1460 665 1525 firturos
688 1482 786 1546 quam
808 1471 976 1546 presentes
998 1462 1165 1544 volumus,
1199 1464 1276 1548 quia
1304 1464 1439 1548 prefatis
1462 1463 1618 1528 fratribus
1639 1467 1761 1530 nostris
1783 1465 1923 1531 Fulden·

238 1576 262 1624 ro
277 1561 365 1627 sibus
394 1585 462 1628 una
490 1585 618 1650 queque
645 1563 734 1629 huba
762 1563 860 1650 plena
888 1565 922 1627 in
948 1565 1051 1629 natali
1081 1567 1186 1630 sancti
1209 1565 1340 1630 Martini
1363 1566 1536 1631 carradam
1557 1568 1625 1631 vini
1647 1579 1761 1653 nostre.
1779 1567 1832 1632 vel
1854 1568 1924 1632 Mo-

276 1670 409 1753 grmtiue
431 1691 582 1754 mensure
604 1667 791 1755 persolvere
814 1679 847 1734 et
868 1667 913 1731 ad
927 1668 1185 1754 Rumphenheim
1204 1668 1302 1733 debet
1317 1679 1457 1754 portare,
1474 1680 1507 1735 et
1522 1680 1631 1755 cetera
1647 1672 1756 1736 omnia
1771 1673 1804 1736 iu
1820 1672 1923 1736 tribus

276 1771 446 1837 itineribus
475 1781 508 1837 et
536 1773 683 1838 serviciis
711 1775 891 1859 antiquitus
921 1781 1043 1837 statuta
1073 1794 1268 1836 conservare
1295 1770 1446 1837 volumus
1469 1783 1501 1837 et
1524 1773 1686 1839 advocato
1709 1783 1760 1838 ter
1782 1776 1814 1838 in
1837 1797 1923 1838 anno

277 1874 373 1940 siclos
396 1892 448 1939 xx
469 1883 528 1941 aut
550 1885 708 1961 quantum
730 1899 804 1943 cum
833 1879 881 1943 eis
908 1877 1093 1963 comparari
1121 1877 1249 1961 possint
1277 1875 1348 1939 dari
1377 1878 1592 1961 precipimus3
1626 1879 1653 1940 si
1682 1900 1746 1963 qua
1775 1900 1852 1942 vero
1884 1877 1925 1942 de

278 1980 414 2044 servicio
437 1988 496 2043 aut
517 1978 559 2045 de
583 2002 642 2045 suo
664 1981 733 2047 iure
756 1991 814 2046 aut
836 1980 877 2046 de
898 1981 1052 2065 legitimis
1076 2001 1188 2044 eorum
1217 1978 1383 2042 discordia
1412 1981 1552 2061 oriatur,
1586 1980 1619 2043 in
1648 1980 1862 2065 Bingenhcim
1892 1982 1925 2043 in

224 2091 261 2139 15
277 2105 361 2168 pago
385 2082 577 2149 Wetereiba
600 2084 745 2170 generali
767 2084 890 2170 placito
913 2079 1132 2166 terminetur.)

377 2221 514 2307 Signum
538 2222 650 2288 domni
674 2224 739 2304 (M.)
763 2225 907 2289 Heinrici
931 2224 1136 2289 invictissimi
1160 2223 1255 2307 regie.

379 2323 493 2411 (Ego)
518 2327 636 2413 Boppo
659 2329 806 2392 notarius
828 2329 1015 2413 recognovi.

376 2463 468 2527 Data
490 2483 542 2529 111.
565 2488 641 2530 non.
666 2466 730 2530 iun.
760 2465 937 2530 indictione
966 2467 1095 2550 quinta,
1129 2487 1215 2528 anuo
1245 2463 1406 2548 dominice
1435 2465 1666 2528 incarnationis
1696 2479 1924 2544 ltccccxxxu3

278 2576 383 2632 actum
407 2570 441 2631 in
465 2569 655 2653 Erpcsfurt3
683 2568 821 2635 feliciter
842 2592 947 2634 amen.

220 2799 263 2845 ευ
1068 2776 1130 2852 35.

278 2929 450 3004 Heinrich
473 2929 551 3027 piot
576 2920 658 3003 decri
673 2931 817 3004 Klostcr
835 2930 1005 3030 Herrfcld
1030 2931 1087 3004 dic
1111 2929 1196 3004 Orte
1214 2927 1412 3027 Burclrfcld
1435 2927 1516 3001 ‘arrd
1532 2928 1921 3026 dieraco-Breitaapca

278 3078 320 3124 ²²¹⁴
351 3051 500 3124 Tm‘scll·
1469 3087 1640 3158 Fraalrfart
1663 3092 1725 3147 933
1749 3087 1829 3147 Jaat'
1852 3092 1880 3146 1.

378 3280 626 3353 Mrcbaeiclmaap
656 3282 734 3337 ciacc
766 3277 1027 3351 Oropiaaldrploms
1056 3294 1113 3336 aas
1143 3276 1209 3334 dero
1232 3279 1281 3336 12.
1305 3275 1360 3336 Ja.
1392 3277 1435 3334 ira
1457 3275 1729 3348 Hcaacbcrpiscltca
1751 3274 1859 3333 Archiv
1885 3291 1925 3332 aa

380 3384 556 3457 Mammea
580 3381 642 3461 (A).

235 3536 264 3581 *s
380 3519 563 3579 Drcssdeacr
580 3519 642 3579 Gcl.
659 3519 736 3578 Aac.
755 3515 864 3596 (1754)
882 3521 945 3577 108
959 3518 1081 3590 Fracta.
1105 3534 1161 3576 aas
1176 3516 1214 3575 Α.
1238 3550 1280 3560 -
1302 3518 1455 3591 Sclrdttpca
1477 3517 1540 3576 aad
1562 3517 1688 3591 Krcpsip
1703 3516 1926 3589 Deplomatoria

380 3630 407 3683 ct
429 3625 482 3686 SS.
505 3630 536 3695 3,
561 3628 625 3686 532
643 3628 679 3681 a⁰
699 3627 723 3683 2
743 3639 799 3680 aas
821 3622 859 3682 A.
888 3655 930 3664 -
958 3622 1047 3680 Heim
1069 3622 1252 3695 Hcaaebcrp.
1277 3619 1385 3682 Cicron.
1407 3627 1444 3693 2,
1468 3625 1531 3682 354
1554 3639 1610 3680 aas
1633 3621 1670 3681 Α.
1694 3655 1736 3664 -
1757 3621 1926 3693 Srlrdppeclt

380 3730 562 3803 Hcaacbcry.
584 3728 647 3789 ΠΒ.
672 3732 701 3798 1,
726 3733 743 3787 1
767 3732 802 3784 a⁰
825 3732 842 3786 1
867 3743 924 3785 aas
945 3723 984 3785 A.
1008 3760 1049 3769 —
1072 3726 1202 3785 Bolrmcr
1222 3726 1295 3798 Rcy.
1317 3728 1366 3786 65.
1392 3760 1433 3769 -
1456 3724 1583 3798 Staorpf
1602 3727 1675 3799 ch.
1692 3730 1743 3785 42.

379 3869 439 3926 Dic
460 3867 707 3938 Naclrsciclmuap
730 3864 801 3923 lassa
824 3864 969 3923 crkcaaca
991 3865 1060 3924 stass
1083 3867 1131 3923 cia
1153 3864 1399 3937 Oripiaaldr'ploar
1421 3864 1580 3922 Hciarlclrs
1602 3863 1646 3922 als
1666 3863 1789 3936 Vorlaqc
1808 3863 1926 3936 perticat

379 3973 447 4042 but,
480 3970 552 4029 ldsst
580 3972 651 4028 aber
677 3968 757 4027 atera
788 3968 932 4026 crlreaaca
958 3986 1013 4027 aaa
1038 3969 1171 4027 walchem
1193 3968 1246 4025 der
1268 3967 1436 4039 demedipca
1457 3967 1610 4026 Sclrrcr'bcr
1631 3966 1761 4026 dussclbc
1782 3971 1926 4030 stommtc.

379 4075 591 4147 Ebcrrsowcar’p
612 4076 651 4132 ist
674 4090 730 4131 aas
753 4072 818 4130 dent
840 4071 1003 4130 Protolrollc
1024 4071 1088 4130 wad
1110 4072 1229 4129 Dictatc
1251 4071 1314 4128 ciac
1336 4069 1558 4142 Entsclrcr'daap
1578 4072 1802 4142 succedanea.
1834 4069 1926 4129 Jcaes

379 4181 464 4237 dictet
486 4178 570 4236 locine
591 4176 701 4236 eadem
722 4175 1018 4248 Eiaculent-icamia
1046 4175 1091 4234 als
1119 4174 1173 4233 dos
1200 4173 1276 4232 uach
1303 4175 1337 4230 r'a
1365 4171 1436 4235 DH.
1459 4177 1502 4232 33
1526 4174 1701 4245 pebraaclrtc
1730 4172 1775 4231 dei
1799 4173 1925 4232 donante

380 4282 543 4341 clementia.
583 4280 648 4338 Das
676 4279 778 4336 Dictat
808 4279 1020 4338 anterscbcidct
1049 4280 1110 4338 siclt
1137 4297 1193 4337 coa
1221 4278 1286 4336 dcco
1315 4277 1368 4335 der
1394 4277 1649 4349 cororrspclrcadca
1677 4276 1839 4336 Urlraadca
1865 4295 1927 4335 aar

380 4385 473 4444 clarck
494 4385 543 4442 dic
565 4381 782 4456 cinpcsclarltete
801 4380 1117 4454 Grcarbescarerouap,
1140 4400 1181 4440 aa
1203 4381 1255 4438 dcr
1269 4381 1375 4454 jcdoclr
1396 4382 1464 4440 kcia
1480 4381 1603 4439 Arrsloss
1625 4400 1665 4439 aa
1686 4382 1809 4438 aclaaca
1832 4382 1879 4450 ist,
1903 4399 1926 4443 s.

379 4486 428 4546 die
449 4487 589 4546 Formela
611 4489 645 4546 ia
665 4486 792 4545 Ros-iere
813 4492 848 4543 a⁰
869 4489 931 4545 146
954 4485 1018 4544 acad
1040 4487 1102 4544 156
1130 4484 1194 4543 aad
1215 4484 1255 4543 D.
1279 4484 1357 4543 Karl
1380 4493 1435 4547 111.
1464 4485 1594 4543 Bolrarcr
1615 4484 1686 4543 RK.
1709 4487 1782 4543 944.
1820 4484 1858 4543 So
1885 4485 1924 4542 ist

380 4593 445 4651 hier
466 4592 538 4651 alles
560 4593 633 4650 ecit·
654 4589 719 4648 mad
740 4589 980 4663 kaaalcipcmliss.

357 4762 441 4859 ⁸(C.)
464 4774 479 4856 ξ
500 4777 539 4842 In
561 4778 692 4842 nomine
715 4785 828 4840 sancte
851 4785 884 4840 et
905 4773 1071 4840 individue
1093 4775 1257 4839 trinitatis.
1295 4774 1468 4839 Heinricus
1499 4774 1549 4838 dci
1580 4774 1723 4838 donante
1752 4773 1925 4839 clementia

277 4903 346 4947 rex.
433 4880 592 4946 Noverint
615 4902 728 4945 omnes
749 4878 863 4943 fideles
886 4879 990 4943 nostri
1013 4886 1180 4962 presentes
1209 4877 1334 4942 scilicet
1362 4888 1394 4941 et
1422 4878 1536 4960 futuri,
1572 4876 1711 4962 qualitor
1732 4899 1793 4941 nos
1816 4879 1925 4962 cumi

278 4984 473 5069 Megingozo
497 4981 815 5048 Heroluesfeldensis
838 4979 988 5046 coenobii
1011 4979 1133 5044 abbate
1156 4979 1321 5065 quoddam
1344 4981 1480 5045 fecimus
1504 4979 1741 5046 concambium.
1776 4978 1926 5044 Tradidit

278 5089 376 5174 igitur
398 5086 493 5152 nobis
516 5087 602 5151 idem
626 5085 713 5151 abba
736 5107 811 5149 cum
834 5106 996 5149 consensu
1019 5084 1155 5148 fratrum
1178 5081 1258 5147 inibi
1281 5082 1413 5148 domino
1437 5083 1675 5148 famulantum³
1698 5092 1730 5146 et
1752 5104 1851 5146 manu
1869 5082 1925 5146 ad—

235 5202 470 5256 revocatorum
494 5213 626 5255 suorum
647 5188 807 5254 Friderici
830 5197 863 5253 et
886 5186 1051 5252 Christani
1075 5186 1229 5273 quicquid
1257 5188 1291 5251 in
1312 5187 1420 5252 Uuihe
1443 5197 1475 5252 et
1497 5188 1530 5251 in
1552 5186 1721 5271 Burgdorf
1745 5185 1789 5250 ad
1817 5188 1924 5271 ipsum

280 5295 512 5360 monasterium
534 5293 597 5357 huc
619 5313 723 5377 usque
746 5293 908 5377 pertinere
930 5289 1112 5373 videbatur,
1136 5311 1210 5354 cum
1233 5289 1402 5355 curtilibus
1425 5290 1560 5356 edificiis
1584 5289 1731 5353 ecclesiis
1753 5290 1924 5374 mancipiis

281 5398 494 5482 omnibusque
516 5394 721 5481 appendiciis
744 5403 777 5458 et
799 5394 998 5459 adiacenciis
1022 5397 1098 5460 suis.
1133 5395 1277 5459 Econtra
1299 5417 1377 5459 vero
1401 5395 1595 5459 donavimus
1613 5393 1656 5457 ad
1672 5393 1834 5477 prefatum
1853 5415 1925 5456 eoe-

381 5567 423 5622 ³4.
449 5567 544 5688 [1⁴¹0un
647 5568 674 5629 a)
692 5565 760 5618 wohl
781 5566 932 5617 eructaadcn
954 5583 1001 5616 aru
1025 5583 1076 5632 quq
1099 5567 1133 5617 ab
1156 5569 1271 5633 antiquis
1293 5568 1454 5632 temporibus
1477 5582 1494 5616 a
1517 5565 1623 5631 regibus
1646 5566 1748 5615 scilicet
1766 5570 1792 5614 ct
1809 5566 1925 5631 impera-

448 5640 499 5689 tori
519 5653 559 5689 us.

235 5741 265 5790 ts
381 5739 557 5809 ³5.[srcke1]
661 5743 688 5804 a)
706 5739 737 5791 A.
