4298 6414
22 108 88 176 244
424 165 426 169 1
620 114 1068 175 KAISERURKUNDEN.

24 318 106 370 carris
128 321 155 369 et
174 316 321 379 saumariis,
343 313 497 382 negotiandi
519 313 605 381 gratia
625 314 695 363 irent
717 317 743 363 et
765 311 888 376 redirent,
908 312 1011 363 nullum
1033 312 1167 365 teloneum
1189 314 1330 379 quisquam
1353 313 1392 363 rei
1414 311 1537 379 publicas
1557 313 1653 367 admini-

24 425 121 472 strator
146 420 179 470 ab
208 420 246 470 eis
275 419 400 485 exigeret.
443 417 495 467 Pro
517 415 649 467 firmitatis
671 431 785 482 namque
807 416 896 468 studio
918 417 996 482 petiit
1015 416 1085 468 idem
1107 400 1173 468 Uto
1196 416 1358 468 venerabilis
1381 416 1537 483 episcopus,
1565 423 1593 468 ut
1615 421 1656 470 im·

24 529 176 590 paratorum
198 538 231 575 ac
253 539 359 590 regum,
389 528 585 574 antecessorum
608 520 733 572 videlicet
754 525 919 585 nostrorum,
949 522 1153 574 auctoritatibus
1182 522 1252 572 hanc
1285 525 1404 572 rosham
1436 519 1654 586 superadderemus

25 630 218 680 auctoritatem.
252 627 335 678 Cuius
357 628 480 692 petitioni
502 625 675 676 libentissime
698 624 839 674 annuimus
862 630 889 675 et
909 619 984 676 hoc*
1005 630 1111 676 nostrae
1134 625 1300 676 auctoritatis
1321 626 1494 690 praeceptum
1516 622 1573 675 fieri
1591 626 1655 676 iussi-

24 749 83 783 mus
105 747 153 797 per
174 731 246 798 quod
268 733 392 783 omnibus
414 732 556 783 comitibus
578 729 686 779 vicariis
709 729 867 779 centenariis
889 729 933 780 vel
956 730 1078 781 omnibus
1100 745 1155 781 rem
1183 728 1320 794 publicam
1348 727 1594 780 administrantibus
1617 746 1656 782 seu
1694 732 1716 778 ἐ

25 838 127 888 cunctis
154 835 278 888 fidelibus
305 837 403 887 nostris
429 836 620 901 praecipimus,
650 839 681 883 ut
702 834 793 885 nullus
814 839 932 886 vestrum
954 834 987 886 de
1009 835 1090 886 rebus
1111 849 1178 901 quas
1200 835 1309 900 navigio
1330 816 1401 884 vell
1428 838 1551 897 terreno,
1577 834 1603 884 id
1626 841 1658 885 est

25 957 85 991 euru
108 941 189 991 carris
212 945 239 991 et
260 941 407 1003 saumariis,
430 954 478 1004 per
498 953 581 1005 regna
602 937 652 988 deo
675 939 790 1003 propitio
813 943 905 989 nostra
925 938 1045 989 homines
1067 937 1186 990 eiusdem
1204 936 1421 1004 strazburgensis
1444 936 1573 988 secludas
1591 952 1658 1004 nego

25 1043 109 1093 tiaudi
138 1036 247 1110 gratia⁰
277 1042 415 1105 duxerint,
449 1043 611 1108 ubicumque
633 1059 769 1095 accessum
791 1043 946 1107 habuerint,
980 1043 1083 1094 nullum
1105 1042 1240 1094 teloneum
1262 1046 1309 1093 aut
1330 1043 1475 1109 ripaticum
1496 1046 1545 1092 aut
1563 1045 1659 1107 portati-

25 1129 110 1198 crnn‘¹
133 1152 180 1197 aut
201 1147 366 1213 pontaticum
388 1151 436 1196 aut
457 1146 627 1199 salutaticum
649 1152 697 1198 aut
718 1148 901 1212 cespitaticum
924 1152 971 1198 aut
991 1147 1132 1199 rotaticum
1154 1152 1202 1197 aut
1220 1147 1370 1197 cenaticum
1392 1150 1441 1197 aut
1457 1147 1603 1212 pastionem
1621 1153 1662 1197 aut

24 1250 188 1302 laudaticum
210 1256 258 1302 aut
278 1251 438 1303 trabaticum
461 1256 508 1302 aut
528 1250 723 1316 pulveraticum
746 1256 793 1302 aut
813 1252 899 1302 ullum
922 1267 1061 1303 occursum
1082 1249 1126 1302 vel
1148 1249 1234 1300 ullum
1255 1265 1364 1301 censum
1386 1253 1435 1300 aut
1456 1249 1541 1300 ullam
1560 1249 1716 1300 redditi-1

25 1348 147 1405 tionem⁸
169 1355 290 1419 accipere
312 1353 355 1405 vel
377 1359 500 1404 exactare
522 1353 620 1404 audeat
642 1359 689 1404 aut
710 1354 862 1405 homiuibus
884 1356 930 1420 qui
953 1354 1045 1406 eadem
1067 1354 1239 1405 mercimonia
1259 1352 1431 1419 praevident,
1464 1351 1548 1404 ullam
1573 1354 1661 1419 inquis

26 1457 145 1509 tudinem
167 1462 214 1508 aut
235 1457 452 1523 impedimentum
474 1456 562 1508 facere
584 1463 743 1523 praesumat,
766 1458 812 1508 sed
834 1458 915 1508 liceat
936 1459 975 1508 eis
996 1474 1044 1523 per
1065 1458 1135 1509 hauc
1151 1463 1269 1509 nostram
1283 1457 1472 1508 auctoritatem
1486 1472 1547 1507 cum
1560 1458 1662 1508 nasibm

26 1566 53 1612 et
75 1562 169 1612 ceteris
190 1561 321 1612 vehiculis
343 1562 443 1627 absque
465 1561 546 1612 ullius
569 1563 756 1613 contrarietate
778 1561 821 1612 vel
843 1561 1031 1626 impedimento
1053 1578 1101 1628 per
1121 1563 1276 1613 universnm
1297 1562 1439 1627 imperinm
1461 1564 1594 1624 uestrum,
1614 1561 1663 1612 ubi·

27 1680 139 1731 cumque
162 1666 200 1715 eis
221 1679 330 1716 necesse
350 1666 445 1729 fuerit,
474 1665 558 1716 libere
581 1671 608 1716 et
629 1681 721 1717 secure
743 1667 782 1716 ire
805 1671 832 1716 et
853 1664 955 1732 redire;
986 1670 1012 1718 et
1034 1667 1058 1717 si
1079 1665 1183 1732 aliquas
1205 1679 1291 1715 moras
1313 1665 1343 1714 in
1369 1663 1493 1730 quolibet
1520 1663 1580 1715 loco
1605 1664 1663 1716 lece

26 1771 80 1820 rint
101 1773 148 1819 aut
169 1770 278 1819 mercati
300 1769 399 1820 inerint
420 1770 464 1820 vel
486 1768 665 1831 vendiderint,
695 1769 763 1820 nihil
785 1771 818 1819 ab
842 1771 880 1820 eis
901 1785 1010 1835 prorsus
1031 1775 1063 1821 ut
1084 1769 1184 1821 dictum
1206 1774 1247 1820 est
1273 1768 1371 1821 telonei
1398 1769 1530 1836 exigatur.
1574 1753 1616 1818 Et
1633 1763 1690 1819 uti

26 1857 107 1923 haec
136 1856 391 1922 confirmationis
419 1866 552 1923 nostrae
580 1860 757 1924 auctoritas
786 1858 965 1945 pleniorem
992 1861 1026 1924 in
1055 1859 1108 1925 dei
1138 1862 1269 1925 numine
1299 1858 1446 1924 obtineat
1478 1859 1664 1944 firmitatem,

25 1983 125 2028 manu
147 1969 261 2026 nostra
283 1959 395 2025 subter
416 1983 489 2026 eam
510 1960 711 2026 firmavimus
734 1971 767 2027 et
788 1962 877 2028 anuli
899 1964 1002 2028 nostri
1024 1965 1238 2050 impressione
1261 1965 1424 2048 assignari
1445 1963 1610 2030 iussimus.

126 2098 263 2184 Signum
286 2096 396 2164 domni
420 2096 550 2164 Ottonis
574 2101 771 2181 serenjssimi
792 2102 888 2185 regis.

130 2204 220 2268 Brun
242 2201 456 2268 cancellarius
479 2202 628 2268 advicem
649 2202 811 2268 Fridurici
835 2202 1110 2290 archicappellani
1132 2205 1320 2289 recognovi.

25 2357 28 2363 ’
129 2341 219 2407 Data
239 2339 348 2406 idibus
370 2340 526 2407 februarii
548 2363 634 2407 anno
657 2341 891 2406 incarnationis
919 2339 1043 2406 domini
1072 2356 1263 2425 Dccccum,
1298 2339 1478 2407 indictione
1500 2358 1555 2425 xl,
1589 2362 1665 2406 anno
1679 2355 1716 2404 ac

29 2467 106 2510 vero
130 2447 221 2530 regni
237 2444 368 2512 Ottonis
389 2447 475 2531 regis
491 2463 584 2530 xvn,
607 2455 717 2512 aetum
731 2446 765 2510 in
779 2444 974 2510 Herenstein
989 2445 1129 2532 palati03
1152 2446 1186 2509 in
1202 2443 1254 2511 dei
1268 2447 1401 2510 nomine
1416 2443 1666 2531 feliciterameu

806 2669 891 2744 163.

38 2821 119 2900 Ouo
141 2821 346 2896 wicderhelt
367 2823 442 2923 auf
460 2821 594 2900 Gtuud
615 2825 709 2897 ciues
733 2824 1038 2923 Zcupeubcwes'scs
1061 2825 1119 2900 dic
1141 2825 1355 2900 Rucuma
1374 2827 1541 2924 percussu
1567 2823 1671 2902 Gom

29 2947 79 3019 im
100 2944 225 3019 Ebass
247 2971 298 3019 ou
320 2944 386 3019 das
408 2944 573 3019 Basiliam
597 2942 707 3021 Char.
1189 2984 1312 3045 mm„
1333 2985 1397 3046 953
1419 2985 1562 3045 pm,
1582 2989 1632 3046 24.

135 3169 383 3246 Oriqs'aalds'plom
403 3172 446 3229 im
468 3171 669 3243 bucbdflichca
690 3169 801 3231 Archiv
821 3190 862 3232 cu
886 3172 966 3231 Cisra
990 3171 1052 3252 (A).
1685 3197 1712 3245 25

136 3307 265 3367 Techuda'
289 3305 391 3367 Gallio
416 3311 531 3367 mutata
551 3313 616 3369 317
637 3311 685 3369 cit.
717 3343 760 3350 -
787 3310 936 3384 Schbplliu
962 3310 1026 3370 Ab.
1051 3310 1122 3386 dipl.
1147 3316 1176 3382 1,
1200 3313 1266 3372 112
1285 3316 1320 3369 a⁰
1341 3313 1406 3371 138
1434 3327 1472 3370 ea
1500 3311 1673 3371 colleduaas

134 3409 265 3484 Stauaps.
295 3444 338 3454 -
364 3409 548 3470 &medidies
568 3413 601 3470 in
623 3413 808 3474 Wtrdtwein
829 3413 914 3473 Nouo
935 3416 1013 3473 subs.
1038 3419 1068 3485 3,
1091 3416 1156 3474 367
1175 3419 1210 3472 πθ
1233 3417 1276 3475 92
1297 3431 1354 3474 asae
1376 3413 1414 3472 A.
1438 3448 1481 3460 -
1502 3415 1595 3474 Moar
1616 3412 1673 3475 OD.

132 3513 218 3571 Rost.
242 3517 271 3583 1,
296 3517 337 3573 73
358 3519 393 3571 πθ
416 3515 454 3574 51
484 3532 541 3574 uus
564 3512 601 3573 A.
635 3549 677 3559 -
710 3516 840 3576 Bthmer
860 3516 930 3590 Rea.
954 3520 1028 3579 198.
1061 3551 1104 3562 -
1138 3515 1267 3591 &uatus
1283 3516 1355 3591 ch.
1378 3519 1453 3580 221.
1487 3552 1533 3561 -
1566 3517 1675 3603 Hister

133 3618 205 3692 Res.
230 3620 323 3679 1045.

136 3756 270 3828 Versosst
292 3757 356 3815 aad
375 3757 561 3830 pescbriebeu
581 3774 637 3816 ocu
659 3756 725 3816 dem
748 3761 806 3817 eret
829 3762 918 3817 etwas
940 3762 1042 3831 sputa
1063 3759 1108 3817 uls
1123 3758 1262 3833 Mitplied
1279 3760 1332 3818 der
1344 3759 1476 3818 Kasalos·
1497 3761 1675 3820 erectam
1690 3745 1716 3822 aa

135 3860 191 3917 deu
205 3859 329 3931 Liutolf
344 3859 380 3918 Ε.
419 3859 562 3918 dimetas
583 3860 775 3935 Wcuduepen
797 3862 939 3920 cellelarie
961 3879 994 3920 cr
1016 3862 1082 3921 dem
1103 3861 1165 3934 auf
1183 3863 1328 3924 dicacibus
1349 3862 1553 3938 Bessum„
1574 3865 1675 3939 berae

134 3962 228 4022 lichen
251 3962 285 4041 (s.
310 3961 418 4021 Ficker
440 3961 534 4023 Bcitr.
561 3966 588 4033 1,
613 3961 666 4039 84)
689 3962 757 4023 DO.
781 3965 853 4024 157.

135 4148 193 4231 (0.)
219 4148 233 4234 ξ
260 4149 299 4215 In
326 4152 457 4215 nomine
487 4159 644 4215 sanctae*
672 4160 704 4215 et
736 4149 923 4217 individuae
957 4153 1121 4216 trinitatis.
1166 4151 1245 4217 Otto
1275 4150 1386 4216 divina
1413 4153 1521 4237 gratia
1550 4153 1679 4219 favente

31 4277 101 4319 rex.
197 4253 357 4318 Noverint
386 4275 499 4318 omnes
521 4254 555 4317 in
579 4251 708 4319 Christo
731 4253 844 4319 fideles
872 4258 991 4338 nostri,
1014 4253 1029 4337 ξ
1051 4255 1189 4341 qualiter
1215 4255 1321 4321 fidelis
1348 4267 1460 4322 noster
1482 4257 1678 4345 Hartpertue

32 4356 227 4423 venerabilis
256 4356 434 4421 aecclesiae
464 4355 630 4423 Ouriensis
659 4360 832 4444 episcopus
867 4357 986 4423 obtulit
1013 4361 1195 4444 presentiae
1223 4368 1356 4424 nostrae
1384 4371 1540 4447 precepta
1569 4379 1716 4447 regumat

35 4474 278 4528 antecessorum
292 4472 488 4544 nostrorum,
512 4463 712 4526 continentia
729 4462 895 4547 quendam
909 4465 1142 4548 proprietatem
1163 4465 1197 4528 in
1212 4461 1348 4529 Alsacia
1369 4463 1412 4529 ab
1428 4465 1510 4550 ipsis
1533 4468 1679 4552 prefatae

34 4567 194 4632 aeclesiae
216 4566 350 4631 firmiter
372 4564 593 4648 condonatab,
617 4565 673 4631 diu
701 4575 810 4631 tamen
839 4565 914 4630 inde
942 4568 1061 4632 iniuste
1090 4565 1293 4632 abstracta.b
1335 4567 1405 4633 Nos
1426 4589 1506 4633 vero
1539 4571 1575 4634 in
1608 4572 1680 4656 ipsa

33 4672 203 4757 provincia
224 4669 337 4735 habito
361 4668 525 4755 colloquio
548 4671 720 4734 veritatem
742 4668 904 4735 eiustemb
933 4669 1119 4736 donationis
1146 4671 1291 4738 fidelium
1313 4680 1501 4738 nostrorum
1521 4672 1679 4739 relatione

33 4776 228 4860 testiumque
257 4773 448 4838 idoneorum
477 4771 739 4859 approbatione⁰
768 4794 879 4839 coram
909 4773 1059 4839 omnibus
1087 4775 1340 4860 investigantes,
1379 4774 1420 4840 ob
1451 4799 1599 4843 amorem
1628 4776 1678 4842 dei

33 4879 199 4964 ipsiusque
233 4879 456 4942 sanctissimae
491 4877 656 4962 genitricis
678 4877 803 4942 Mariae
826 4887 858 4943 et
886 4874 1017 4944 sancti(1
1051 4879 1247 4943 confessoris
1270 4877 1391 4944 Christi
1414 4878 1511 4945 Lucii
1540 4879 1716 4946 eandemat

34 4983 265 5068 proprietatem
300 5004 398 5068 quam
431 4979 613 5067 periculose
647 4990 679 5045 et
712 4984 829 5048 iniuste
863 4984 1076 5067 cognovimus
1111 4981 1255 5048 ablatam
1266 5033 1275 5065 ,
1320 4981 1473 5049 consultu
1507 5006 1679 5071 procerum

122 5151 178 5207 lua.
207 5151 302 5285 [gollim]
407 5155 432 5216 a)
455 5151 486 5218 0,
514 5152 629 5204 hnncB
732 5154 759 5215 b)
779 5152 869 5203 autO
967 5154 992 5214 c)
1011 5150 1136 5204 causaO
1235 5152 1263 5218 d)
1282 5159 1328 5204 aut
1345 5155 1505 5221 portaticum
1524 5150 1685 5218 fatuito

205 5239 220 5273 θ
276 5260 283 5274 ·
1511 5247 1513 5252 ,

123 5322 180 5377 lut.
217 5325 315 5409 bichel]
363 5397 369 5408 Ι
383 5327 446 5446 ΜΣ)
465 5343 479 5376 c
497 5343 562 5378 coru
581 5342 663 5379 ausa
765 5325 836 5388 h)A
940 5329 964 5393 c)
982 5327 1031 5378 das
1048 5333 1112 5378 crete
1129 5345 1146 5393 p
1164 5343 1230 5378 coar.
1249 5328 1331 5377 cuch
1436 5327 1464 5388 d)
1482 5330 1522 5378 sci
1545 5326 1611 5380 oba
1627 5327 1678 5379 At·

318 5409 382 5446 neta
432 5432 439 5447 .
1692 5414 1716 5460 ll
