4298 6414
717 448 945 505 HEINRIOH
969 450 991 504 1.
1017 444 1208 503 934-935.
1749 441 1788 505 71

135 628 242 716 ipsius
272 630 419 716 sigifridi
448 640 573 696 curtem
601 653 699 696 unam
730 629 901 715 Groninga
930 639 1152 715 nuncupatam
1180 639 1213 694 et
1242 629 1471 715 Oroppensteti
1502 640 1535 695 ct
1566 631 1792 716 Emmundorp

139 755 322 819 omnesque
344 756 398 799 res
420 756 504 819 quas
526 732 569 798 ab
591 733 784 798 Hadumaro
807 732 929 797 abbate
952 734 984 797 in
1007 731 1234 798 concambium
1257 733 1301 798 ad
1329 734 1512 818 praefatam
1540 745 1664 798 curtem
1688 733 1792 799 Grou-

137 839 240 924 ninga
255 839 457 923 pertinentes
474 839 688 924 suscepimus,
712 859 785 901 eum
809 836 960 901 omnibus
982 836 1026 901 ad
1048 837 1129 901 haec
1152 836 1399 921 pertinentibus,
1423 859 1497 903 eum
1519 838 1689 904 curtilibus
1705 838 1792 904 aedi-

137 941 223 1007 liciis
245 941 422 1026 mancipiis
445 941 534 1027 agris
558 941 660 1026 pratis
683 941 816 1024 pascuis
839 940 934 1023 aquis
958 938 1048 1004 silvis
1072 939 1286 1027 omnibusque
1309 941 1353 1006 ad
1376 941 1458 1006 haec
1486 943 1556 1007 iure
1584 940 1792 1027 legitimeque

98 1057 118 1105 5
138 1044 389 1131 aspicientibus.
422 1041 589 1110 Proindel
611 1043 675 1109 hoe
697 1045 819 1128 scripto
843 1044 1028 1109 confirmari
1051 1046 1203 1111 iussimus
1221 1067 1280 1129 por
1298 1044 1387 1130 quod
1406 1044 1541 1111 firmiter
1562 1047 1791 1131 praecipimus,

139 1157 305 1234 quatenus
326 1147 517 1235 praedictus
540 1147 714 1233 Sigifridus
738 1147 779 1212 de
802 1147 917 1213 eadem
940 1150 1140 1234 proprietate
1168 1148 1303 1214 liberam
1332 1148 1454 1214 habeat
1480 1159 1676 1234 potestatem
1700 1149 1790 1235 quid-

139 1252 219 1338 quid
243 1251 308 1316 sibi
330 1250 451 1317 exinde
472 1250 604 1317 libuerit
626 1251 778 1315 faciendi.
819 1250 863 1315 Et
885 1261 921 1316 ut
943 1251 1005 1316 hoc
1028 1253 1136 1316 verius
1159 1252 1326 1334 enodatim,
1359 1274 1459 1317 manu
1486 1260 1600 1317 nostra
1628 1252 1708 1318 illud
1739 1252 1790 1318 fir·

138 1357 305 1421 mavimus
327 1365 361 1421 et
382 1353 504 1421 annulo
527 1362 639 1421 nostro
663 1353 800 1438 sigillari
823 1355 985 1420 iussimus.

247 1493 386 1580 Signum
408 1493 530 1560 domini
553 1492 699 1558 Heinrici
724 1492 789 1573 (M.)
813 1493 1017 1558 invictissimi
1039 1494 1135 1577 regis.

87 1605 123 1652 ¹0
244 1599 362 1684 Poppo
385 1597 601 1664 cancellarius
623 1596 773 1662 advicem
796 1595 987 1662 Hiltiberti⁰
1008 1595 1285 1682 archicappellani
1307 1599 1484 1682 recognovi
1507 1607 1539 1663 et
1563 1598 1633 1679 (SR.
1656 1599 1732 1677 NN.)

244 1734 338 1801 Data
358 1752 421 1800 vu.
443 1735 512 1801 kal.
540 1735 608 1801 iulii
637 1757 724 1800 anno
754 1734 936 1799 dominicae
963 1735 1195 1799 incarnationis
1225 1751 1480 1819 Dccccxxruui,
1514 1734 1691 1800 indictione
1720 1758 1791 1822 sep·

138 1840 231 1923 tima,
253 1862 342 1906 anno
363 1841 455 1926 regui
479 1839 614 1907 Hemioi
636 1840 842 1905 invictissimi
863 1839 951 1924 regis
974 1856 1040 1920 xv3
1063 1848 1173 1904 actum
1195 1839 1229 1903 in
1251 1837 1442 1922 Nordhusa3
1465 1839 1603 1904 feliciter
1624 1861 1729 1905 amen.

934 2042 997 2118 37.

139 2201 317 2277 Heinrich
343 2201 505 2299 bestitipt
529 2200 609 2274 dem
631 2199 804 2301 Dousstift
820 2200 1037 2274 Potio-rbere
1064 2201 1130 2274 dos
1155 2198 1353 2274 Woltlrcclit
1378 2198 1457 2272 und
1482 2199 1540 2272 die
1568 2201 1788 2275 baniunito'tt.

91 2364 123 2413 15
1391 2340 1517 2400 Erwt'tie
1539 2343 1602 2402 935
1625 2341 1694 2400 Mai
1716 2348 1745 2402 9.

249 2531 498 2605 Ore‘pimrldiplom
521 2532 561 2589 im
583 2531 612 2591 lc.
636 2530 839 2590 auersos-euro
859 2547 899 2588 ro
922 2529 1062 2588 Mitnster
1085 2527 1147 2607 (A).

244 2670 367 2730 Erhord
390 2667 453 2730 01).
476 2668 581 2739 uasis.
605 2674 634 2739 1,
659 2672 701 2730 42
721 2675 755 2727 72⁰
777 2672 818 2729 19
841 2686 897 2728 om
920 2667 957 2728 A.
980 2701 1022 2711 —
1045 2666 1172 2740 Stumpf
1190 2668 1263 2741 ch.
1288 2671 1338 2727 id.

244 2808 309 2866 Der
324 2803 448 2866 conten
469 2806 562 2866 dieses
587 2825 641 2866 sien
658 2805 717 2868 ΡΟ.
737 2810 959 2882 peseliriobcoea
973 2807 1013 2866 D.
1038 2807 1159 2866 bestrsad
1181 2823 1237 2864 cius
1260 2803 1513 2876 &Schristceitcn
1538 2824 1591 2864 seo
1607 2806 1701 2864 ilonea
1715 2808 1791 2880 jclat

247 2911 281 2973 Z.
304 2913 334 2981 5,
359 2916 487 2984 dyene,
519 2910 622 2981 7fost
641 2929 729 2983 oeae,
758 2912 864 2969 suad
886 2915 907 2971 8
928 2929 968 2968 su
987 2912 1171 2984 perlegerem
1196 2907 1294 2967 ilicile
1315 2912 1439 2967 serotini
1461 2908 1537 2969 sind.
1572 2910 1635 2968 Der
1656 2909 1792 2969 Dictator

245 3015 318 3073 leisst
340 3015 403 3074 siclt
424 3015 503 3072 nield
526 3012 699 3084 seststcllea,
730 3014 770 3074 do
792 3015 840 3074 die
861 3016 1000 3086 Fossunq
1022 3012 1115 3072 durch
1137 3012 1185 3072 dic
1208 3014 1364 3072 denatae-a
1385 3012 1445 3074 VU.
1465 3014 1589 3086 popedon
1611 3031 1682 3083 soor,
1706 3019 1790 3071 ruint·

243 3117 301 3177 liele
315 3118 409 3177 dorca
423 3117 462 3177 D.
479 3118 557 3177 Korl
575 3126 632 3179 111.
656 3118 785 3178 Bdltmer
798 3119 868 3179 RK.
885 3120 948 3179 995
971 3118 1034 3177 und
1056 3119 1149 3177 duret
1169 3118 1208 3176 D.
1225 3116 1354 3190 huitteio
1376 3116 1403 3174 d.
1421 3116 1460 3175 D.
1486 3117 1614 3176 aeonia
1627 3118 1698 3177 RK.
1715 3122 1789 3177 799.

244 3222 337 3282 Dicae
352 3222 492 3296 Fessa-oy
516 3222 616 3282 carde
637 3240 693 3282 eoo
715 3222 767 3281 der
780 3222 909 3281 Konelet
930 3225 963 3281 ia
978 3222 1049 3282 ΒΗ.
1062 3226 1105 3282 38
1127 3221 1301 3281 wiedortolt.
1335 3220 1374 3281 So
1397 3220 1494 3279 tossen
1514 3221 1575 3279 sich
1597 3221 1646 3279 dic
1661 3222 1790 3294 jcteiycn

245 3325 369 3386 huam
390 3327 445 3385 mit
461 3324 557 3397 Halfe
578 3326 631 3385 der
652 3328 774 3385 stretton
797 3326 860 3387 VU.
883 3326 947 3386 aad
968 3326 1018 3386 dos
1040 3324 1272 3400 aocifolpeaden
1292 3325 1332 3385 D.
1355 3325 1451 3385 sicher
1471 3322 1633 3395 ousfitllea.

248 3511 308 3593 (O.)
331 3513 346 3594 Ι
366 3512 406 3578 In
434 3513 564 3577 nomine
594 3520 728 3577 sanctae
756 3520 789 3576 et
816 3510 1004 3576 individuae
1031 3513 1196 3576 trinitatis.
1233 3511 1407 3577 Heinricus
1434 3510 1545 3576 divina
1573 3510 1703 3576 favente
1726 3512 1789 3577 ele-

97 3637 128 3684 as
146 3618 266 3681 mentia
288 3639 358 3681 rex.
439 3615 598 3680 Noverint
619 3614 733 3680 fideles
755 3616 858 3681 nostri
881 3625 1047 3700 presentes
1071 3614 1196 3680 scilicet
1218 3622 1250 3680 ot
1272 3614 1381 3698 futuri,
1405 3612 1544 3700 qualiter
1565 3637 1625 3680 nos
1643 3615 1788 3680 Heinrici

146 3721 316 3805 aequivoci
339 3741 379 3784 ac
402 3719 513 3785 dilecti
535 3717 593 3783 filii
615 3721 719 3784 nostri
742 3729 775 3784 et
796 3720 949 3785 Hadeuui
971 3719 1059 3785 filiae
1081 3728 1213 3785 nostrae
1240 3730 1358 3804 rogatu
1385 3721 1606 3786 concessimus
1634 3721 1790 3786 fratribus

145 3826 176 3889 in
198 3824 272 3890 loco
295 3822 310 3907 ΙΙ
332 3821 338 3906 Ι
363 3823 418 3908 qui
441 3831 579 3888 vocatur
600 3821 835 3888 Paderbruuno
862 3822 924 3889 deo
952 3823 1202 3907 famulantibus,
1235 3833 1272 3889 ut
1294 3841 1322 3889 in
1344 3835 1496 3906 eligendis*
1518 3841 1649 3905 episeopis
1671 3840 1739 3890 inter
1761 3857 1790 3891 ee

145 3929 277 4014 propria
298 3942 427 3994 electione
447 3944 523 3994 iuxta
544 3943 685 4008 pristinum
706 3958 804 3993 morem
823 3925 982 4010 fruantur,
1006 3928 1033 3991 sl
1054 3941 1133 3993 talem
1154 3943 1222 3993 inter
1238 3959 1266 3994 ee
1281 3944 1398 3993 moribus
1413 3944 1575 4009 scientiaque
1592 3944 1733 4008 probatum
1752 3946 1789 3995 in-

144 4049 264 4098 venerint
279 4049 325 4113 qui
341 4046 425 4098 eidem
441 4045 529 4098 officio
544 4052 623 4112 aptus
639 4046 795 4112 dignusque,
818 4051 945 4111 quantum
961 4045 1077 4097 humana
1090 4047 1125 4097 ad
1140 4046 1191 4098 hoe
1206 4048 1331 4111 competit
1348 4046 1486 4111 fragilitas,
1509 4047 1669 4098 dinoscatur.
1696 4031 1700 4116 Ι
1725 4033 1789 4099 Eo·

98 4152 129 4200 ao
143 4135 280 4202 tandem
301 4157 378 4221 ergo
400 4135 556 4220 petitione
578 4143 712 4200 nostrae
734 4149 900 4200 accentoris
921 4153 1090 4215 praeceptum
1111 4133 1216 4199 eidem
1233 4142 1346 4200 sancto
1361 4134 1435 4200 loco
1458 4149 1513 4201 fieri
1529 4149 1703 4215 decrevimus,
1726 4169 1789 4219 qua-

144 4261 221 4306 tenus
242 4255 293 4304 sub
314 4252 387 4319 quali
411 4252 565 4306 defensione
586 4247 831 4303 antecessorum
854 4235 1065 4302 nostroruml
1087 4254 1151 4317 fuit,
1174 4255 1213 4304 ita
1236 4253 1360 4319 deinceps
1381 4255 1432 4304 sub
1455 4260 1546 4305 nostra
1566 4256 1678 4307 tuitione
1701 4263 1728 4308 et
1749 4257 1787 4306 in-

144 4359 281 4410 munitatis
296 4357 450 4409 defensione
472 4372 532 4408 cum
554 4357 677 4408 omnibus
699 4356 733 4407 ad
753 4373 782 4408 se
803 4358 872 4407 iuste
894 4362 921 4407 et
941 4357 1061 4423 legaliter
1079 4340 1282 4428 pertilnentibus
1303 4363 1463 4423 permaneat.
1500 4351 1706 4425 Praec[ipientes
1726 4377 1788 4426 ergo

144 4463 265 4514 iubemus
285 4467 316 4513 ut
335 4461 426 4513 nullus
446 4461 527 4514 iudex
547 4460 672 4526 publicus
693 4460 736 4512 vel
755 4452 890 4527 quilslibet
911 4477 943 4512 ox
963 4455 1116 4512 iudicaria⁰
1137 4453 1286 4527 [potestate]
1308 4463 1336 4511 in
1358 4461 1484 4513 ecelesias
1505 4454 1561 4522 [aut
1579 4464 1639 4514 loca
1653 4464 1696 4515 vel
1711 4479 1789 4530 agros

144 4582 189 4618 seu
204 4566 322 4632 reliquae
336 4566 518 4632 possessiones
532 4570 692 4617 memoratae
707 4565 835 4617 ecelesiae
852 4556 928 4631 quas]
948 4564 1073 4615 moderno
1096 4571 1213 4630 tempore
1233 4565 1304 4615 inira
1324 4564 1455 4615 dicionem
1476 4567 1550 4631 regni
1571 4568 1654 4616 nostri
1675 4558 1789 4634 [legibus

100 4677 128 4726 35
143 4670 262 4736 possidet
280 4669 325 4721 vel
346 4684 415 4735 quae
439 4668 564 4735 deinceps
584 4670 612 4718 in
632 4670 691 4719 inre
711 4669 796 4735 ipsius
814 4669 868 4720 loci
887 4661 1013 4730 voluelrit
1027 4668 1117 4719 divina
1136 4652 1140 4737 Ι
1160 4660 1254 4734 [pietas
1274 4670 1373 4735 augeri,
1396 4667 1430 4719 ad
1451 4684 1545 4719 causas
1566 4670 1696 4721 iudieario
1717 4688 1789 4722 moro

143 4774 289 4827 audiendas
309 4773 353 4825 vel
373 4773 449 4825 freda
472 4771 603 4839 exigenda
622 4778 670 4823 aut
690 4773 839 4823 mansiones
861 4773 903 4824 vel
926 4777 1032 4837 paratae
1052 4771 1187 4823 iaciendas
1207 4777 1255 4823 aut
1275 4771 1443 4823 fideiussores
1458 4773 1589 4824 tollendos
1605 4779 1651 4824 aut
1669 4775 1788 4825 homines
1848 4844 1850 4848 ι

143 4879 226 4944 ipsius
241 4877 370 4930 ecclesiae
385 4882 478 4929 uonna
492 4878 622 4928 rationem
637 4867 831 4943 distringendos
846 4893 896 4928 nec
909 4876 979 4927 ullas
995 4875 1165 4928 redibitiones
1179 4876 1223 4927 vel
1237 4875 1352 4928 inlicitas
1374 4877 1526 4927 occasiones
1547 4876 1717 4943 requirendas
1732 4878 1788 4929 ullo

143 4995 268 5048 umquam
289 4985 407 5046 tempore
426 4964 430 5049 Ι
450 4981 552 5048 ingredi
569 4980 668 5033 audeat
686 4980 729 5030 vel
744 4995 776 5031 ea
790 4981 880 5031 omnia
894 4996 962 5047 quae
977 4994 1058 5046 supra
1077 4985 1221 5031 memorata
1240 4986 1302 5031 sunt
1316 4981 1421 5045 penitus
1442 4982 1546 5047 exigere
1561 4988 1720 5047 praesumat,
1742 4984 1788 5034 sed

143 5085 223 5138 liceat
240 5089 384 5136 memorato
403 5085 527 5150 episcopo
546 5086 654 5150 suisque
671 5084 868 5135 successoribus
885 5100 927 5135 res
941 5084 1093 5151 praedictae
1114 5084 1241 5136 ecclesiae
1262 5100 1322 5135 cum
1343 5084 1465 5135 omnibus
1480 5100 1548 5150 quae
1563 5085 1681 5149 possidet
1698 5088 1788 5153 quieto

99 5189 130 5239 lo
144 5189 235 5241 ordine
250 5188 385 5255 possidere
401 5194 427 5240 et
442 5193 533 5240 nostro
548 5188 660 5240 fideliter
674 5203 766 5255 parere
781 5188 904 5254 imperio;
926 5188 1053 5256 quicquid
1068 5205 1131 5240 vero
1146 5187 1225 5239 fiscus
1241 5187 1335 5239 exinde
1349 5202 1455 5252 sperare
1472 5189 1596 5252 potuerit,
1611 5193 1696 5239 totum
1712 5172 1716 5260 Ι
1731 5183 1789 5252 nos]

143 5309 190 5359 pro
212 5284 340 5355 [aetJerna
360 5284 580 5354 remunerdtione
600 5292 752 5359 praedictae
773 5291 900 5343 eeclesiae
915 5293 949 5343 nd
964 5292 1096 5358 stipendia
1110 5307 1257 5359 pauperum
1272 5298 1299 5344 et
1313 5291 1455 5343 luminaris
1469 5292 1653 5343 concinnanda
1668 5294 1788 5346 coneedi-

144 5412 209 5460 mus,
227 5402 360 5463 quatenus
375 5396 470 5447 melius
484 5389 607 5458 dalecltet
626 5397 736 5448 elericos
751 5398 779 5447 in
794 5396 886 5449 endem
901 5397 964 5449 sede
983 5397 1108 5465 degentes
1123 5413 1171 5463 pro
1194 5398 1271 5448 nobis
1291 5388 1413 5463 [coniuge
1433 5396 1560 5462 proleque
1580 5402 1671 5448 nostra
1688 5397 1788 5449 domini

144 5499 349 5554 misericordiam
365 5515 482 5552 exorere.
515 5501 591 5552 Haec
605 5492 712 5566 quippe]
727 5502 872 5554 auotoritas
887 5507 918 5554 ut
931 5501 1076 5568 pleniorem
1091 5502 1119 5553 in
1134 5500 1177 5553 dei
1192 5492 1308 5562 [nomine
1327 5501 1447 5552 obtineat
1461 5500 1579 5567 vigorem
1595 5502 1670 5553 stab
1687 5489 1788 5553 omni·

246 5654 289 5711 8.
315 5657 345 5720 b)
362 5655 519 5710 Provided
621 5657 647 5722 c)
665 5659 808 5726 Hilgiberti
824 5658 855 5710 A.

101 5739 131 5789 4⁵
247 5740 290 5796 n.
317 5741 413 5814 [Folia]
507 5744 535 5808 a)
551 5741 690 5800 undum
706 5761 754 5798 asa
771 5744 881 5801 suendis
972 5744 1001 5808 b)
1018 5743 1155 5799 eadum
1172 5759 1220 5800 aaa
1236 5748 1353 5799 bostrom
1444 5741 1470 5812 c)
1488 5741 1519 5798 A.
