4298 6414
220 430 285 495 624
814 435 1268 524 usrsnaunuuunuu.

220 622 312 684 cuius
336 618 388 683 hic
412 626 479 682 est:
512 639 532 681 a
555 615 799 701 septentrionali
823 624 915 701 parte
938 616 1055 701 incipit
1083 638 1104 679 a
1124 615 1198 681 loco
1222 617 1277 703 qni
1300 615 1419 682 dicitur
1441 614 1648 699 Rotilianus,
1676 617 1833 687 simulem

221 731 290 785 toto
314 719 442 785 Guasto
465 718 520 783 ubi
545 727 620 784 sunt
642 716 730 783 mille
753 717 854 783 millia
877 719 1022 785 modiola
1044 730 1138 797 torre,
1162 730 1194 784 et
1215 722 1388 786 revertitur
1410 720 1454 785 ad
1477 719 1714 785 occidentalem
1734 734 1830 807 purten

220 847 277 909 per
292 824 433 888 modium
455 823 564 887 locum
579 822 707 907 Popleti
730 831 763 887 et
786 823 833 886 sic
856 826 1031 907 pertransit
1053 845 1113 908 per
1127 821 1364 888 Triculioluml
1387 834 1419 888 ct
1442 845 1500 908 per
1523 822 1726 889 medietatem
1740 825 1829 893 Fonrlc

219 929 274 993 ubi
306 939 382 992 sunt
409 926 497 992 mille
527 926 669 993 modiola
699 926 739 990 de
770 935 871 1001 terra,
903 948 965 1010 que
994 935 1106 991 tenent
1133 948 1236 1011 usquc
1265 927 1309 991 ad
1337 936 1487 992 sanctum
1512 924 1718 997 Silvestrum‚
1744 928 1829 995 deinde

220 1032 337 1095 transit
362 1054 420 1116 per
441 1031 610 1095 Vilianum
630 1029 799 1116 usquead
824 1039 973 1094 sanctmn
996 1028 1197 1114 Stephanum
1227 1052 1300 1094 cum
1329 1029 1444 1094 decern
1471 1029 1618 1094 millibus
1646 1028 1780 1095 modiolis
1801 1032 1852 1097 des

220 1147 308 1199 terra
329 1156 431 1219 usque
454 1133 498 1198 ad
520 1143 663 1198 montem
687 1156 785 1218 super
799 1134 929 1198 Petram
945 1143 1125 1215 cornutam,
1150 1132 1266 1197 deinde
1289 1135 1406 1198 transit
1428 1156 1488 1218 per
1505 1132 1717 1198 meridianam
1734 1144 1828 1218 purten

221 1260 279 1323 per
309 1247 452 1303 montem
480 1236 749 1302 Subclivianumc
779 1246 811 1301 et
843 1258 902 1322 per
929 1236 1047 1300 saltum
1077 1235 1222 1300 Felicem
1254 1236 1308 1320 qui
1341 1256 1415 1298 cum
1449 1236 1537 1299 omni
1569 1257 1630 1300 sua
1660 1238 1829 1319 possessione

222 1343 385 1425 pertinens
409 1350 458 1405 est
481 1339 583 1404 eidem
608 1340 827 1424 episcopatui,
858 1350 890 1403 et
920 1338 1083 1424 egreditur
1105 1360 1180 1402 cum
1202 1339 1265 1402 hoc
1288 1338 1351 1401 fine
1374 1359 1478 1422 usque
1502 1337 1546 1402 ad
1568 1336 1728 1402 Roborem
1748 1340 1828 1423 sicque

220 1446 392 1509 revertitur
415 1444 458 1508 ad
482 1441 670 1508 orientalem
693 1442 825 1527 plagam
848 1443 1068 1526 pertransiens
1091 1440 1304 1507 Ansedonam
1326 1443 1494 1505 civitatem
1523 1451 1555 1504 et
1586 1443 1690 1524 pergit
1710 1464 1760 1526 per
1777 1442 1828 1506 Ble-

222 1550 335 1613 tinium
348 1546 361 1585 ¹¹
383 1557 527 1613 montem
549 1569 653 1632 usque
675 1547 851 1627 Barisanu,
881 1544 945 1610 duo
969 1544 1072 1609 millia
1093 1545 1239 1611 modiola
1268 1544 1308 1609 de
1330 1554 1417 1609 terra
1439 1566 1502 1629 que
1525 1544 1664 1609 tendunt
1691 1568 1779 1630 usque
1800 1547 1861 1611 adis

221 1651 330 1717 locum
354 1654 407 1737 qui
432 1650 549 1716 dicitur
569 1650 694 1733 vadus,
718 1659 751 1714 et
774 1651 820 1712 sic
843 1651 1014 1713 revertitur
1036 1648 1079 1712 ad
1102 1650 1241 1734 priorem
1264 1648 1372 1711 finem.
1416 1647 1525 1713 Jubeo
1548 1669 1611 1729 ego
1634 1649 1792 1732 imperator
1807 1660 1831 1713 ut

221 1755 306 1819 infra
330 1753 389 1819 hos
412 1754 493 1817 fines
516 1776 581 1817 non
598 1753 780 1818 dominetur
803 1752 885 1816 alter
901 1754 1074 1837 episcopus
1097 1774 1201 1837 noque
1217 1773 1326 1816 comes
1344 1751 1407 1814 nisi
1425 1760 1552 1815 tantum
1569 1753 1739 1835 episcopus
1756 1753 1831 1815 sancti

221 1858 369 1922 Maximi.
414 1856 531 1921 Adhuc
561 1857 776 1920 interiacent⁰
805 1854 867 1918 alic
896 1857 982 1939 petie
1011 1853 1051 1918 de
1080 1864 1166 1919 terra
1189 1852 1359 1918 Adselicif
1384 1876 1446 1939 quc
1476 1852 1616 1919 tendunt
1638 1875 1736 1939 usque
1761 1876 1833 1938 supra

221 1961 421 2045 Paganicam
449 1971 481 2025 ct
509 1982 611 2045 usque
641 1962 672 2024 in
704 1959 929 2043 supradictum
950 1958 1082 2023 Vadum
1110 1968 1142 2023 et
1170 1981 1273 2045 usque
1303 1980 1402 2043 supra
1425 1958 1623 2037 Picentiam‚
1653 1959 1685 2021 in
1707 1979 1764 2042 quo
1788 1957 1834 2021 fine

222 2072 297 2128 sunt
318 2064 406 2127 mille
428 2063 572 2129 modiola
595 2063 635 2127 de
651 2072 747 2143 terra,
770 2072 803 2125 et
824 2063 857 2125 in
880 2063 943 2126 isto
960 2060 1075 2126 eodem
1097 2061 1162 2126 fine
1184 2064 1378 2126 interiacet⁰
1400 2060 1541 2126 ecclesia
1557 2070 1670 2125 sancte
1685 2058 1834 2144 Euphemie
1847 2080 1867 2125 rt

222 2188 295 2231 curn
325 2168 507 2251 quincentis
536 2166 687 2230 modiolis
716 2165 757 2229 de
787 2175 889 2247 terra,
917 2166 962 2230 ibi
992 2168 1091 2229 etiam
1120 2174 1169 2229 est
1197 2165 1338 2230 ecclesia
1367 2167 1475 2230 sancti
1497 2166 1620 2230 Justini
1648 2174 1680 2228 et
1702 2163 1837 2227 ecclesias

223 2281 332 2334 sancte
355 2271 457 2335 Mario
481 2270 521 2334 dc
544 2270 710 2354 Paganica
733 2292 807 2333 cum
830 2269 983 2333 trecentis
1013 2267 1164 2333 modiolis
1193 2267 1233 2332 de
1256 2278 1358 2350 terra,
1392 2267 1487 2332 simul
1517 2289 1593 2331 cum
1623 2266 1688 2331 alia
1715 2267 1792 2349 petia
1809 2265 1845 2329 dc‘

223 2383 307 2437 terra
336 2373 391 2438 ubi
421 2375 594 2459 requiescit
622 2396 741 2458 corpus
763 2372 858 2436 beate
881 2372 975 2437 Juste
1005 2393 1103 2457 super
1130 2369 1220 2436 illum
1247 2380 1445 2435 mentemst
1469 2392 1566 2455 super
1595 2369 1688 2434 illum
1710 2366 1841 2455 pogiumh

222 2484 253 2538 ct
277 2475 335 2540 sub
360 2475 416 2541 illo
439 2486 548 2541 monte
572 2486 621 2540 est
643 2475 801 2539 medietas
825 2476 939 2559 ipsius,
963 2497 1025 2561 qno
1040 2474 1135 2539 ambe
1159 2484 1242 2538 terro
1265 2471 1483 2560 protendunti
1506 2497 1548 2538 ex
1567 2473 1697 2538 duabus
1718 2472 1843 2559 partibus

221 2600 323 2663 usque
352 2580 384 2642 in
408 2601 527 2665 aquam
551 2602 624 2645 cum
648 2579 797 2644 ducentis
826 2578 978 2643 modiolis
1002 2579 1166 2662 deterre,
1197 2578 1293 2643 simul
1317 2601 1390 2644 cum
1418 2580 1492 2664 ipso
1515 2576 1664 2663 poggio¹1
1688 2578 1741 2663 qui
1768 2592 1878 2661 superte

221 2683 294 2766 ipsa
317 2691 376 2765 est,
400 2705 462 2768 quc
479 2685 588 2747 omnia
613 2680 703 2747 sint*
725 2681 863 2747 ecclesie
886 2683 990 2745 sancti
1007 2681 1155 2746 Maximi.
1195 2679 1350 2746 Similiter
1372 2680 1518 2745 concedo
1535 2681 1643 2745 eidem
1665 2681 1845 2766 episcopatui

221 2786 284 2848 tria
306 2784 407 2849 millia
429 2785 573 2850 modiola
596 2795 680 2850 terre
696 2808 758 2871 que
781 2786 941 2869 incipiunt
963 2785 996 2848 in
1019 2783 1075 2848 illo
1097 2784 1171 2848 loco
1196 2785 1251 2850 ubi
1268 2807 1387 2869 corpus
1404 2784 1509 2847 sancti
1525 2784 1665 2847 Eusanii
1683 2782 1847 2868 requiescit,

221 2897 253 2951 ct
276 2887 474 2973 protendunt
503 2910 606 2973 usque
635 2889 678 2954 ad
707 2888 816 2952 locum
839 2889 892 2972 qui
915 2887 1021 2951 Vallis
1045 2886 1163 2952 dicitur
1190 2897 1223 2952 ct
1247 2910 1350 2973 usque
1378 2889 1410 2951 in
1440 2887 1530 2951 illum
1558 2886 1670 2951 locum
1693 2887 1747 2972 qui
1770 2884 1849 2950 Serra

222 2999 372 3071 vocatur,
407 2998 439 3055 et
468 2991 705 3075 protenduntur
732 3014 835 3077 usquc
866 3013 963 3076 super
985 2990 1158 3057 ecclesiam
1181 2992 1285 3055 sancti
1309 2991 1432 3056 Sauini.
1477 2992 1521 3055 Et
1550 2990 1660 3056 adhuc
1683 2990 1776 3055 trado
1796 2992 1849 3053 iarn

223 3090 309 3156 dicte
331 3092 468 3157 ecclesie
492 3103 557 3157 tres
580 3095 685 3178 petias
708 3104 791 3158 terre
813 3095 848 3157 in
870 3095 1026 3157 comitatu
1041 3092 1229 3159 Marsicano
1253 3096 1406 3174 iacentes,
1429 3117 1567 3181 quamm
1590 3117 1657 3159 una
1675 3104 1725 3159 est
1738 3093 1849 3158 Maren-
1863 3106 1886 3152 st

223 3194 289 3259 tino
319 3218 381 3281 que
410 3198 553 3260 continet
583 3198 616 3259 in
646 3218 680 3259 so
703 3195 847 3260 modiola
875 3205 1036 3279 trecenta,
1068 3198 1161 3261 cuius
1189 3197 1270 3263 fines
1299 3222 1342 3262 ex
1371 3198 1498 3263 duabus
1527 3198 1678 3284 partibus
1708 3208 1757 3263 est
1780 3208 1853 3262 terra

222 3297 328 3383 Elpici
358 3308 391 3363 et
419 3323 461 3365 ex
492 3300 565 3365 aliis
595 3298 722 3364 duabus
752 3300 899 3385 partibus
928 3310 978 3364 cst
1005 3303 1203 3367 territorium
1229 3312 1378 3366 sanctum
1401 3300 1577 3383 Sauinum3
1608 3301 1753 3366 secunda
1780 3302 1853 3386 petia

223 3402 308 3466 iacet
335 3404 368 3466 in
396 3402 469 3467 loco
501 3403 555 3468 ubi
586 3403 756 3468 edificatus
785 3414 834 3467 est
863 3413 994 3469 sanctus
1024 3403 1218 3487 Marcellus,
1252 3427 1314 3491 que
1343 3404 1489 3469 similiter
1517 3406 1664 3470 continet
1686 3406 1718 3469 in
1744 3428 1778 3469 se
1798 3426 1854 3467 mo·

223 3504 310 3570 dicla
339 3516 469 3571 centurn
498 3516 531 3571 et
558 3508 774 3591 piscationem
803 3507 888 3572 infra
917 3530 1038 3593 aquam
1067 3508 1183 3572 Fucini
1213 3507 1301 3572 mille
1331 3507 1434 3573 millia
1464 3507 1562 3573 destri
1587 3519 1620 3574 et
1642 3531 1701 3594 per
1730 3508 1855 3593 longitu-

223 3607 330 3673 dinem
352 3611 510 3696 usquein
533 3610 707 3674 Paternum
731 3620 804 3673 sunt
826 3609 938 3673 docem
962 3610 1063 3674 millia
1092 3610 1208 3692 dostri,
1240 3612 1332 3675 cuius
1355 3612 1427 3675 finis
1451 3620 1501 3675 est
1524 3611 1564 3675 de
1587 3612 1693 3676 tribus
1721 3610 1854 3697 partibus
1869 3624 1892 3671 st

223 3721 308 3776 terra
338 3712 434 3797 Apici
463 3723 495 3776 et
523 3712 564 3776 de
592 3712 798 3778 consortibus
827 3715 895 3777 cius
925 3723 957 3775 et
985 3736 1027 3776 ex
1055 3724 1171 3798 quarta
1200 3726 1292 3800 parte
1320 3725 1404 3780 terre
1435 3714 1573 3779 aliorum
1597 3715 1779 3796 hominum,
1808 3713 1856 3778 sed

223 3823 255 3877 ct
283 3815 323 3879 de
354 3838 441 3901 aqua
464 3817 609 3901 precipio
641 3826 678 3879 ut
707 3819 899 3901 quicumque
932 3814 977 3878 ibi
1013 3816 1188 3899 piscaverit
1222 3839 1350 3902 semper
1379 3817 1419 3881 dc
1452 3819 1588 3901 triginta
1622 3817 1769 3902 piscibus
1797 3839 1856 3901 pre·

224 3918 310 3981 dicto
335 3921 537 4003 episcopatui
562 3942 660 3984 unum
683 3919 814 3999 reddat3
847 3920 943 3982 tertia
971 3921 1060 4003 petia
1089 3930 1171 3983 terre
1195 3922 1280 3983 iacet
1302 3922 1334 3984 in
1358 3920 1431 3984 loco
1455 3920 1614 3985 Feliminc
1639 3944 1702 4005 quc
1725 3923 1858 3985 continet

223 4023 256 4084 in
280 4045 314 4085 se
342 4022 485 4087 modiola
509 4034 795 4110 quatuorcentum,
826 4022 917 4087 cuius
948 4023 1028 4086 finos
1053 4025 1099 4086 sic
1122 4025 1342 4087 continentur:
1373 4023 1413 4087 de
1441 4046 1506 4087 una
1536 4033 1627 4108 parte
1652 4033 1702 4088 est
1724 4025 1857 4088 Fucinus

223 4146 297 4188 cum
321 4148 380 4189 sua
402 4127 592 4210 piscatione,
615 4128 646 4191 in
671 4150 734 4212 quo
758 4128 953 4212 quicumque
977 4128 1152 4211 piscaverit
1174 4126 1290 4191 reddat
1313 4138 1347 4191 ut
1370 4126 1491 4192 dictum
1515 4136 1566 4192 est
1590 4130 1751 4213 superius,
1772 4139 1803 4193 et
1822 4150 1858 4190 ex
1872 4144 1896 4191 u

223 4226 289 4290 alia
311 4238 404 4312 parte
427 4240 476 4294 est
498 4240 586 4294 terra
601 4231 734 4294 Luidini
757 4239 849 4294 etex
868 4232 963 4293 tertia
985 4240 1079 4313 parte
1103 4239 1152 4293 est
1169 4232 1224 4294 via
1246 4239 1278 4293 ct
1301 4253 1342 4293 ex
1366 4229 1488 4294 altcra¹
1511 4239 1604 4314 parte
1626 4240 1714 4295 terra
1733 4229 1858 4294 aliorum

223 4330 401 4395 hominum.
445 4333 584 4417 Insuper
613 4333 706 4397 trado
731 4332 916 4417 supradicto
940 4333 1075 4397 ecclesie
1098 4335 1132 4396 in
1156 4336 1312 4398 comitatu
1335 4333 1464 4419 Aprutii
1495 4334 1527 4396 in
1558 4332 1631 4397 loco
1657 4335 1712 4420 qui
1738 4345 1859 4399 sanctus

223 4434 402 4500 Flavianus
432 4446 567 4500 vocatur
595 4460 694 4501 unum
723 4450 854 4521 portum
883 4440 936 4523 qui
968 4437 1084 4502 reddat
1112 4446 1241 4502 centum
1271 4437 1417 4522 pondera
1447 4439 1530 4502 inter
1558 4460 1674 4502 aurum
1702 4447 1735 4502 et
1757 4459 1860 4521 argen-

223 4548 291 4602 tum
319 4548 352 4602 et
380 4540 476 4602 etiarn
511 4539 632 4602 forrum
666 4550 697 4603 et
728 4540 793 4622 sal,
829 4544 883 4626 qui
916 4552 1028 4625 portus
1059 4544 1203 4605 continet
1237 4542 1323 4606 infra
1358 4564 1392 4605 se
1422 4543 1563 4627 quinque
1594 4541 1698 4606 millia
1726 4540 1861 4607 modiola

222 4641 304 4703 inter
323 4650 441 4705 terram
464 4651 496 4704 ct
518 4663 638 4725 aquam
661 4643 745 4706 intra
767 4666 865 4708 marc.
911 4645 1067 4710 Similiter
1088 4648 1121 4710 in
1145 4646 1275 4709 civitate
1298 4644 1339 4709 de
1363 4643 1486 4708 Aterno
1510 4644 1596 4709 dono
1622 4656 1747 4730 septem
1768 4641 1901 4709 milliaro

223 4744 368 4807 modiola
391 4754 474 4808 terre
503 4767 576 4808 cum
608 4746 720 4830 quinta
748 4756 840 4830 parte
869 4748 955 4814 illius
987 4760 1100 4833 portus
1130 4759 1161 4813 et
1191 4770 1264 4812 cum
1289 4750 1402 4833 quinta
1430 4757 1522 4832 parte
1546 4749 1648 4833 ipsius
1672 4749 1814 4812 civitatis
1834 4756 1861 4809 et

224 4870 298 4910 cum
322 4849 434 4933 quinta
457 4859 548 4933 parto
573 4847 682 4912 tributi
706 4851 808 4932 ipsius
832 4853 974 4916 civitatis
997 4861 1030 4915 et
1052 4854 1150 4916 etiam
1174 4851 1319 4916 modiola
1335 4853 1512 4937 quingenta
1536 4854 1569 4915 in
1592 4860 1681 4916 terra
1696 4874 1759 4936 que
1773 4870 1862 4915 roca·

224 4959 276 5011 tur
293 4948 484 5014 Columcnte
497 4962 527 5031 ¹¹¹,
552 4953 643 5014 cuius
666 4951 740 5014 finis
764 4954 811 5017 sic
833 4963 899 5017 est:
929 4955 969 5018 dc
993 4955 1120 5019 duabus
1150 4954 1298 5039 partibus
1321 4964 1370 5018 est
1393 4965 1479 5019 terra
1502 4954 1648 5020 Tosanir
1678 4963 1774 5018 etex
1797 4953 1862 5016 aliis

226 5050 352 5115 duabus
376 5051 523 5136 partibus
546 5063 632 5117 terra
655 5053 792 5118 aliorum
815 5055 989 5120 hominum.
1027 5058 1080 5120 Do
1102 5055 1208 5121 adhuc
1228 5066 1332 5120 totum
1351 5056 1521 5122 castellum
1541 5057 1581 5123 de
1596 5056 1700 5141 Rege,
1723 5056 1862 5140 exceptis

225 5164 311 5217 terra
340 5154 494 5219 Attonis⁰
524 5165 557 5220 et
587 5155 753 5221 Guinisiir
784 5167 818 5222 ct
845 5159 982 5223 aliorum
1009 5162 1170 5224 minorum
1200 5160 1383 5244 hominum,
1414 5162 1487 5225 finis
1517 5164 1610 5226 cuius
1640 5159 1766 5226 castelli
1796 5174 1905 5222 cumis

225 5255 304 5322 villa
327 5282 385 5324 sua
409 5270 497 5325 tenet
519 5283 623 5345 usque
645 5262 688 5326 ad
704 5261 879 5327 Mozanum
903 5265 996 5327 iuxta
1019 5274 1136 5326 terram
1153 5263 1309 5327 Attonis⁰
1332 5274 1364 5327 et
1386 5286 1487 5348 usque
1506 5263 1548 5328 ad
1566 5274 1715 5328 sanctam
1732 5264 1862 5327 Mariam

310 5482 368 5534 450.
395 5484 423 5551 b)
446 5484 619 5535 'l'siculiolum
643 5484 666 5536 0
776 5488 800 5547 c)
823 5488 1020 5537 Suecliuirmum
1045 5488 1068 5538 0
1177 5489 1204 5551 d)
1227 5488 1371 5538 Blosimum
1394 5486 1417 5537 0
1528 5490 1552 5549 e)
1572 5489 1643 5537 intus
1668 5490 1769 5549 iacent,
1800 5490 1863 5537 intus

397 5573 467 5621 iacet
480 5570 503 5621 0
594 5571 614 5637 l)
634 5575 720 5636 petiae
733 5580 817 5623 terrae
829 5574 939 5624 Astotici
955 5573 978 5623 (Ι
1069 5584 1095 5637 g)
1118 5572 1145 5633 0,
1157 5573 1227 5635 felrlt
1240 5575 1268 5622 ia
1279 5574 1305 5623 B
1400 5575 1428 5631 hl
1443 5572 1471 5635 0,
1490 5560 1561 5639 poiu,
1580 5559 1644 5639 pmo
1664 5573 1690 5623 B
1777 5576 1796 5637 i)
1812 5590 1863 5640 pro·

397 5639 531 5690 ceduntO
614 5641 641 5706 k)
663 5640 714 5691 ΒΟ
796 5644 815 5704 l)
835 5642 928 5694 aliaO
1010 5641 1046 5708 m)
1066 5642 1270 5693 CollemouteO
1352 5648 1379 5708 n)
1399 5642 1532 5694 ZolaniO
1614 5644 1643 5706 o)
1661 5644 1778 5703 Astonis,
1797 5644 1865 5701 Astu,

397 5709 489 5759 astons
511 5709 535 5759 0
625 5709 652 5775 p)
674 5709 893 5772 conmisso.
1879 5704 1908 5751 ⁵⁰
