4298 6414
888 378 1014 437 OT'l'O
1036 381 1061 435 Ι.
1085 377 1274 436 aas—973.
1843 374 1906 440 637

362 562 407 621 cd.
426 571 465 632 11,
484 566 513 634 4,
532 561 618 640 936).
650 562 713 622 Der
727 532 868 638 1111111119
882 566 995 623 atimmt
1013 567 1067 623 mit
1089 563 1155 626 DO.
1173 569 1238 626 412
1260 568 1390 636 abacia,
1415 567 1555 625 wabrensi
1577 567 1625 626 die
1641 567 1838 641 Aafadhluay
1856 569 1909 626 der

365 666 583 726 Verarkacdea
604 666 670 725 dau
692 668 732 725 D.
749 668 904 727 Lambats
922 686 978 727 voc
994 672 1057 729 896
1083 668 1179 747 (Moe.
1198 672 1329 743 patriae,
1354 672 1443 729 chart.
1461 677 1491 741 1,
1511 669 1565 748 87)
1590 676 1775 731 cctuommcn
1797 672 1906 732 warde.

366 852 424 933 (c.)
451 852 490 916 In
518 854 649 917 nornine
678 855 779 938 patris
809 864 842 919 et
871 853 928 919 filii
958 865 990 920 et
1018 856 1151 940 spiritus
1178 856 1293 921 sancti.
1339 854 1417 922 Otto
1442 855 1554 923 diviua
1575 858 1705 924 favente
1728 858 1906 922 clemencia

257 955 437 1040 imperator
459 967 626 1040 augustus.
714 970 741 1021 Si
765 974 885 1038 coniugis
907 978 996 1023 nostre
1018 974 1069 1037 piis
1092 973 1313 1038 implicationibus
1335 975 1455 1025 faventes
1478 975 1648 1025 ecclesiarum
1670 976 1784 1027 honores
1803 977 1836 1027 ob
1856 978 1905 1026 uti-

224 1073 361 1122 blitatem
385 1089 520 1125 servorum
544 1075 585 1125 dei
608 1074 761 1125 ordinamus
784 1081 810 1125 et
832 1077 1040 1137 corroboramus,
1063 1076 1163 1141 absque
1187 1076 1267 1127 dubio
1290 1078 1394 1141 imperii
1416 1078 1499 1126 nostri
1522 1077 1729 1128 stabilimentum
1747 1084 1774 1129 et
1791 1079 1906 1129 cellestis

258 1177 334 1240 regni
358 1176 434 1226 nobis
458 1177 630 1227 conciliamus
653 1177 866 1228 emolumenturn.
904 1176 1020 1242 Ideoque
1044 1180 1161 1229 omnium
1183 1178 1301 1229 fidelium
1323 1186 1414 1230 sancte
1437 1180 1480 1230 dei
1498 1181 1608 1232 ecclesie
1626 1188 1828 1247 nostrorumque
1848 1199 1905 1247 pre·

259 1280 378 1328 sancium
401 1279 526 1330 videlicet
547 1295 579 1330 ac
601 1280 751 1330 futurorum
774 1282 878 1331 noverit
901 1281 1069 1343 universitas,
1092 1282 1156 1345 quia
1178 1281 1349 1331 dilectissima
1372 1284 1469 1332 coniux
1492 1288 1583 1333 nostra
1600 1283 1737 1348 adeleyda
1755 1290 1781 1334 ct
1798 1301 1905 1335 consors

258 1383 344 1431 nostri
366 1384 470 1447 imperii
492 1383 627 1433 humiliter
649 1389 766 1432 nostram
788 1367 930 1452 expeciit
952 1366 1187 1450 celsitudinem,
1211 1371 1363 1455 quatinus
1378 1370 1565 1436 venerabile
1587 1373 1820 1437 monasterium
1835 1388 1905 1438 Ebo-

259 1487 352 1536 biense
374 1485 445 1550 quod
468 1491 506 1535 est
530 1491 710 1536 constmctum
733 1488 760 1535 in
782 1486 883 1536 honore
904 1486 976 1536 beati
998 1487 1070 1536 Petri
1093 1488 1221 1553 principis
1243 1488 1437 1553 apostolorum,
1466 1491 1513 1540 ubi
1541 1475 1741 1541 clarissimus
1770 1493 1906 1543 consessor

212 1587 241 1633 10
260 1588 360 1638 Christi
383 1588 563 1640 columbanus
592 1605 701 1654 corpore
729 1591 855 1655 quiescit,
884 1584 916 1638 et
939 1573 1115 1639 abbatibus
1137 1574 1182 1638 lbi
1206 1597 1264 1660 pro
1288 1585 1435 1661 tempore
1464 1577 1657 1662 degentibus
1686 1596 1762 1644 iuxta
1789 1595 1906 1646 1111111111

260 1692 428 1743 decessorum
455 1699 605 1743 nostrorum
635 1699 822 1758 augustorum,
850 1692 942 1742 Karoli
965 1709 995 1754 1,
1024 1692 1184 1755 Hludeuici,
1213 1693 1348 1744 Hlotbarii
1369 1712 1399 1757 11,
1428 1696 1601 1746 Karlomanni
1624 1697 1748 1748 videlicet
1770 1703 1797 1748 et
1818 1698 1907 1748 fratris

260 1797 319 1845 cius
341 1795 441 1858 Karali,
463 1773 633 1865 privilegiu
652 1802 710 1866 per
732 1801 821 1845 nostre
844 1796 1010 1845 auctoritatis
1032 1797 1224 1860 pragmaticum
1247 1796 1450 1848 concederemus
1473 1812 1504 1847 ac
1526 1783 1792 1849 confirmaremus
1808 1786 1904 1849 comi·

259 1892 365 1948 tatum
388 1882 585 1948 Bobiensem
608 1905 683 1948 cum
707 1883 856 1948 omnibus
880 1881 985 1947 eidem
1008 1885 1205 1948 monasterio
1229 1884 1476 1968 pertinentibus.
1518 1883 1617 1950 Cuius
1640 1887 1806 1971 peticioni,
1831 1889 1907 1972 quia

259 1987 379 2049 iustam
403 1994 435 2049 et
456 1985 689 2050 racionabilem
713 2007 784 2050 esse
807 1985 1032 2068 cognovimus,
1056 1983 1232 2049 adsensum
1256 1986 1390 2070 prebere
1414 1987 1538 2072 placuit
1560 1997 1592 2053 et
1613 1989 1675 2053 hos
1697 1999 1825 2054 nostros
1848 1991 1906 2052 im·

211 2109 241 2155 ii
260 2088 400 2173 perialcs
429 2090 541 2174 apices
570 2089 639 2154 fieri
670 2088 873 2153 decrevimus
903 2109 960 2172 per
989 2109 1070 2173 quos
1094 2088 1202 2172 ipsum
1224 2091 1416 2153 comitatum
1438 2090 1635 2156 Bobiensem
1657 2114 1732 2155 cum
1756 2091 1906 2157 omnibus

260 2191 384 2256 iuribus
413 2202 444 2257 et
472 2192 667 2274 honoribus,
699 2215 774 2258 cum
803 2193 919 2257 castris
949 2190 1032 2255 villis
1061 2194 1155 2255 terris
1182 2202 1215 2256 et
1242 2192 1324 2256 locis
1355 2192 1504 2259 omnibus
1534 2193 1577 2259 ad
1608 2216 1641 2258 se
1668 2194 1906 2279 pertinentibus

260 2293 366 2358 eidem
395 2295 531 2360 cenobio
561 2295 770 2360 concedimus
799 2306 831 2361 et
861 2295 1056 2361 omnimodis
1086 2296 1333 2379 confirmamus3
1367 2298 1500 2381 insuper
1528 2300 1632 2364 eciam
1661 2297 1837 2363 abbatibus
1866 2320 1906 2363 ac

261 2399 440 2464 rectoribus
463 2399 608 2465 eiusdem
632 2399 760 2464 cenobii
783 2401 838 2486 qui
861 2421 919 2484 per
942 2409 1090 2484 tempora
1113 2400 1231 2464 fuerint
1260 2399 1470 2465 concedimus
1494 2423 1616 2466 merum
1640 2410 1672 2465 et
1693 2404 1826 2466 mistum
1849 2403 1906 2466 im-

262 2504 388 2586 perium
415 2505 449 2567 in
476 2505 542 2567 iam
565 2501 652 2567 dicto
677 2505 834 2567 comitatu
857 2512 889 2566 et
910 2504 980 2566 eius
1004 2502 1153 2567 omnibus
1177 2504 1385 2587 pertinenciis
1407 2512 1440 2567 at
1463 2504 1665 2589 appendiciis
1689 2526 1728 2568 11
1752 2504 1907 2569 roborata

210 2622 244 2669 11
262 2607 455 2670 auctoritate
484 2606 650 2671 firmamus
679 2628 739 2671 nec
767 2628 833 2671 non
863 2615 970 2670 cortes
999 2604 1099 2670 cellas
1122 2603 1218 2669 villas
1248 2614 1346 2691 atque
1376 2606 1513 2671 castella
1542 2630 1603 2693 que
1632 2607 1808 2672 hedificata
1832 2618 1907 2672 sunt

263 2732 321 2794 per
342 2713 494 2774 universa
515 2709 590 2775 loca
613 2709 673 2775 sub
697 2710 826 2776 dicione
848 2719 970 2791 nostra,
995 2718 1117 2774 curtem
1142 2709 1181 2773 de
1204 2709 1368 2791 Trauano,
1392 2719 1517 2774 curtem
1541 2709 1580 2774 de
1596 2710 1758 2794 Bubiano,
1782 2720 1906 2775 curtem

262 2811 302 2877 de
329 2813 522 2895 Mezanno⁸,
552 2813 688 2879 rocham
711 2814 751 2878 de
774 2822 867 2898 petra
886 2812 992 2895 Tigia,
1016 2821 1139 2876 curtem
1163 2811 1203 2876 de
1225 2822 1319 2897 petra
1335 2809 1453 2896 Curua,
1476 2813 1616 2898 burgum
1634 2814 1674 2878 de
1688 2815 1905 2900 Romaguese,

261 2927 404 2981 castrum
428 2915 468 2980 de
491 2915 674 2999 Lazarello,
704 2925 828 2980 curtem
852 2916 892 2980 de
914 2915 1074 2998 Nebiano,
1099 2915 1310 2998 Vicobaroni,
1334 2916 1535 3000 Monteroso,
1560 2918 1754 2992 Staderiam
1783 2929 1906 2983 curtem

263 3019 303 3083 dc
319 3020 457 3100 Ruuino,
481 3029 624 3084 castrum
648 3020 687 3083 de
710 3019 919 3100 Durobecho,
943 3028 1086 3084 castrum
1108 3019 1148 3084 de
1164 3016 1274 3102 Creta,
1298 3029 1441 3084 castrum
1464 3019 1504 3086 de
1520 3019 1739 3104 Zauatarello,
1764 3032 1907 3086 castrum

210 3137 244 3183 ao
263 3121 303 3185 de
326 3120 551 3204 Monfalcoue,
585 3131 708 3187 curtem
737 3123 777 3187 de
800 3122 910 3203 Virdi,
940 3121 1149 3188 medietatem
1177 3124 1278 3186 curtis
1307 3121 1347 3186 dc
1377 3121 1549 3207 Oramala,
1580 3134 1704 3190 curtem
1733 3134 1837 3191 totam
1866 3123 1906 3188 de

262 3224 375 3305 Ranci,
399 3232 542 3289 castrum
566 3223 805 3307 (1111111111,
829 3222 965 3307 Callani,
988 3234 1112 3290 curtem
1135 3222 1175 3288 de
1198 3223 1399 3310 Monteforti,
1422 3236 1565 3292 castrum
1589 3227 1630 3293 de
1653 3226 1809 3311 Oasasco,
1832 3228 1905 3292 bur·

262 3349 339 3411 gum
355 3327 394 3391 dc
410 3327 617 3409 Mencunigo,
641 3337 785 3392 castrum
802 3338 938 3393 sanctec
959 3329 1148 3413 Margarite,
1172 3338 1295 3393 curtem
1303 3330 1351 3394 de
1367 3340 1460 3416 petra
1476 3330 1576 3415 Groa,
1600 3342 1724 3398 curtem
1741 3333 1781 3399 de
1796 3342 1907 3397 monte

263 3432 407 3513 Arciolo,
431 3441 556 3497 curtem
579 3432 619 3497 de
643 3443 733 3516 petra
756 3433 890 3516 Dueria,
914 3443 1036 3498 curtem
1061 3433 1101 3497 de
1123 3432 1254 3518 Vgiola,
1278 3443 1402 3499 curtem
1425 3445 1537 3499 sancte
1560 3435 1664 3500 Maria
1687 3435 1727 3501 de
1750 3434 1905 3516 Castello‚

263 3548 385 3602 curtem
409 3536 449 3600 de
472 3545 565 3622 petra
588 3535 776 3617 Scremona,
806 3547 928 3601 curtem
952 3536 992 3601 de
1014 3536 1140 3620 Nicelli,
1173 3546 1297 3601 curtem
1321 3535 1361 3600 de
1384 3534 1590 3619 Centenario,
1621 3547 1743 3602 curtem
1768 3537 1808 3601 de
1832 3534 1906 3602 Ola-

212 3659 393 3722 31111111,
417 3649 541 3704 curtem
565 3640 604 3703 de
622 3639 764 3721 Nuxeto,
787 3649 930 3704 castrum
949 3640 989 3705 de
1006 3639 1123 3720 Oneto,
1147 3647 1290 3703 castmm
1314 3638 1353 3704 de
1370 3636 1543 3721 Carexeto,
1567 3639 1712 3716 Turrem,
1736 3638 1905 3721 Boculnm,

264 3744 492 3824 Salonianum,
522 3752 680 3807 montana
709 3752 741 3807 et
768 3744 931 3807 maritima
959 3765 1034 3807 cum
1058 3741 1182 3807 cellulis
1205 3751 1237 3806 et
1261 3741 1361 3820 locis,
1389 3741 1543 3806 videlicet
1572 3751 1694 3806 curtem
1718 3740 1757 3804 de
1780 3738 1905 3821 Carice,

263 3857 386 3910 curtem
410 3846 450 3910 dc
472 3846 634 3929 Turrigio,
658 3856 782 3911 curtem
805 3845 845 3910 de
868 3843 1007 3927 Carelio,
1032 3855 1156 3910 curtem
1179 3867 1241 3931 que
1265 3844 1383 3908 dicitur
1400 3843 1567 3928 Gomurga
1580 3841 1602 3926 ἃ,
1626 3851 1749 3908 curtem
1766 3843 1807 3907 de
1824 3841 1907 3907 Gra·

263 3951 351 4030 uilia,
374 3948 486 4013 villam
509 3972 570 4034 quc
594 3949 712 4013 dicitur
726 3949 835 4030 Palea,
859 3948 972 4014 villam
988 3971 1049 4034 que
1065 3948 1184 4013 dicitur
1198 3948 1372 4032 Brabegia,
1396 3957 1597 4034 curtemque
1614 3948 1731 4013 dicitur
1746 3946 1906 4032 Vignalis,

263 4053 374 4116 villam
399 4074 482 4139 quae
506 4053 625 4119 dicitur
646 4052 689 4116 ad
711 4052 873 4134 Mentem,
904 4052 1099 4138 villamque
1123 4051 1240 4116 dicitur
1263 4050 1458 4133 Oarascum,
1481 4051 1594 4116 villam
1618 4050 1658 4115 de
1679 4051 1824 4134 Rirnagi,
1848 4050 1906 4114 vil·

212 4183 244 4230 35
263 4157 328 4221 1111
353 4179 415 4242 que
438 4155 555 4220 dicitur
581 4154 806 4238 Canaualium,
831 4155 1027 4242 villamque
1051 4155 1170 4220 dicitur
1191 4156 1304 4240 Ripae,
1327 4153 1439 4218 villam
1462 4177 1524 4239 que
1548 4154 1666 4219 dicitur
1692 4152 1904 4238 Capellanna,

263 4260 372 4323 villam
397 4282 458 4344 que
482 4259 600 4323 dicitur
621 4258 810 4341 Riuarolus,
841 4257 952 4323 villam
977 4281 1040 4343 que
1063 4257 1182 4323 dicitur
1204 4257 1383 4338 Themoso,
1414 4257 1525 4322 villam
1548 4278 1611 4342 que
1634 4256 1752 4321 dicitur
1772 4257 1906 4339 Butiga·

263 4365 360 4444 rium,
390 4361 502 4426 villam
531 4384 593 4448 que
617 4361 734 4426 dicitur
757 4384 855 4447 super
877 4359 1016 4425 Crucem
1039 4370 1071 4424 11
1093 4382 1132 4425 11
1155 4381 1217 4445 que
1240 4358 1345 4423 eidem
1367 4361 1565 4425 monasterio
1589 4361 1751 4444 pertinent
1772 4360 1806 4422 in
1827 4357 1906 4422 villa

264 4466 304 4531 de
326 4467 479 4532 Brozono
502 4468 536 4531 in
559 4465 678 4530 finibus
701 4466 865 4547 Lauanie,
897 4465 1069 4529 ecclesiam
1099 4466 1203 4528 sancti
1226 4463 1314 4526 Petri
1343 4484 1405 4547 que
1427 4472 1477 4526 est
1499 4464 1561 4526 sita
1583 4464 1617 4525 in
1639 4463 1771 4526 civitate
1793 4462 1905 4541 Ianne,

263 4579 385 4633 curtem
409 4567 449 4632 de
473 4567 587 4633 Garda
609 4570 643 4632 in
665 4568 728 4632 fine
750 4567 932 4633 Ueronensi
956 4568 999 4634 ad
1023 4567 1223 4648 Arbaxium,
1247 4566 1447 4647 lunaticam,
1477 4568 1700 4630 Fraxanetum
1724 4575 1756 4629 et
1778 4575 1907 4650 portum

213 4696 246 4742 io
266 4673 478 4736 Mantuanurn
508 4693 582 4735 cum
611 4670 759 4736 ecclesiis
789 4673 872 4752 11111,
903 4694 976 4735 cum
1007 4671 1157 4736 omnibns
1181 4670 1224 4735 ad
1247 4668 1378 4734 easdem
1402 4679 1508 4734 cortes
1531 4669 1631 4733 cellas
1654 4667 1748 4732 villas
1771 4667 1908 4732 castella

265 4785 297 4840 et
326 4774 399 4839 loca
427 4773 661 4859 aspicientibus
691 4783 723 4837 et
751 4772 990 4859 spectantibus,
1020 4796 1094 4838 cum
1125 4774 1210 4838 omni
1234 4770 1457 4838 iurisdictione
1480 4782 1609 4837 etcum
1633 4771 1783 4836 omnibus
1806 4770 1850 4834 ad
1873 4793 1908 4835 sc

265 4878 509 4963 pertinentibus,
533 4879 642 4941 omnia
664 4880 697 4941 in
720 4880 880 4961 integrum
904 4891 1072 4942 concedimur
1094 4898 1152 4961 per
1175 4874 1328 4940 abbatem
1346 4873 1397 4937 vel
1421 4876 1587 4939 ministros
1610 4874 1755 4938 eiusdem
1778 4873 1905 4938 cenobii

265 5003 393 5062 perpetua
415 4997 559 5046 stabilitate
582 4995 712 5060 possideri
734 5013 750 5044 ii
773 5001 799 5046 ei
821 4995 950 5058 ordinari,
979 4979 1208 5044 interdicentes
1239 4977 1390 5043 omnibns
1417 4977 1568 5042 fidelibus
1598 4977 1717 5042 nostris
1746 4986 1812 5041 tam
1835 4999 1906 5060 pre-

266 5085 409 5149 sentibus
434 5107 530 5169 quam
553 5084 669 5148 futuris
692 5094 727 5148 ut
748 5083 871 5149 nullam
895 5083 1090 5147 mollestiam
1112 5081 1163 5146 vel
1186 5083 1452 5166 inquietationem
1480 5103 1578 5166 super
1605 5080 1760 5165 predictis
1788 5080 1905 5144 inferre

214 5210 247 5257 45
265 5196 469 5274 presumant3
492 5187 580 5273 quod
599 5188 652 5272 qui
671 5187 784 5252 fecerit
806 5196 862 5251 aut
884 5186 1114 5273 quoquomodo
1138 5186 1363 5250 contravenire
1385 5184 1627 5269 presumpserit,
1651 5182 1905 5268 quadringentas

264 5291 364 5356 libras
388 5301 564 5376 componat
585 5292 656 5356 auri
680 5290 792 5373 abrici,
815 5306 982 5357 medietatem
1004 5304 1104 5369 palatio
1120 5308 1209 5352 nostro
1226 5302 1434 5353 simoniacarum
1456 5308 1583 5351 camere
1606 5285 1737 5352 abbatis
1760 5284 1905 5350 eiusdem

266 5411 376 5461 cenobii.
413 5393 512 5474 Quod
533 5405 568 5459 ut
589 5396 698 5460 verius
721 5393 873 5459 credatur
896 5393 1152 5479 diligencinsque
1176 5390 1219 5455 ab
1243 5390 1391 5455 omnibus
1416 5389 1621 5473 observetur,
1653 5411 1751 5454 mauu
1774 5391 1907 5474 propria

264 5499 455 5564 roborantes
478 5496 585 5581 sigillo
608 5497 759 5583 plombco
783 5497 917 5582 sigillari
940 5496 1154 5582 precepimus.

352 5651 545 5720 itt.[sieke1]
660 5654 685 5717 a)
707 5653 819 5703 Macrino
844 5652 870 5702 B
981 5653 1009 5717 b)
1031 5651 1093 5702 oder
1116 5649 1229 5700 Nuuono
1344 5648 1368 5712 1)
1389 5649 1474 5699 sancti
1496 5647 1522 5698 B
1634 5646 1661 5709 d)
1679 5652 1748 5696 scrut
1765 5646 1905 5713 Gomorga.
