4500 6420
922 449 1092 506 orror.
1117 445 1189 506 ses.
1518 402 1521 407 ’
1815 441 1878 508 eoa

337 632 351 715 ξ
373 628 510 713 Signum
532 630 729 694 serenissimi
751 631 955 715 imperatoris
977 633 1106 716 augusti
1128 625 1143 709 l
1166 630 1231 713 (Μ.)

336 731 537 814 ᾖΙιίιιῐοΙῖιιε
558 735 706 799 notarius
729 732 877 798 advicem
899 733 1098 799 Unillihelmi
1122 733 1377 821 archicapellani
1398 738 1599 821 recognovit.
1622 733 1636 816 l
1761 739 1818 820 (SI.
1836 739 1878 819 2.)

338 869 426 934 Data
448 887 483 934 x.
506 869 573 935 kal.
596 870 677 937 febr.
701 894 787 936 anno
811 873 1045 937 incarnationis
1068 870 1191 938 domini
1214 888 1406 957 Dccccaxv,
1428 874 1606 940 indictione
1624 892 1698 955 vm,
1721 885 1877 959 regnante

235 974 441 1038 serenissimo
465 976 662 1059 imperatore
685 987 823 1060 augusto
847 974 967 1042 Ottone
990 998 1076 1041 anno
1100 993 1144 1060 11;
1167 986 1276 1042 actum
1298 977 1332 1041 in
1354 975 1478 1060 Augia3
1500 977 1638 1042 feliciter
1660 999 1765 1043 amen.

200 1267 216 1314 s
1011 1234 1097 1306 277.

243 1383 323 1461 Otto
351 1386 511 1485 bestdtiqt
536 1387 616 1459 dem
640 1387 785 1460 Kloster
802 1387 1008 1461 Reicbeuae
1035 1387 1093 1460 die
1118 1388 1345 1481 Immuaitdt,
1381 1389 1439 1463 die
1467 1390 1703 1490 Zollfreibeit,
1735 1393 1878 1490 petuisse

236 1506 603 1605 Zebntverleilmnqert
629 1506 709 1579 aad
734 1506 802 1579 das
827 1506 1037 1582 Wodlrecdt.
1398 1531 1512 1592 Woms
1535 1533 1598 1592 965
1621 1533 1759 1592 Febrsar
1779 1536 1832 1592 21.

230 1771 233 1776 -
336 1732 458 1807 Diplom
479 1731 694 1804 eweifellrafter
719 1733 847 1807 deltano
868 1735 910 1791 tm
930 1735 1043 1807 preest.
1071 1733 1434 1796 emeat-Landearrltv
1454 1755 1495 1796 ra
1517 1738 1684 1797 Karlsrdbe
1705 1736 1764 1817 (A).

337 1886 555 1968 (Meicbelbcclr)
576 1888 719 1948 Mdmoire
747 1890 783 1948 de
804 1891 993 1960 Baithmare,
1025 1888 1085 1950 doc.
1111 1893 1130 1950 6
1157 1891 1201 1950 als
1224 1891 1264 1951 D.
1292 1889 1358 1951 Otto
1376 1899 1417 1952 11.
1447 1893 1664 1967 ansollstdadip
1692 1910 1749 1952 aas
1771 1892 1810 1952 A.
1834 1927 1876 1937 —

335 1992 454 2068 Ddorpd
474 1996 546 2067 Res.
571 1993 649 2052 Bod.
674 1996 716 2053 88
738 1998 772 2051 ra⁰
793 1997 838 2053 27
859 2010 916 2051 aas
938 1991 975 2051 A.
1000 2027 1043 2034 -—
1065 1993 1195 2067 Stumpf
1212 1996 1285 2067 seu.
1309 1996 1381 2054 350.

335 2149 397 2208 Mis
411 2149 581 2208 Aasnolrme
603 2151 655 2208 der
676 2149 738 2221 aas
756 2148 810 2208 dos
829 2149 993 2209 Wolrlreelrt
1016 2150 1202 2223 teedpliclren
1217 2150 1305 2209 Stella
1326 2151 1391 2209 dem
1405 2151 1444 2210 D.
1462 2151 1540 2209 Korl
1559 2160 1616 2212 ΙΙΙ.
1638 2170 1703 2212 oona
1716 2156 1769 2229 ¹16.
1787 2155 1877 2228 April

335 2255 398 2312 886
423 2251 552 2331 (Ddraye'
575 2255 616 2313 76
637 2258 671 2311 νεο
694 2250 748 2330 12)
768 2252 975 2325 melmeblldet.
1018 2252 1207 2312 Gesclrrr'ebea
1235 2270 1290 2311 eon
1318 2253 1384 2312 dem
1411 2256 1466 2313 seit
1492 2255 1577 2329 loepe
1597 2274 1653 2315 aas
1675 2256 1727 2315 der
1748 2258 1877 2316 Kanalei

335 2355 595 2428 odsqcscltiedmea
616 2356 718 2427 Poppo
742 2352 778 2425 O,
809 2354 857 2413 die
878 2354 1032 2427 Datimny
1060 2357 1130 2414 aber
1158 2374 1213 2415 sorr
1235 2351 1438 2415 unselunnter
1459 2358 1552 2417 Hand
1575 2363 1696 2432 erpdaet
1718 2360 1781 2418 aad
1803 2365 1876 2420 elwa

335 2462 411 2519 adela
432 2459 487 2518 dos
503 2459 573 2532 SR,
597 2460 637 2519 do
655 2477 685 2518 es
707 2477 762 2518 eoa
785 2460 849 2517 dem
872 2459 922 2517 des
937 2458 998 2520 Po,
1021 2462 1168 2531 adweidd,
1192 2479 1248 2520 oon
1269 2460 1407 2518 sederem
1423 2459 1582 2520 Schreiber.
1605 2461 1738 2520 Nelrmea
1760 2464 1816 2521 wir
1836 2480 1877 2521 aa

335 2563 444 2622 diesem
465 2563 724 2637 eipentlrdmlicbea
741 2561 985 2634 Schriftbefaade
1006 2564 1182 2623 rainaudus
1197 2564 1251 2624 das
1268 2565 1358 2625 srael
1372 2565 1496 2624 diastole
1512 2567 1645 2639 teaieyelt
1659 2584 1730 2636 war,
1754 2584 1785 2626 so
1801 2568 1877 2626 wird

333 2666 517 2739 aroeifellmst
541 2666 575 2746 (s.
600 2664 701 2725 Mtttb.
731 2667 780 2725 des
809 2670 910 2726 deterr.
936 2668 1076 2725 Imtituts
1098 2670 1129 2737 2,
1152 2667 1227 2746 277)
1250 2670 1284 2727 ob
1307 2686 1336 2727 es
1351 2670 1384 2741 je
1405 2687 1461 2727 cors
1483 2669 1535 2728 der
1557 2669 1685 2728 Konalei
1710 2671 1876 2730 operissent

332 2771 450 2828 werden
477 2773 525 2829 ist.
567 2770 721 2829 Trotadem
743 2772 782 2827 ist
805 2769 898 2828 dieses
920 2770 1085 2843 Eaemplar
1112 2772 1201 2829 schoa
1222 2773 1265 2830 im
1287 2771 1319 2831 J.
1344 2775 1407 2831 990
1429 2789 1486 2831 voa
1507 2773 1559 2831 der
1581 2772 1708 2831 Koaelet
1733 2773 1799 2833 Otto
1818 2781 1874 2833 111.

332 2875 417 2949 pillis
443 2874 592 2945 defundes
614 2873 748 2931 worden:
778 2875 821 2931 sie
843 2873 1024 2932 reiederlrolte
1045 2875 1174 2932 edmliclr
1195 2876 1274 2933 niem
1296 2874 1386 2933 alteia
1408 2875 1464 2932 den
1487 2874 1649 2946 Wortloet,
1678 2877 1807 2935 sordem
1829 2878 1875 2935 be·

333 2983 435 3037 mutate
457 2995 487 3037 es
509 2979 584 3037 duola
606 2977 651 3036 als
668 2977 900 3049 Schreiboorloqe
922 2976 977 3048 fdr
999 2977 1053 3035 dos
1076 2982 1165 3036 anter
1187 2977 1315 3051 Stdmpf
1328 2979 1400 3052 Rq.
1424 2981 1489 3037 932
1509 2979 1705 3037 omeeiclmete
1726 2978 1875 3053 0νίρὶνᾶ-

330 3086 465 3154 prdcept.

338 3284 397 3363 (O.)
421 3283 435 3366 ξ
456 3283 494 3348 In
517 3285 647 3348 nomine
675 3292 808 3348 sanctae
831 3294 863 3347 ct
885 3283 1073 3349 individuae
1102 3285 1266 3349 trinitatis.
1305 3282 1383 3349 Otto
1411 3283 1523 3349 divina
1549 3285 1680 3350 favente
1702 3285 1875 3351 clementia

232 3388 408 3473 imperator
431 3396 598 3471 augustus
699 3403 841 3453 Enimvero
864 3405 886 3451 si
909 3407 1105 3453 antecessorum
1128 3408 1291 3466 nostrorum,
1314 3418 1405 3469 regum
1428 3403 1554 3454 videlicet
1575 3399 1656 3455 sive'
1677 3406 1874 3469 imperatorum,

233 3509 346 3557 maxime
361 3523 466 3572 quoque
482 3507 700 3556 monasteriorum
721 3508 858 3556 coenobiis
878 3520 1004 3556 concessa
1023 3506 1165 3572 privilegia
1186 3511 1291 3556 noemae
1312 3508 1479 3556 auctoritatis
1500 3508 1612 3557 tuitione
1634 3508 1798 3570 roboramus,
1821 3524 1875 3558 non

233 3612 319 3663 solum
341 3628 431 3677 regum
454 3596 467 3677 ξ
490 3627 586 3661 morem
609 3613 636 3661 in
660 3628 691 3661 eo
714 3611 837 3662 decenter
859 3611 1013 3676 implemus,
1042 3627 1134 3661 verum
1157 3613 1235 3661 etiam
1261 3626 1320 3660 cum
1343 3610 1542 3676 tranquillitatis
1565 3612 1706 3661 securitate
1729 3612 1874 3661 viventium

181 3719 214 3766 26
233 3715 342 3765 fratrum
366 3715 530 3764 orationibus
553 3697 721 3779 plurimuml'
744 3715 864 3764 adiuvari
888 3715 1052 3766 confidimns.
1086 3715 1203 3780 Ideoque
1225 3714 1329 3764 noverit
1351 3715 1468 3764 omnium
1490 3713 1607 3763 fidelium
1629 3719 1778 3764 nostrornm
1801 3729 1875 3778 prae·

232 3821 344 3869 sentium
368 3818 469 3867 scilicet
492 3819 690 3867 etsuturorum
713 3818 857 3882 industria,
887 3821 951 3884 quia
972 3802 1169 3868 Venerabilis
1186 3800 1421 3866 Vulllellelmus
1444 3801 1687 3887 Mogonclensls
1716 3800 1874 3885 ecelesiae

233 3907 498 3992 archiepiscopus
532 3917 565 3971 et
593 3907 805 3991 Burghardus
839 3906 1060 3971 nobilissimus
1095 3905 1162 3970 dux
1189 3903 1445 3969 Alamannorum
1475 3925 1535 3967 nec
1565 3926 1632 3968 non
1660 3903 1874 3988 Eggehardus

231 4008 406 4094 Auglensls
440 4009 589 4073 coenobii
621 4009 826 4074 venerandus
860 4025 930 4074 abba
955 4042 972 4073 s
1000 4026 1097 4074 nostris
1127 4023 1280 4074 obtulerunt
1310 4025 1448 4074 obtutibus
1476 4042 1492 4072 s
1521 4030 1662 4089 praecepta
1691 4025 1874 4091 gloriosissimi

231 4113 437 4198 imperatoris
459 4111 574 4176 Karoli
603 4123 635 4176 et
662 4113 764 4197 ipsius
793 4129 836 4177 avi
859 4146 875 4177 s
897 4128 1048 4177 Ludouuici
1071 4129 1236 4193 imperatoris
1258 4143 1307 4178 nec
1329 4144 1383 4178 non
1405 4128 1485 4177 etiam
1508 4128 1668 4178 serenissimi
1690 4129 1782 4192 proavi
1805 4115 1874 4178 elus

181 4235 215 4283 30
232 4233 324 4282 Karoli
358 4234 523 4297 imperatoris
556 4233 664 4297 augusti
692 4234 718 4281 in
748 4232 845 4297 quibus
879 4231 1077 4293 continebatur,
1110 4232 1223 4296 qualiter
1257 4233 1402 4298 supradicti
1427 4232 1591 4283 Francorum
1624 4233 1757 4297 principes
1790 4234 1875 4283 eidem

232 4319 388 4404 Augiensi
418 4335 575 4384 monasterio
604 4350 651 4399 per
677 4335 842 4384 auctoritatis
870 4336 1043 4384 munitionem
1072 4341 1269 4396 concesserant,
1299 4341 1330 4385 nt
1351 4335 1442 4386 nullus
1463 4336 1587 4400 publicus
1609 4335 1689 4386 iudex
1712 4351 1798 4401 neque
1821 4335 1875 4385 dux

232 4455 317 4504 neque
346 4454 433 4490 comes
463 4444 509 4487 aut
531 4438 658 4502 quislibet
679 4454 711 4487 ex
733 4438 873 4487 iudiciaria
899 4443 1030 4501 potestate
1058 4437 1201 4488 aecclesias
1229 4445 1317 4489 curtes
1344 4444 1392 4489 ant
1418 4439 1479 4489 loca
1500 4439 1543 4489 vel
1565 4454 1643 4505 agros
1665 4456 1713 4490 seu
1735 4439 1875 4505 reliquasc

231 4545 411 4608 possessiones
434 4547 577 4592 memorato
600 4543 758 4592 monasterio
781 4544 914 4607 praesenti
936 4548 1053 4607 tempore
1075 4542 1243 4593 subiacentes
1264 4543 1308 4594 vel
1330 4558 1399 4608 qnae
1421 4543 1546 4608 deinceps
1568 4544 1596 4593 in
1618 4545 1660 4594 ius
1684 4550 1710 4594 et
1721 4534 1873 4593 ‘dominium

232 4646 349 4697 eiusdem
372 4648 523 4695 monasterii
548 4645 653 4695 divinae
675 4647 782 4710 pietatis
804 4652 946 4711 augmento
969 4648 1150 4710 pervenerint,
1174 4646 1208 4696 ad
1230 4661 1324 4697 causas
1346 4645 1493 4697 audiendas
1514 4646 1557 4696 vel
1579 4646 1654 4696 freda
1676 4648 1806 4712 exigenda
1828 4654 1875 4697 aut

181 4749 215 4797 85
233 4752 383 4799 mansiones
411 4749 453 4799 vel
482 4753 588 4814 paratas
616 4748 752 4799 faciendas
774 4751 830 4799 sive
852 4747 1021 4800 fideiussores
1042 4748 1174 4800 tollendos
1196 4755 1243 4799 ant
1264 4750 1384 4801 homines
1405 4755 1459 4799 tam
1482 4751 1612 4815 ingenuos
1634 4766 1713 4816 quam
1736 4757 1762 4801 et
1784 4767 1874 4801 servos

232 4869 311 4919 super
339 4859 435 4904 terram
464 4854 548 4918 ipsius
573 4854 725 4902 monasterii
748 4858 943 4903 commanentes
965 4870 981 4900 s
1004 4853 1198 4920 distringendos
1221 4869 1270 4904 nec
1292 4853 1361 4903 ullas
1382 4853 1555 4903 redibitiones
1577 4853 1619 4903 vel
1641 4854 1744 4904 bannos
1767 4860 1814 4904 aut
1836 4856 1874 4903 in-

231 4957 318 5007 licitas
341 4958 493 5007 occasiones
515 4955 685 5022 requirendas
708 4972 755 5006 seu
777 4955 862 5006 ullum
884 4957 1019 5021 publicum
1042 4957 1169 5022 placitum
1192 4957 1343 5007 habendum
1365 4955 1446 5006 nullis
1469 4957 1633 5021 temporibus
1655 4956 1759 5023 ingredi
1781 4957 1824 5007 vel
1843 4972 1875 5007 ea

232 5075 299 5125 quae
328 5076 409 5126 supra
436 5066 580 5110 memorata
608 5065 670 5108 suut
692 5060 796 5124 exigere
818 5066 983 5124 praesumat,
1013 5066 1040 5111 et
1061 5066 1092 5110 ut
1113 5059 1232 5111 censales
1253 5060 1373 5110 homines
1396 5060 1452 5109 sive
1474 5059 1591 5109 familiae
1612 5061 1641 5110 in
1663 5061 1874 5125 quibuscumque

229 5164 296 5215 locis
319 5167 372 5214 sint
394 5167 539 5226 constituti,
561 5179 652 5228 pacem
675 5165 792 5214 habeant
807 5169 833 5214 et
848 5180 935 5214 coram
958 5164 1032 5214 nullo
1055 5165 1152 5214 comite
1173 5157 1288 5232 regant
1302 5169 1349 5213 ant
1364 5147 1481 5213 bannum
1503 5162 1657 5227 persolvant
1671 5168 1719 5213 aut
1736 5163 1872 5213 saeculare

180 5273 214 5319 to
232 5271 366 5334 negotium
395 5269 524 5328 habeant,
554 5269 604 5316 uisi
628 5284 715 5317 coram
738 5268 834 5318 abbate
856 5268 899 5318 vel
922 5269 1006 5333 ipsius
1031 5269 1183 5318 merresterii
1211 5265 1355 5330 advocato,
1383 5267 1430 5317 sed
1452 5266 1532 5317 liceat
1554 5266 1698 5331 supradicti
1722 5267 1873 5316 monasterii

231 5372 377 5423 rectoribus
407 5373 456 5422 snb
486 5372 633 5421 dominicae
662 5372 834 5421 immunitatis
862 5360 976 5422 tuitione
1004 5373 1094 5437 quieto
1117 5372 1209 5422 ordine
1231 5387 1278 5436 per
1301 5371 1390 5421 omnia
1411 5369 1558 5434 possidere,
1582 5373 1609 5418 et
1630 5369 1756 5434 quicquid
1779 5368 1874 5418 exinde

232 5474 310 5525 fiscus
339 5490 444 5540 sperare
473 5481 590 5539 poterat,
619 5480 702 5523 totum
730 5474 857 5524 fratribus
886 5474 984 5525 ibidem
1013 5476 1120 5526 domino
1149 5475 1339 5525 famulantibus
1362 5479 1490 5539 perpetua
1511 5472 1635 5523 linnitate
1656 5474 1730 5538 regia
1751 5472 1874 5538 largitate

317 5646 375 5700 277.
405 5646 512 5716 [Sickel]
617 5647 644 5711 a)
663 5664 754 5697 εεονν.
774 5649 842 5698 asel
929 5649 957 5710 bl
976 5648 1025 5699 dae
1044 5655 1108 5700 erate
1119 5666 1144 5699 m
1156 5649 1219 5699 tter
1229 5649 1277 5699 ἄεν
1289 5648 1358 5698 Zeila
1375 5646 1561 5713 noedpetraperr
1647 5648 1672 5708 cl
1690 5646 1874 5713 orsprdnqlicd

403 5718 537 5783 reliquiae,
554 5717 626 5766 dona
645 5720 653 5765 i
671 5718 717 5766 mit
738 5716 941 5782 Tilqaaqepsakt
958 5717 1087 5770 careban.

282 5825 474 5867 mmmrhnden.
489 5825 507 5867 l.
1641 5824 1684 5884 50
