4298 6414
899 462 1024 519 orto
1046 464 1071 520 Ι.
1095 459 1168 519 967.
1794 454 1861 520 475

206 647 313 712 dimus
337 653 438 733 atque
460 645 523 710 isto
546 652 699 730 precepto
723 642 900 708 firmamus.
940 641 1079 707 Omnem
1103 652 1255 728 quoquc⁰
1276 643 1442 729 publicam
1463 642 1664 709 functionem
1679 667 1699 708 a
1715 645 1859 710 castellis

206 751 311 836 ipsius
335 772 399 836 que
421 770 508 815 nunc
531 757 607 813 sunt
629 756 661 812 et
682 749 922 834 imperpetuum
944 745 987 810 ad
1011 745 1147 810 eandem
1170 745 1344 830 ecclesiam
1372 749 1566 832 pertinentia
1594 757 1702 831 eruut,
1734 750 1781 813 ita
1804 748 1858 813 ab·

206 853 368 919 scidimus
391 875 431 918 ac
453 874 659 918 removemus
682 862 718 917 ut
740 873 846 937 neque
868 872 977 916 comes
999 872 1104 936 neque
1118 852 1303 914 vicecomes
1326 871 1431 935 neque
1455 848 1639 914 sculdascio
1662 860 1859 935 potestatem

206 956 310 1022 ullam
332 959 367 1021 in
391 957 437 1021 eis
460 955 612 1021 manendi
629 955 681 1020 vel
704 952 847 1041 aliquem
869 955 1013 1021 habeant
1035 954 1260 1039 distringendi,
1285 954 1342 1019 sed
1366 976 1478 1019 omnes
1500 956 1533 1019 in
1552 956 1599 1020 eis
1615 965 1859 1021 commanentes

206 1064 254 1126 ita
270 1059 333 1125 snb
349 1068 547 1145 potestatem
562 1058 615 1123 vel
632 1060 726 1123 istius
741 1058 793 1123 vel
814 1058 902 1124 illius
926 1060 1004 1145 qui⁰
1027 1080 1085 1142 per
1108 1061 1331 1124 successiones
1353 1069 1539 1145 temporum
1556 1062 1621 1125 iarn
1638 1059 1724 1124 dicte
1740 1059 1857 1146 eclesie

206 1164 398 1250 prefuerint,
420 1172 584 1244 maneant,
607 1170 823 1248 utnusquam
845 1184 902 1227 eos
926 1161 1120 1245 distringere
1143 1161 1254 1249 aliqua
1275 1159 1411 1227 nostrot
1430 1163 1566 1248 imperio
1590 1161 1737 1227 subiecta
1759 1164 1856 1229 licen·

206 1269 288 1332 tiam
316 1266 439 1331 habeat
467 1275 631 1351 potestas,
666 1264 725 1330 sed
753 1266 780 1330 si
812 1265 889 1352 quid
920 1288 1091 1350 perperam
1114 1266 1166 1331 vel
1189 1291 1210 1332 a
1232 1269 1405 1332 mansoriis
1428 1268 1481 1333 vel
1509 1291 1530 1332 a
1551 1268 1738 1333 castellanis
1760 1268 1813 1335 vel
1835 1291 1857 1333 a

206 1370 363 1457 plectitiis
376 1369 429 1435 vel
453 1370 620 1434 incensitis
635 1368 689 1434 vel
710 1390 732 1433 a
754 1367 957 1434 comendatis
972 1367 1025 1433 vel
1044 1368 1171 1434 clericis
1186 1369 1238 1434 vel
1261 1371 1391 1436 famulis
1413 1373 1516 1457 ipsius
1538 1373 1636 1436 fuerit
1658 1382 1776 1456 actum,
1800 1382 1857 1438 aut

206 1474 251 1539 ab
280 1477 354 1560 ipso
383 1483 441 1539 aut
469 1495 490 1537 a
518 1472 718 1538 ministeriali
748 1474 851 1558 ipsius
881 1473 922 1537 sit
950 1474 1034 1537 iuste
1062 1483 1094 1538 et
1121 1472 1269 1557 legaliter
1297 1474 1514 1540 emendatum.
1559 1476 1598 1540 In
1621 1477 1687 1540 suis
1710 1486 1857 1560 preterea

206 1579 303 1664 aquis
326 1600 422 1643 nemo
445 1585 613 1662 presumat
635 1578 773 1662 piscari,
802 1577 865 1640 nisi
889 1576 984 1640 sicuti
1008 1577 1187 1662 antiquitus
1209 1575 1341 1641 licentia
1364 1578 1434 1642 fuit.
1479 1578 1523 1642 Et
1546 1580 1622 1664 quia
1645 1581 1715 1665 ipsc
1738 1602 1858 1664 egenus

207 1691 242 1746 et
263 1681 393 1747 advena
415 1689 448 1745 et
471 1681 559 1744 omni
581 1701 714 1761 carens,
742 1680 805 1743 nisi
829 1678 881 1742 dei
905 1687 937 1741 et
958 1680 1062 1742 nostri
1085 1677 1224 1761 auxilio,
1252 1679 1381 1744 multas
1409 1681 1476 1745 iam
1497 1690 1548 1745 est
1574 1704 1746 1767 perpessus
1768 1684 1858 1748 inco·

208 1785 323 1869 moda,
351 1784 416 1849 hoc
439 1783 572 1849 iuvandi
595 1785 727 1868 ingenio
751 1805 824 1848 enm
846 1782 997 1847 volumus
1020 1782 1182 1865 relevare,
1217 1793 1253 1849 ut
1276 1794 1383 1869 preter
1404 1785 1439 1849 id
1463 1785 1550 1871 quod
1573 1795 1623 1850 est
1644 1795 1681 1850 ut
1702 1791 1801 1852 ceteri
1822 1789 1856 1853 in

209 1910 308 1973 regno
338 1896 450 1953 noster
478 1889 668 1972 episcopus,
700 1887 742 1951 sit
770 1887 869 1950 etiam
898 1885 1145 1951 mundeburdea
1173 1898 1285 1952 nostro
1309 1898 1377 1954 tam
1400 1889 1529 1975 spetiali
1552 1892 1761 1976 prerogativa
1783 1914 1856 1977 pro-

213 2001 314 2057 tectus
336 2000 388 2072 ut,
422 1992 449 2055 si
474 1992 642 2075 quiscum
665 1988 805 2074 amplius
827 1999 987 2074 utusque
1015 2011 1101 2054 nunc
1131 1994 1364 2076 presumpserit
1392 1995 1570 2078 inquietare
1594 2003 1651 2058 aut
1672 1992 1803 2059 rebellis
1826 1997 1855 2059 ei

216 2097 349 2160 existere
371 2091 423 2158 vel
447 2090 536 2157 deo¹²
565 2091 801 2157 contradixerit
823 2092 936 2178 quode
966 2115 1059 2157 suum
1087 2093 1302 2159 ministerium
1325 2104 1374 2160 est
1402 2096 1550 2179 exibere,
1586 2099 1612 2160 si
1636 2096 1772 2162 clericus
1795 2106 1854 2181 est,

216 2200 359 2264 omnibus
383 2221 445 2284 que
467 2194 566 2262 habet
587 2199 620 2260 in
644 2206 839 2281 potestatem
861 2199 964 2283 ipsius
987 2196 1179 2261 reddactisl
1207 2197 1247 2262 de
1275 2199 1442 2284 ecclesiag
1467 2223 1569 2287 usque
1593 2199 1637 2265 ad
1659 2203 1853 2267 satisfactio-

216 2328 282 2369 nem
304 2304 484 2388 legitimam
506 2311 604 2388 atque
626 2301 823 2385 condignam
845 2302 1000 2387 pellatur,
1036 2304 1063 2367 si
1092 2324 1221 2386 servus,
1255 2302 1344 2390 quod
1366 2325 1533 2368 servorum
1557 2313 1607 2368 est
1630 2303 1745 2369 subeat
1767 2314 1800 2369 et
1821 2307 1854 2369 in

218 2415 405 2492 potestatem
427 2407 531 2491 ipsius
552 2414 589 2469 ut
611 2427 653 2468 ex
677 2404 847 2469 debitum‘*
869 2415 1015 2487 maneat,
1038 2404 1244 2492 habeantque
1266 2404 1399 2471 fidelesi
1422 2415 1454 2470 et
1477 2408 1572 2471 amici
1593 2407 1758 2473 licentiam
1782 2407 1854 2472 abs·

219 2534 272 2596 que
292 2510 391 2575 ullius
414 2509 661 2594 compositionis
683 2509 799 2573 timore
821 2508 912 2574 illum
936 2519 967 2574 et
988 2508 1028 2573 de
1050 2510 1121 2574 istis
1141 2518 1173 2575 et
1188 2509 1228 2575 de
1245 2508 1395 2575 omnibus
1411 2531 1474 2594 que
1488 2509 1535 2574 illi
1552 2509 1732 2595 expediunt
1747 2532 1853 2594 agere,

218 2635 268 2698 pro
304 2635 404 2699 posse
435 2615 566 2694 iuvare3
600 2613 627 2674 si
658 2633 768 2676 comes
799 2613 982 2677 vicecomes
1019 2611 1202 2677 sculdascio
1239 2622 1296 2677 aut
1331 2611 1483 2697 aliquass
1515 2613 1671 2697 secularis
1707 2623 1854 2699 potestas

217 2715 271 2781 hoc
285 2718 389 2800 egerit
404 2725 437 2781 et
452 2714 492 2780 de
510 2737 549 2779 eo
573 2713 746 2800 quodipsi
769 2716 936 2800 proprium
960 2724 1010 2779 est
1033 2737 1067 2779 se
1091 2723 1207 2780 contra
1228 2714 1430 2780 voluntatem
1452 2716 1556 2798 ipsius
1578 2715 1796 2798 inframiserit,
1820 2716 1859 2780 id.

214 2830 258 2885 est
278 2829 314 2885 nt
337 2830 457 2884 terram
487 2819 589 2904 ipsius
616 2817 741 2904 absque
768 2817 856 2883 illius
886 2817 963 2882 dato
992 2818 1130 2883 tenuerit
1158 2827 1216 2883 aut
1243 2818 1397 2883 clericum
1425 2819 1527 2902 ipsius
1555 2818 1608 2882 vel
1635 2818 1791 2883 famulum
1821 2821 1854 2883 in

211 2923 494 2990 comendatiouem
512 2925 585 3009 ipso
604 2945 670 2987 non
692 2922 981 2988 conconcedente³
1001 2924 1160 3009 receperit
1183 2930 1239 2988 aut
1262 2921 1387 3007 aliquid
1409 2921 1513 2985 simile
1535 2920 1581 2985 illi
1604 2920 1756 3005 intulerit,
1781 2944 1854 2987 cen-

207 3036 276 3094 tum
297 3027 400 3093 libras
424 3029 493 3092 auri
516 3026 611 3093 nobis
634 3037 826 3112 componat,
862 3026 1040 3111 dampnum
1067 3029 1199 3112 insuper
1220 3024 1310 3111 quod
1332 3026 1361 3088 ei
1384 3024 1491 3088 intulit
1514 3046 1572 3109 per
1593 3022 1713 3108 leg[em
1735 3023 1854 3108 elidem

206 3141 384 3214 restauret;
418 3129 543 3195 nullum
565 3132 663 3195 etiam
692 3130 906 3195 castellanum
928 3132 1030 3215 ipsius
1054 3153 1074 3194 a
1096 3129 1232 3195 castello
1255 3128 1341 3193 illius
1365 3127 1501 3192 seducat
1523 3137 1555 3192 et
1577 3130 1610 3191 in
1633 3150 1743 3210 suum,
1777 3130 1854 3213 quia

206 3233 269 3302 hoc
300 3245 351 3300 est
380 3235 641 3316 iniustisimum⁸,
676 3234 830 3316 collocet,
866 3244 899 3298 et
921 3235 949 3297 si
971 3234 1100 3316 fecerit,
1135 3233 1348 3298 immunitatis
1371 3231 1550 3296 fracturam
1571 3230 1634 3313 illi,
1657 3230 1753 3295 nobis
1775 3253 1853 3295 voro

206 3334 351 3404 bannum
375 3346 511 3420 cogatur
533 3337 721 3419 exsolvere3
743 3336 830 3401 idem
852 3334 999 3419 legaliter
1021 3356 1178 3420 passurus
1202 3336 1257 3421 qui
1281 3335 1321 3399 de
1343 3333 1411 3399 ulla
1433 3357 1468 3397 re
1487 3356 1599 3398 eorum
1615 3356 1677 3420 que
1693 3333 1737 3399 ad
1752 3333 1853 3398 cccle-

206 3445 273 3508 sias
296 3441 429 3505 easdem
453 3440 623 3525 pertinent,
647 3441 676 3503 ei
699 3437 960 3522 contradi[xerit]
984 3438 1070 3524 quod
1094 3438 1156 3503 sibi
1179 3440 1347 3523 proprium
1370 3447 1402 3502 et
1425 3437 1486 3502 deo
1510 3446 1559 3502 est
1574 3437 1730 3522 placitum
1746 3459 1852 3521 agere,

206 3548 309 3632 etqui
325 3554 413 3610 tutor
431 3544 583 3609 defensor
606 3554 638 3609 et
660 3544 884 3629 patrocinator
907 3543 1043 3607 alicuius
1067 3565 1179 3607 eorum
1200 3544 1235 3606 in
1258 3550 1349 3605 tanto
1374 3540 1495 3606 scelere
1517 3543 1750 3626 presumpserit
1772 3562 1853 3605 esse.

206 3648 388 3714 Libellaria
411 3648 649 3711 comutationes
671 3645 722 3709 vel
746 3649 893 3730 precarie
916 3645 1044 3728 dolose,
1076 3669 1118 3709 ex
1142 3668 1206 3731 quo
1229 3647 1404 3730 episcopus
1428 3652 1478 3709 est
1500 3644 1686 3727 ordinatus,
1717 3646 1744 3707 si
1766 3644 1853 3707 facte

206 3754 273 3816 sint
295 3750 419 3837 alique,
446 3748 596 3814 volumus
620 3758 717 3834 atque
740 3751 937 3834 precipimus
960 3758 997 3813 ut
1017 3748 1245 3813 rescindantur
1268 3750 1400 3813 omnino
1425 3756 1457 3811 et
1480 3746 1658 3811 secundum
1681 3746 1769 3830 quod
1792 3746 1852 3811 deo

206 3854 364 3941 placitum
393 3862 443 3916 cst
472 3851 698 3935 emendentur,
733 3854 883 3937 quatinus
913 3852 955 3916 ab
987 3851 1137 3916 omnibus
1164 3849 1272 3916 liber*
1303 3873 1365 3936 que
1392 3871 1560 3915 removere
1589 3848 1631 3914 ab
1661 3872 1699 3914 eo
1723 3847 1851 3914 Christo

206 3960 337 4024 favente
366 3957 528 4039 valemus,
562 3955 760 4038 incomodis,
796 3978 907 4021 secure
937 3955 998 4020 deo
1027 3955 1136 4019 valeat
1165 3954 1327 4020 deservire
1355 3964 1387 4018 et
1412 3975 1471 4039 pro
1495 3953 1718 4018 incolumitate
1740 3963 1854 4019 nostra

208 4063 356 4146 coniugis
378 4060 543 4147 prolisque
565 4060 737 4123 karissimo
759 4059 919 4123 finetenus
943 4061 1051 4122 cuncti
1073 4058 1212 4123 valentis
1235 4057 1441 4122 clementiam
1463 4078 1610 4121 exorare.

312 4218 326 4298 l
349 4215 484 4300 Signum
508 4214 618 4280 domni
643 4213 771 4278 Ottonis
797 4215 861 4294 (M.)
886 4214 1081 4278 serenissimi
1103 4214 1322 4298 imperatoris.
1345 4210 1360 4291 l

311 4338 325 4421 l
346 4336 539 4402 Ambrosius
569 4333 781 4400 cancellarius
811 4334 960 4399 advicem
982 4333 1121 4398 Huberti
1151 4334 1297 4419 episcopi
1320 4342 1352 4396 et
1374 4330 1651 4397 archicancellarii
1675 4334 1852 4415 recognovi

208 4452 240 4507 et
262 4441 450 4527 subscripsi.
473 4439 487 4521 ξ
1727 4438 1785 4514 (SI.
1802 4436 1853 4516 D.)

310 4594 400 4660 Data
426 4591 553 4659 nonus¹
583 4592 769 4658 novembris
800 4615 885 4658 anno
916 4593 1078 4658 dominice
1100 4593 1334 4659 incarnationis
1364 4606 1590 4671 Dccccnxvn,
1625 4590 1750 4673 imperii
1774 4610 1851 4652 vero

208 4698 319 4764 domni
343 4697 473 4764 Ottonis
496 4698 633 4781 piissimi
656 4699 778 4761 cesaris
801 4706 878 4779 vlm,
904 4697 1081 4762 indictione
1104 4714 1158 4778 xl3
1185 4706 1293 4761 aetum
1316 4694 1513 4760 Balscmado
1527 4704 1555 4775 ¹³3
1587 4692 1724 4757 feliciter
1747 4715 1851 4757 amon.

293 4884 350 4939 348.
378 4887 403 4949 e)
422 4904 439 4953 q
456 4903 521 4936 corr.
541 4903 588 4936 aaa
606 4903 622 4952 p
723 4889 835 4952 Orator
853 4892 893 4939 inr
910 4888 986 4939 thella
1003 4886 1198 4939 durclsetrioltea
1214 4887 1269 4936 aad
1286 4886 1362 4936 theiis
1379 4885 1512 4935 nawadirt
1604 4887 1630 4950 g)
1647 4887 1693 4934 mit
1710 4884 1853 4946 itterflic'aei·

376 4971 434 5021 gem
451 4954 718 5021 Atkitmuqmicheu
816 4959 843 5021 h)
863 4960 897 5010 do
916 4958 946 5020 A,
968 4963 1029 5008 etatt
1053 4958 1086 5007 dc
1105 4973 1135 5007 co
1234 4959 1253 5016 i)
1272 4954 1455 5020 urspritoplicla
1465 4954 1549 5019 solpte
1565 4953 1630 5004 noch
1649 4956 1690 5002 eia
1708 4953 1853 5004 Buclutatc

378 5044 425 5092 mit
437 5041 704 5107 Atbdmoqraeicbea
720 5043 840 5106 daddo,
858 5049 966 5094 errem
983 5042 1071 5093 warde
1088 5041 1228 5105 aosruda'rt,
1247 5041 1370 5092 wlilrrend
1388 5042 1500 5091 lctateree
1516 5040 1603 5090 orchea
1620 5039 1685 5089 tlieb
1772 5024 1851 5097 lrrffi

378 5110 414 5174 A,
443 5111 522 5160 wotcs'
550 5113 568 5162 b
597 5111 652 5161 rand
679 5111 723 5162 die
751 5118 834 5162 aalma
863 5112 1026 5163 Bachstatea
1052 5112 1096 5161 der
1124 5109 1247 5161 saura
1270 5110 1366 5160 Wartea
1395 5110 1499 5174 Sparsa
1526 5125 1576 5159 oca
1606 5107 1739 5158 Correctur
1766 5110 1852 5172 κείρω

378 5180 398 5245 l)
417 5180 453 5243 A,
471 5185 532 5230 atatt
549 5197 633 5232 nonas
651 5181 712 5231 oder
728 5188 789 5231 etatt
807 5185 883 5233 nonis
987 5183 1023 5245 m)
1039 5179 1167 5231 υἰοῑὶσίοῖιί
1183 5179 1370 5246 nochyetroqers
1472 5182 1500 5241 n)
1520 5178 1582 5228 oder
1599 5177 1780 5241 Balsemadc4
