4298 6414
956 119 1081 176 ΟΤΤΟ
1103 120 1126 174 Ῑ.
1151 116 1223 175 sis.
1699 113 1700 117 ’
1848 70 1910 178 557

266 302 536 367 remunerationis
564 322 675 367 amore
704 301 876 389 prebemus
906 322 1092 382 assensum,
1120 300 1135 385 ξ
1161 300 1196 364 id
1218 299 1314 366 nobis
1337 299 1435 366 etad
1457 303 1615 386 presentis
1637 303 1702 387 vite
1732 302 1910 389 tranquilli-

266 414 363 469 tatem
387 414 421 469 et
442 404 486 470 ad
507 405 615 490 future
644 404 883 471 indeficientem
911 404 1050 488 gloriam
1079 404 1242 469 credimus
1271 404 1484 489 profuturum.
1530 405 1737 492 Quapropter
1767 406 1910 471 omnium

263 517 399 574 sanctae
423 508 476 576 dei
499 509 658 594 ecclaesie
682 508 826 574 fidelium
850 518 916 573 tam
940 509 1144 593 presencium
1168 529 1265 593 quam
1288 508 1469 573 futurorum
1491 510 1617 573 noverit
1638 508 1809 592 industria,
1834 513 1911 596 quia

263 613 350 676 servi
379 611 432 678 (lei
461 636 504 678 ex
531 630 689 679 monasterio
719 628 790 678 beati
818 627 890 677 Petri
918 626 1098 692 apostolorum
1127 604 1254 691 principis
1279 612 1455 675 constituto
1479 628 1506 675 in
1529 627 1627 692 oppido
1650 627 1818 678 Bremedensi
1842 629 1911 680 inter

230 729 367 781 sisium
383 736 410 782 er
424 732 548 782 menum
570 726 716 782 nostram
738 714 940 800 imperialem
963 715 1112 780 adierunt
1130 714 1346 796 clementiam,
1369 725 1405 779 ut
1421 715 1602 800 predictum
1621 734 1815 794 murmurium,
1839 733 1909 798 quod

262 834 337 898 prius
359 850 376 881 ιι
399 840 517 898 tempore
541 834 629 885 Caroli
659 819 910 884 reverentissimi
941 833 1067 897 principis
1089 847 1171 897 prope
1194 832 1274 897 alpes
1297 826 1454 882 statutum
1477 828 1527 883 est
1549 835 1576 882 in
1598 834 1657 885 loco
1680 834 1820 885 Noualicio
1843 851 1908 886 ιιιιιι-

260 933 386 1002 cupato⁸
415 944 441 989 et
463 938 630 1003 postmodum
653 919 869 988 Saracenorumb
897 938 1080 1001 persecutione
1102 937 1255 986 imminente
1277 920 1319 984 ab
1343 936 1486 988 adelberto
1509 938 1558 987 deo
1582 938 1677 988 devoto
1700 939 1851 989 marchione
1875 939 1908 989 ad

261 1041 390 1106 oppidum
413 1043 564 1092 eremorum
587 1041 743 1092 translatum
765 1026 902 1109 videtur,
926 1034 1057 1089 nostrae
1079 1023 1260 1109 augustalis
1283 1025 1454 1109 potestatis
1480 1021 1644 1111 precept[o
1669 1026 1761 1091 iuxta
1782 1026 1906 1110 do]mni

262 1127 420 1193 Iohannis
443 1130 534 1194 tercii
558 1128 675 1193 decimi
698 1128 805 1214 pap[e]
828 1127 1031 1214 spiritualis⁰
1054 1128 1157 1213 patris
1179 1129 1281 1191 nostri
1306 1124 1564 1214 [immu]nitatem
1580 1139 1612 1193 et
1628 1145 1759 1210 privilegii
1775 1151 1907 1194 conces·

206 1243 242 1290 10
264 1233 391 1296 sionem
413 1234 540 1296 munire
562 1241 595 1296 et
617 1249 743 1298 roborare
766 1232 983 1316 dignaremur.
1030 1230 1176 1311 Quorum
1199 1246 1250 1311 piis
1279 1231 1491 1315 petitionibus
1521 1248 1641 1298 faventes
1663 1264 1709 1313 per
1732 1250 1907 1298 interventum

260 1346 374 1420 nostre
398 1338 602 1421 serenissime
626 1337 773 1420 coniugis
797 1334 954 1418 Adelcide
978 1344 1115 1418 auguste
1138 1344 1170 1398 et
1193 1351 1320 1399 carissimi
1344 1337 1577 1420 consanguinei
1606 1354 1689 1401 nostri
1712 1352 1869 1402 Theudorici
1892 1370 1908 1400 a

260 1456 390 1506 Metanoia
412 1456 524 1522 ecclesie
546 1438 776 1507 reverentissimi‘l
799 1455 914 1520 presulis
937 1454 1022 1504 eidem
1045 1460 1136 1504 sancto
1166 1439 1363 1509 monasterio
1387 1455 1572 1505 confirmamus
1596 1461 1622 1505 et
1644 1457 1835 1509 coroboramus,
1854 1473 1907 1506 om·

261 1552 332 1609 ιιιιιιις
355 1575 398 1609 res
420 1565 447 1609 et
468 1533 648 1623 possessiones
670 1575 722 1625 qne
744 1559 778 1608 ab
801 1559 876 1607 initio
899 1542 946 1608 illl
969 1560 1102 1623 pertinent
1124 1564 1150 1608 et
1163 1564 1274 1627 ,usque
1297 1544 1330 1606 in
1352 1543 1449 1608 finem
1479 1561 1610 1624 pertinere
1640 1559 1750 1621 dehent,
1780 1561 1836 1609 sive
1854 1575 1908 1624 ¹per

261 1669 353 1728 sancte
383 1664 508 1728 memorie
537 1678 628 1728 regum
658 1667 684 1713 et
712 1662 863 1728 reginarum
891 1655 1078 1711 ιιιιιιιὶιιιοιιιιιθ
1106 1663 1162 1712 sive
1190 1678 1238 1727 per
1260 1662 1441 1712 marchionum
1463 1667 1490 1711 et
1512 1663 1637 1711 comitum
1660 1678 1707 1712 seu
1729 1662 1908 1728 quorumlibet

206 1759 242 1807 15
261 1766 361 1816 Christi
391 1766 508 1817 fidelium
538 1768 721 1817 concessiones
749 1781 796 1816 seu
825 1767 904 1816 stiam
933 1781 980 1830 per
1009 1768 1220 1831 comparationes
1248 1772 1274 1817 et
1305 1768 1523 1816 commutationes
1552 1772 1578 1816 et
1607 1766 1740 1832 quaslibet
1770 1768 1907 1831 pactiones

261 1872 451 1935 oportunitatis
469 1870 501 1920 de
519 1871 599 1920 rebus
621 1870 765 1920 mobilibus
787 1874 814 1919 et
835 1869 1016 1927 immobilibus
1038 1855 1072 1917 ln
1095 1871 1171 1919 terris
1194 1871 1278 1920 vineis
1301 1872 1400 1935 campis
1423 1871 1498 1921 silvis
1520 1872 1627 1936 pascuis
1649 1872 1725 1935 arenis
1748 1870 1910 1921 molendinis-

260 1975 385 2039 piscariis
407 1975 472 2039 ripis
494 1973 586 2023 salinis
610 1953 843 2023 habitationibusf
862 1965 999 2022 edificiisg
1022 1978 1048 2022 et
1071 1973 1186 2022 castellis
1209 1974 1292 2023 servis
1315 1979 1342 2024 et
1363 1974 1467 2024 ancillis
1489 1974 1580 2024 liberis
1604 1957 1708 2038 ιιιιῃιιι11
1736 1975 1907 2039 asscripticiis

259 2084 338 2126 (tum
360 2077 453 2127 usibus
476 2083 503 2126 et
524 2076 671 2127 redditibus
695 2062 771 2124 suls.
818 2074 918 2126 Cellam
947 2091 1052 2141 quoque
1080 2076 1211 2125 vocabulo
1241 2079 1325 2126 sancti
1353 2077 1458 2142 Andree
1484 2079 1512 2125 in
1535 2078 1642 2127 civitate
1665 2077 1823 2127 Tanrinensi
1847 2093 1904 2127 curu

261 2166 413 2230 omnibus
442 2167 507 2229 suis
536 2181 703 2245 pertinentiis
730 2185 757 2230 st
785 2180 872 2229 omnia
900 2195 951 2245 que
973 2196 990 2227 ιι
1013 2181 1171 2229 inonasterio
1203 2182 1287 2230 sancti
1317 2180 1389 2231 Petri
1416 2181 1531 2245 apostoli
1559 2181 1630 2245 apud
1653 2181 1817 2231 Noualitium
1841 2183 1908 2230 citra

206 2274 242 2322 20
260 2280 390 2333 montes
411 2277 443 2332 et
466 2283 535 2332 ultra
558 2289 659 2333 montes
688 2269 859 2352 pertinent,
888 2268 995 2332 modis
1025 2267 1174 2332 omnibus
1205 2269 1450 2350 confirmamus,
1479 2268 1725 2332 interminantes
1753 2278 1789 2332 ut
1817 2267 1907 2332 nulla

261 2371 430 2436 hominnm
458 2394 579 2456 magna
606 2392 773 2457 parvaque
802 2392 944 2455 persona
972 2366 1110 2434 audeati
1141 2370 1286 2455 quolibet
1314 2380 1458 2455 tempore
1487 2370 1641 2436 abbatem
1664 2382 1697 2435 et
1720 2394 1831 2436 servos
1854 2370 1905 2435 dei

261 2473 400 2558 predicti
431 2475 620 2539 monasterii
652 2472 817 2539 molestari
847 2470 925 2536 vell
951 2473 1155 2536 invasionem
1178 2481 1210 2537 et
1231 2473 1421 2543 violentiam
1443 2473 1506 2539 illis
1530 2484 1563 2538 et
1584 2474 1770 2540 hominibus
1794 2497 1906 2539 corum
1966 2537 1967 2541 ,

260 2578 383 2642 inferre
401 2577 453 2642 vel
473 2577 516 2641 ad
534 2577 700 2662 publicum
724 2578 897 2642 servicium
920 2585 951 2639 et
973 2573 1131 2658 placitum
1153 2596 1210 2639 eos
1233 2575 1440 2660 protraherc¹
1464 2579 1532 2642 sine
1555 2579 1641 2641 iusta
1664 2587 1696 2641 et
1718 2576 1905 2642 rationabili

261 2703 379 2763 causa,
415 2682 472 2745 sed
502 2681 601 2746 liceat
629 2683 675 2746 eis
704 2682 866 2766 suisquem
890 2678 1135 2743 successoribus
1159 2701 1287 2764 semper
1309 2695 1343 2745 ni
1365 2696 1469 2746 laudem
1493 2702 1519 2745 et
1540 2696 1651 2762 gloriam
1675 2681 1905 2765 omnipotentis

207 2797 242 2845 tt
262 2784 314 2848 dci
339 2785 445 2870 quiete
469 2794 501 2849 et
523 2785 660 2870 pacifice
683 2786 793 2848 vivere
822 2799 871 2849 sub
894 2797 1024 2863 imperiali
1047 2799 1172 2863 regiaque
1201 2785 1360 2867 tuicione,
1389 2784 1536 2868 re[mo]ta
1566 2786 1709 2850 omnium
1737 2784 1904 2850 hominum

260 2888 492 2973 inquietudine.
538 2887 572 2954 si
597 2890 768 2975 quievero
793 2882 1039 2971 contrah[anc]
1072 2896 1216 2950 nostram
1246 2888 1447 2973 imperialem
1475 2890 1717 2976 preceptionem
1746 2911 1843 2973 agere
1871 2891 1904 2952 in

261 2990 407 3077 quolibet
422 3001 541 3056 temere
558 2992 774 3076 presumserit,
798 2993 906 3055 sciat¹¹
930 3015 963 3056 se
979 3013 1044 3055 non
1061 2988 1165 3055 solum
1182 3001 1293 3076 sancte
1316 2993 1462 3078 Romane
1486 2995 1599 3057 matris
1621 2993 1758 3077 ecclesie
1781 2992 1902 3057 iudicio

260 3098 548 3162 excomunicatum
577 3108 675 3183 atque
705 3097 911 3178 damnatum,
941 3119 1054 3161 verum
1085 3098 1186 3184 ctiam
1212 3097 1469 3181 compositurum
1499 3118 1640 3182 poenam
1668 3098 1904 3182 quinquaginta

258 3200 415 3266 librarum
444 3202 515 3265 auri
545 3201 674 3285 optimi,
705 3199 911 3265 medictatem
940 3222 1052 3265 carum
1082 3199 1299 3284 persolvendo
1329 3200 1463 3284 kamere
1487 3209 1620 3284 nostre⁰
1642 3210 1674 3266 et
1696 3199 1903 3265 medictatem

211 3321 243 3370 so
260 3313 433 3388 pretaxato
463 3313 576 3367 sancto
607 3303 831 3367 Brementensi
861 3305 1057 3368 monasterio
1087 3312 1120 3366 et
1147 3302 1317 3367 monachis
1346 3305 1425 3368 eius.
1471 3301 1569 3384 Quod
1597 3312 1632 3368 ut
1655 3305 1762 3367 verius
1793 3302 1902 3366 creda-

259 3419 311 3473 tur
333 3419 366 3472 et
388 3407 430 3471 ab
455 3406 604 3472 omnibus
628 3415 816 3471 asservetur
828 3414 849 3487 ⁰,
884 3428 983 3471 manu
1012 3408 1144 3492 propria
1171 3405 1397 3472 roboravimus
1423 3416 1598 3492 nostroque
1625 3406 1723 3471 anulo
1751 3407 1903 3471 iussimus

260 3511 406 3597 sigillari.

362 3669 376 3750 ξξ
399 3665 534 3750 Signum
557 3665 668 3731 domni
693 3663 823 3730 Ottonis
845 3667 1050 3752 imperatoris
1075 3666 1211 3730 serenis·
1236 3667 1324 3746 (ΜΡ.)
1350 3666 1421 3729 simi
1445 3666 1622 3749 augustie

361 3788 375 3870 }{
397 3786 511 3851 Petrus
533 3784 755 3850 kancellarius
778 3786 928 3850 advicem
945 3786 1083 3851 Huberti
1106 3788 1277 3872 episcopi⁰
1299 3796 1332 3850 et
1354 3784 1635 3850 archikancellarii
1658 3787 1849 3870 recognovit
1872 3795 1903 3849 et

209 3904 240 3952 ³5
259 3891 462 3975 subscripsit.
1783 3892 1839 3970 (SI.
1853 3891 1903 3970 D.)

363 4045 476 4108 Datal'
499 4044 565 4109 kal.
581 4045 679 4110 madii
700 4068 785 4110 anno
804 4046 964 4130 dominice
981 4048 1221 4110 incarnacionis
1244 4061 1478 4126 Dccccnxxffl,
1501 4045 1678 4110 indictione
1694 4063 1752 4126 xv,
1775 4046 1900 4130 imperii

259 4149 370 4213 domni
390 4148 520 4215 Ottonis
536 4167 583 4230 xl,
607 4151 683 4214 item
704 4147 834 4214 Ottonis
851 4168 889 4231 νς
912 4160 1021 4215 aetum
1038 4154 1124 4215 iusta
1139 4150 1311 4215 basilicam
1327 4151 1432 4213 sancti
1448 4147 1640 4213 Marcellisa
1661 4147 1765 4233 plebis
1790 4157 1901 4232 sancte

257 4254 406 4336 Romane
429 4253 576 4337 ecclesie.

346 4457 403 4511 ius.
431 4455 542 4526 [Siclsel]
646 4461 671 4522 a)
688 4459 771 4510 durch
788 4459 1037 4524 thayachmebsass
1055 4477 1072 4510 u
1090 4477 1155 4510 com.
1174 4477 1222 4510 oue
1239 4465 1390 4526 noncupato
1494 4460 1522 4521 b)
1542 4474 1608 4510 corr.
1626 4476 1673 4509 aus
1690 4459 1901 4522 Sarracenorum,

208 4530 241 4575 40
430 4526 516 4577 indam
534 4527 583 4578 dos
599 4530 685 4578 nocue
709 4545 720 4577 r
743 4530 789 4578 mis
810 4527 1013 4594 lileuuyrpanlct
1031 4529 1151 4580 varedeo
1168 4531 1201 4578 ist
1305 4528 1330 4596 c)
1346 4529 1475 4593 spitualis,
1495 4544 1559 4591 oms,
1579 4544 1632 4594 ure,
1655 4531 1697 4594 epi
1721 4526 1785 4578 chus
1803 4527 1901 4578 risur-

429 4595 608 4661 maqszeichers
705 4598 732 4655 d)
749 4613 826 4647 mcor
844 4599 1003 4648 emradirtes
1022 4615 1051 4648 ec
1148 4597 1172 4663 e)
1188 4596 1271 4648 durch
1288 4597 1537 4661 dtcreeschriedmss
1554 4614 1570 4646 u
1590 4613 1655 4647 corr.
1675 4613 1722 4646 oua
1740 4599 1902 4647 monimenta

429 4666 535 4727 beor-r.
552 4683 600 4716 um
622 4668 792 4717 habitationis
895 4670 924 4733 g)
944 4684 958 4717 c
981 4684 1046 4718 corr.
1065 4682 1112 4716 uus
1137 4674 1145 4716 t
1250 4667 1277 4727 h)
1296 4674 1307 4717 t
1330 4682 1396 4717 corr.
1415 4683 1462 4715 our
1485 4666 1502 4715 d
1605 4668 1625 4730 i)
1643 4681 1709 4716 corr.
1726 4683 1774 4715 aas
1797 4666 1901 4716 audead

431 4734 459 4801 Ιι)
475 4749 552 4785 cosor
575 4735 656 4786 drisci
683 4734 888 4800 Tileunpspualct
910 4736 1020 4801 uneiltie
1042 4735 1165 4785 mkldrtes
1189 4753 1204 4786 a
1307 4737 1327 4800 l]
1345 4734 1428 4785 durch
1452 4733 1635 4799 Nccbtrayune
1658 4750 1707 4785 oon
1730 4735 1748 4784 lr
1770 4750 1836 4783 corr.
1855 4751 1902 4784 cres

432 4809 564 4868 protracte
667 4808 702 4865 ιιι)
721 4820 798 4854 sucos·
814 4803 903 4855 Rosur
1004 4810 1031 4866 ιι)
1051 4821 1117 4854 corr.
1136 4822 1183 4854 aus
1201 4805 1266 4866 siad,
1286 4804 1371 4854 tndem
1389 4820 1404 4853 c
1421 4803 1483 4854 {thor
1499 4803 1546 4854 der
1558 4803 1627 4853 Zeila
1643 4803 1830 4868 aeclesis-aeon
1848 4803 1902 4853 und

431 4890 494 4938 din
512 4898 522 4939 t
539 4889 693 4940 omouudelt
711 4889 798 4939 sorar-de
903 4892 927 4953 o)
945 4889 967 4939 A
985 4895 1046 4940 stati
1064 4891 1218 4940 observetur
1320 4890 1348 4954 p)
1367 4889 1435 4939 th
1539 4890 1566 4954 q)
1584 4888 1614 4939 Δ.
