4298 6414
246 464 309 529 622
840 471 1293 530 ΚΑΙΒΕΒΠΒΚΗΝΒΕΝ.

246 656 307 718 orit
328 652 455 717 cunctis
472 650 591 716 Christi
615 650 814 737 pauperibus
829 651 1022 717 beneficium
1046 651 1111 716 illic
1128 674 1258 737 semper
1278 653 1337 718 fiat
1359 653 1624 738 receptaculum:
1644 653 1691 717 ad
1710 652 1768 717 boe
1783 658 1866 721 erun

246 767 281 820 ut
307 755 424 819 fratres
448 754 576 820 cenobii
605 757 708 841 ipsius
737 778 823 819 nunc
853 755 931 820 inibi
955 758 1146 841 congregati
1174 766 1206 821 et
1235 755 1341 821 adhuc
1370 759 1403 821 in
1427 754 1561 821 Christo
1590 757 1818 841 congregandi,
1840 774 1865 825 nt

245 859 378 923 liberius
408 858 539 923 domino
570 857 632 923 deo
662 860 695 923 in
726 868 839 922 sancte
868 858 1080 943 professionis
1110 860 1282 923 securitate
1306 860 1428 923 servire
1458 860 1602 943 possint,
1631 859 1804 925 haimon
1821 883 1865 926 eos
1896 930 1906 955 ·

244 962 393 1027 libertate
417 962 553 1026 donavit
574 971 625 1043 ut,
657 961 919 1047 quandocunque
942 964 1025 1047 patri
1050 984 1108 1026 suo
1139 960 1300 1046 spirituali
1329 959 1464 1026 urbatid
1491 961 1631 1041 fuerint,
1660 964 1722 1048 ipsi
1748 962 1864 1030 babeant

243 1066 380 1131 liberam
404 1075 598 1151 potestatem
629 1065 806 1130 secundum
836 1065 982 1148 regulam
1012 1065 1117 1129 sancti
1145 1062 1316 1129 Benedicti
1349 1067 1435 1129 inter
1464 1087 1500 1128 se
1522 1065 1575 1130 vel
1603 1065 1821 1151 undecunque,
1842 1072 1884 1132 sis

246 1191 327 1254 opus
352 1169 460 1251 fuerit,
484 1168 637 1233 abbatem
662 1168 723 1233 sibi
750 1168 890 1250 eligendi
922 1166 1003 1231 sed⁰
1026 1169 1129 1233 eciam
1159 1166 1391 1249 constituendi,
1421 1190 1519 1253 quem
1546 1167 1626 1232 dum
1655 1169 1767 1233 iratres
1790 1193 1860 1255 regu·

243 1274 355 1339 lariter
382 1272 522 1356 eligant,
552 1271 669 1337 dehinc
699 1283 735 1336 ut
763 1273 846 1337 solet
874 1270 1091 1335 constituendi
1120 1293 1193 1335 eum
1223 1272 1257 1335 iu
1285 1271 1384 1336 choro
1414 1274 1608 1336 monasterii
1634 1276 1817 1338 conveniant
1837 1291 1860 1341 et

244 1400 308 1441 una
332 1376 419 1440 clero
444 1385 542 1461 atque
566 1374 687 1461 populo
711 1374 916 1461 presentibus
940 1376 1116 1440 sanctuarii
1144 1375 1253 1460 ipsum
1280 1373 1460 1439 secundum
1486 1396 1612 1439 morem
1634 1373 1859 1443 ecclesiasticum

244 1490 276 1543 et
291 1478 527 1543 monachorum
543 1478 811 1543 consuetudinem
827 1479 888 1542 rite
911 1477 1035 1563 absque
1059 1479 1204 1541 omnium
1226 1475 1492 1541 contradiccione
1515 1499 1652 1562 prorsus
1674 1480 1857 1561 constituant,

242 1582 295 1646 hic
318 1581 455 1645 subinde
479 1583 636 1646 canonice
660 1581 763 1646 abbas
788 1580 955 1646 ordinatus
985 1581 1054 1644 sine
1076 1579 1213 1643 alicuius
1237 1601 1374 1664 persone
1398 1580 1583 1645 donacione
1608 1590 1642 1644 et
1668 1581 1857 1666 inpedimento
1870 1600 1889 1643 n

243 1697 431 1770 susceptum
453 1687 666 1750 ministerium
698 1706 758 1770 pro
789 1706 888 1770 posse
914 1694 946 1747 et
972 1685 1055 1748 scire
1079 1705 1137 1749 suo
1160 1683 1284 1769 inpleat
1306 1684 1431 1769 solique
1454 1683 1516 1749 deo
1540 1684 1721 1751 secundum
1741 1687 1857 1754 ordinem

244 1812 337 1854 suum
368 1788 450 1853 liber
473 1790 595 1853 serviat
622 1787 823 1873 liberamque
847 1788 978 1852 omniuo
1002 1809 1109 1851 rernm
1138 1786 1199 1852 sibi
1228 1788 1476 1852 commissarum
1505 1789 1540 1852 in
1561 1784 1694 1852 [bristo
1716 1788 1856 1875 disponen-

242 1892 356 1956 darum
380 1892 466 1955 intus
490 1901 522 1955 ct
544 1890 624 1955 foris
648 1900 844 1975 potestatem
868 1891 1006 1973 habeat3
1031 1894 1131 1977 quisi
1155 1892 1239 1956 forte
1262 1902 1369 1977 preter
1390 1895 1623 1957 necessitatem
1646 1898 1818 1961 monasarii
1835 1912 1857 1962 et

241 2017 446 2060 communem
469 1995 604 2059 fratrum
628 1994 802 2059 utilitatem
825 1995 1003 2079 sacrilegos
1017 1992 1040 2076 ⁶,
1065 1994 1153 2080 quod
1170 1995 1273 2078 absit,
1302 1993 1506 2061 Ιὶοθιιοίοεοἆ
1529 2005 1564 2060 et
1586 1996 1773 2063 seculariter
1790 1999 1857 2065 abuti

240 2101 474 2185 presumpserit
496 2099 645 2162 instituta
667 2096 817 2162 libertate
839 2097 963 2162 familia
986 2098 1083 2163 rebus
1106 2098 1242 2164 bonisve
1265 2100 1452 2180 sanctuarii,
1479 2110 1513 2165 et
1536 2098 1578 2164 ob
1603 2097 1639 2164 id
1658 2100 1787 2166 fram
1806 2124 1858 2186 pre
1871 2116 1890 2161 15

240 2204 459 2268 rnonicionem
483 2210 717 2284 contempnens
741 2199 783 2264 ad
806 2222 898 2264 stram
923 2223 1119 2286 suorumque
1142 2204 1304 2286 privatam
1327 2202 1540 2287 cupiditatem
1563 2214 1598 2268 et
1620 2203 1746 2269 libitum
1765 2216 1859 2271 temere

241 2305 466 2389 dissipaverit,
499 2303 550 2367 vel
579 2304 606 2366 si
628 2302 788 2367 beneficia
812 2302 952 2388 quibus‘
977 2306 1125 2389 personis
1148 2327 1213 2370 non
1236 2308 1429 2371 necessariis
1452 2309 1642 2372 monasterii
1665 2309 1765 2393 ipsius
1784 2311 1860 2373 servi-

239 2408 364 2473 toribus
395 2408 585 2492 prostiterit,
615 2416 672 2470 aut
701 2407 727 2470 si
757 2407 922 2492 episcopis
945 2417 1002 2471 aut
1025 2407 1273 2494 quibuscunque
1301 2411 1448 2495 personis
1477 2412 1704 2475 consentaniis
1729 2414 1861 2490 annuerit

239 2513 265 2575 si
294 2512 377 2575 forte
408 2510 592 2575 libertatem
614 2511 802 2574 monasterii
832 2520 1015 2595 pervertere
1046 2509 1172 2597 sibique
1199 2511 1309 2576 locum
1332 2521 1481 2578 sanctum
1504 2512 1656 2578 subicere
1682 2515 1863 2598 temptaverit

239 2616 306 2679 sive
329 2615 463 2700 aliquod
486 2614 657 2677 servicium
681 2611 755 2676 inde
774 2613 843 2677 fieri
858 2614 1012 2697 exigerit:
1036 2636 1114 2678 mox
1129 2614 1248 2679 fratres
1264 2614 1309 2680 ibi
1326 2617 1359 2679 in
1376 2614 1505 2681 Christo
1522 2618 1717 2702 congregati
1730 2639 1799 2681 cum
1814 2618 1863 2681 sut·
1876 2627 1897 2673 ἐϋ

238 2719 343 2804 fragio
368 2718 446 2782 cleri
477 2717 583 2781 tocius
611 2715 733 2779 familie
757 2724 790 2779 et
814 2719 957 2780 omnium
980 2716 1138 2781 bonorum
1164 2719 1224 2781 rite
1249 2717 1333 2782 hunc
1356 2728 1548 2784 accusatum
1578 2722 1727 2804 iusteque
1753 2743 1786 2785 ae
1804 2742 1865 2784 con-

236 2824 357 2886 victum
388 2821 547 2905 dignitate
576 2818 722 2883 abiciant
749 2818 912 2904 aliumque
941 2822 1035 2884 iuxta
1069 2821 1250 2906 predictam
1281 2821 1465 2886 libertatem
1494 2832 1527 2887 et
1557 2824 1664 2886 sancti
1691 2822 1867 2887 Benedicti⁸

237 2924 376 2991 electum
400 2924 524 3009 absque
548 2924 635 2987 omni
659 2922 923 2987 contradiccione
953 2923 1162 2988 substituant.
1207 2923 1299 2989 Idem
1322 2924 1473 2989 dominus
1496 2935 1528 2988 et
1550 2925 1614 2990 hoc
1637 2928 1815 3008 constituit,
1839 2937 1869 2990 ut

236 3028 340 3094 abbas
357 3026 501 3112 predicto
518 3025 599 3090 celle
615 3047 689 3089 cum
705 3025 842 3090 consilio
860 3025 996 3091 fratrum
1013 3048 1155 3108 suorum,
1181 3029 1207 3091 si
1227 3050 1309 3114 opus
1333 3028 1439 3111 fuerit,
1462 3027 1564 3093 libere
1587 3038 1702 3114 aptum
1725 3041 1759 3095 et
1774 3028 1869 3095 utilem

237 3130 433 3196 advocatum
457 3128 602 3193 eiusdem
625 3125 860 3211 cognacionis¹1
889 3129 944 3214 qui
967 3128 1028 3193 sibi
1052 3129 1211 3214 placuerit
1233 3129 1349 3213 eligat,
1378 3132 1432 3216 qui
1462 3151 1527 3195 non
1557 3152 1618 3215 pro
1648 3143 1776 3196 terreno
1796 3139 1903 3196 com-2⁵

235 3233 333 3300 modo
357 3232 415 3297 sed
438 3254 497 3317 pro
518 3241 629 3295 eterna
652 3229 801 3294 mercede
825 3230 971 3296 solicitus
994 3241 1027 3295 et
1050 3232 1215 3298 studiosus
1237 3233 1326 3298 bona
1349 3244 1381 3297 et
1397 3244 1590 3298 consuetam
1609 3237 1871 3321 constitutamque

234 3337 423 3404 tironasterii
453 3334 636 3400 libertatem
663 3343 697 3397 et
724 3335 887 3397 iusticiam
916 3333 1089 3400 defendere
1112 3335 1266 3419 voluerit3
1295 3337 1349 3400 hic
1378 3336 1517 3421 denique
1539 3336 1673 3423 quando
1704 3335 1872 3403 neccesse‘

235 3442 341 3521 luerit,
366 3438 627 3526 quandocunque
650 3436 764 3501 abbati
786 3437 958 3519 videbitur,
988 3439 1145 3503 invitatus
1172 3439 1214 3503 ab
1245 3438 1300 3504 illo
1323 3441 1434 3504 veniat
1461 3450 1493 3503 et
1515 3439 1561 3505 ibi
1584 3439 1744 3525 placitum
1765 3443 1872 3506 iustum

234 3566 292 3631 pro
315 3542 426 3609 causis
455 3551 488 3606 ct
510 3539 780 3605 neccessitatibus
803 3541 990 3604 monasterii
1013 3542 1074 3605 rite
1097 3550 1249 3626 peragat,
1277 3541 1402 3607 nullum
1425 3551 1535 3606 autem
1558 3545 1728 3608 servitium
1756 3546 1804 3608 ius
1824 3554 1873 3608 aut

233 3646 427 3711 bonolioiuur
450 3644 511 3708 sibi
536 3665 594 3728 pro
619 3643 681 3707 hoc
707 3642 842 3706 concedi
866 3654 1082 3727 recognoscat
1105 3646 1166 3708 nisi
1191 3643 1299 3709 divine
1321 3645 1549 3710 retribucionis
1573 3648 1752 3732 premium3
1780 3647 1871 3712 isdem
1886 3656 1909 3700 ³⁰

233 3752 317 3815 euim
349 3748 532 3813 advocatus
563 3748 624 3811 nisi
651 3745 772 3810 abbate
794 3745 924 3810 volente
952 3757 985 3811 et
1013 3748 1196 3812 advocante
1224 3748 1312 3813 bona
1341 3759 1374 3814 et
1403 3750 1477 3813 loca
1507 3751 1697 3815 monasterii
1728 3752 1794 3815 suis
1819 3750 1872 3814 fre·

231 3854 377 3941 qrnmciis
400 3852 592 3917 temerarius
616 3858 648 3912 et
672 3850 741 3912 sine
764 3871 865 3913 causa
887 3851 1017 3914 minime
1040 3851 1140 3916 adeat
1162 3850 1215 3916 vel
1238 3855 1380 3937 attingat
1402 3874 1463 3918 nec
1485 3863 1757 3938 presumptuosus
1780 3855 1872 3918 ineis

233 3958 387 4045 prlrvoituur
413 3953 584 4043 quodlibet
607 3952 658 4016 vel
681 3950 837 4016 noctandi
866 3952 1029 4017 licentiam
1058 3953 1178 4018 habeat
1200 3954 1252 4019 vel
1281 3955 1542 4020 subadvocatum
1565 3978 1625 4040 per
1648 3979 1684 4020 se
1707 3958 1823 4040 iaciat3
1849 3961 1871 4022 si

230 4074 336 4129 suanm
369 4084 433 4125 nou
461 4069 496 4123 ut
526 4057 708 4122 advocatus
738 4055 796 4119 sed
824 4057 933 4138 potius
957 4056 1196 4141 calumpniator
1224 4067 1256 4121 et
1286 4056 1525 4143 pervasorumd
1554 4063 1746 4125 monasterii
1775 4061 1871 4143 luerit,

230 4170 362 4233 ‹rrrruiun
388 4172 583 4251 potestatem
608 4159 712 4224 abbas
736 4157 857 4222 habeat
879 4181 951 4223 cum
975 4159 1111 4225 consilio
1135 4162 1269 4226 fratrum
1294 4161 1379 4227 hunc
1402 4163 1579 4248 reprobare
1603 4175 1635 4229 et
1658 4164 1760 4229 alium
1782 4165 1872 4230 uude·
1886 4176 1912 4223 ³5

229 4294 356 4359 ounqru·
388 4268 547 4355 placuerit
576 4264 705 4347 eligere.
751 4259 928 4326 Constituit
956 4264 1058 4327 eciam
1083 4266 1135 4348 qui
1166 4286 1265 4350 supra
1294 4276 1326 4329 et
1353 4288 1414 4330 nos
1444 4268 1546 4352 ipsius
1576 4270 1740 4352 peticione
1764 4270 1872 4333 consti·

229 4380 348 4443 tniuuns
365 4372 464 4461 quid,
490 4371 515 4433 si
536 4368 699 4454 quispiam
724 4386 989 4451 quarumcunque
1006 4388 1218 4450 personarum
1236 4369 1311 4433 licet
1326 4391 1424 4434 unam
1440 4371 1580 4453 vineam,
1604 4393 1706 4435 unum
1721 4394 1872 4454 mansum,

229 4504 326 4547 ιιιιιιιιι
360 4474 582 4543 umlnrulinurn
616 4480 672 4535 aut
705 4468 820 4532 saltem
850 4492 948 4533 unuin
980 4471 1177 4555 mancipium
1205 4470 1256 4535 vel
1286 4471 1352 4535 tale
1382 4471 1506 4556 aliquid
1534 4496 1555 4538 a
1584 4473 1775 4558 supradicta
1797 4474 1873 4539 cella

229 4588 345 4653 iuiuatn
374 4577 561 4657 ulutulorit,
593 4571 649 4639 ct‘1
678 4574 781 4636 nostri
810 4582 1061 4658 nostrorumque
1090 4574 1180 4658 regia
1209 4582 1371 4658 potestate
1395 4588 1530 4640 coactus
1561 4578 1631 4640 auri
1655 4577 1814 4642 talentum
1835 4576 1874 4642 ad

225 4690 381 4757 narni-inm
407 4684 493 4765 nqis
519 4678 699 4767 persolvat,
732 4677 880 4761 primitus
903 4675 1029 4740 reddito
1061 4677 1198 4741 ecclesie
1228 4677 1316 4763 quod
1346 4679 1528 4760 invaserat3
1561 4679 1588 4741 si
1619 4701 1697 4744 vero
1720 4672 1916 4766 'quislibetn

226 4798 363 4871 illorum,
390 4786 478 4878 qrunl
502 4785 599 4865 absit,
624 4791 748 4846 curtem
772 4780 822 4843 vel
845 4779 987 4864 aliquam
1007 4779 1120 4844 villam
1137 4781 1213 4845 inde
1232 4779 1410 4846 volienteri
1434 4781 1670 4847 abalienaverit
1694 4787 1763 4849 sive
1779 4786 1873 4850 mani·

225 4906 325 4967 liuntur
360 4898 492 4962 irrvusor
524 4889 685 4952 bonorum
717 4886 819 4969 ipsius
850 4883 932 4947 cclle
953 4885 1129 4966 exstiterit,
1161 4896 1193 4948 et
1223 4885 1249 4947 si
1278 4884 1340 4949 hoc
1372 4893 1601 4950 testamentum
1631 4888 1823 4953 tradicionis
1845 4898 1874 4952 ct

224 5005 383 5073 illinuntur
415 5015 610 5085 ‹prorunquc
641 4991 770 5074 ingenio
795 5010 852 5052 seu
875 4997 1066 5069 argumento
1090 4987 1198 5072 legum
1224 4987 1419 5053 secularium
1441 4998 1624 5073 pervertere
1648 5000 1681 5054 et
1702 4991 1873 5076 infringere

223 5103 482 5194 „tumnpuwonit,
513 5108 644 5163 ceritum
673 5093 775 5159 libras
807 5092 875 5156 auri
904 5090 946 5154 ad
968 5093 1091 5173 regiam
1122 5088 1288 5175 persolvat
1322 5112 1487 5154 cameram
1517 5101 1550 5155 et
1579 5091 1697 5158 reddat
1728 5095 1873 5178 primitus

222 5214 360 5281 melmun
386 5203 565 5273 eorundum
595 5200 701 5284 legem
724 5195 813 5283 quod
836 5194 982 5258 ablatum
1012 5195 1116 5258 fuerat
1145 5203 1177 5257 ct
1200 5194 1246 5256 sic
1269 5194 1404 5257 intentio
1429 5192 1513 5257 illius
1538 5196 1670 5258 omnino
1693 5197 1915 5262 irritatas

225 5318 380 5387 tlurmtrin
412 5330 541 5399 quoquo
571 5315 602 5369 et
634 5301 755 5367 familie
791 5298 968 5363 sanctuarii
1003 5295 1140 5360 eandem
1173 5295 1382 5360 concedimus
1415 5295 1520 5381 legem
1556 5300 1745 5364 servitutem
1779 5322 1872 5386 quam

219 5439 327 5493 ,mna-n
345 5424 375 5486 iu
395 5438 495 5498 vogno
515 5420 625 5475 nostro
642 5405 742 5471 libere
759 5402 897 5467 abbacie
913 5400 1044 5482 liabent,
1068 5397 1125 5464 et¹¹
1148 5408 1239 5463 tanto
1256 5399 1418 5465 fideliores
1442 5399 1575 5485 prelatis
1599 5403 1667 5466 suis
1685 5424 1745 5487 per
1764 5406 1870 5468 omnia

220 5536 373 5601 aovi-utut.
425 5520 467 5585 tu
496 5525 606 5583 iuueni
637 5509 782 5596 predicte
810 5504 1000 5571 tradicionis
1023 5514 1055 5569 et
1076 5502 1236 5567 libertatis
1259 5513 1362 5567 status
1391 5515 1423 5568 et
1446 5505 1555 5568 omnia
1578 5513 1703 5570 statuta
1725 5506 1869 5591 predicta

310 5704 364 5757 ..pq
393 5700 420 5751 ,n
444 5696 461 5747 ,Ι
554 5687 756 5753 1¹):lstuttscu
845 5677 977 5743 OArtatt
995 5678 1195 5757 quibuscunque
1282 5677 1311 5757 gl
1328 5679 1494 5739 saeptam
1511 5677 1630 5741 regulam
1719 5677 1748 5741 h)
1765 5677 1797 5740 Δ,
1814 5677 1872 5729 otet-

392 5766 469 5819 atate
488 5777 538 5811 rins·
556 5752 733 5809 rwrvrluieiroa
750 5754 810 5800 rtatt
828 5748 1046 5813 congregacionis
1134 5744 1154 5809 r)
1172 5742 1268 5794 Artott
1286 5745 1416 5795 violenter
1502 5743 1530 5807 k)
1549 5744 1572 5794 A
1591 5751 1653 5795 ’Μ
1671 5752 1707 5795 ut.
1888 5744 1919 5792 bil
