4298 6414
905 456 1030 513 erro
1052 458 1077 514 1.
1101 454 1173 511 967.
1797 445 1861 512 465

215 642 372 698 coronato
396 636 481 700 infra
504 637 606 721 ipsius
628 637 829 701 mansionem
854 635 1041 700 domnicata
1063 637 1118 722 qui
1141 644 1192 699 ost
1212 635 1368 701 fundatus
1398 645 1473 721 post
1500 636 1642 701 tribunal
1672 638 1859 701 monasterii

215 739 318 802 sancti
352 736 480 819 Seueri,
515 739 717 823 singulorum
747 738 915 803 hominum
945 740 1102 805 iustitiam
1130 738 1292 803 satiendas
1321 760 1360 802 ao
1392 736 1619 802 deliberandas
1649 740 1733 802 sieut
1760 738 1860 821 longa

216 838 416 904 consuetudo
441 841 605 923 designat,
638 840 873 907 rescidentibus
896 864 969 905 curn
993 843 1039 905 eis
1061 841 1299 922 Romanorum,
1322 841 1541 920 Francorum,
1564 839 1860 924 Langobardorum

216 952 310 1026 atque
335 941 499 1007 Saxorum
512 953 533 1026 ⁶,
562 942 810 1009 Allamanorum
832 965 950 1026 genus,
981 945 1064 1008 inter
1087 965 1144 1007 eos
1166 946 1264 1007 etiarn
1286 943 1319 1006 id
1343 954 1392 1007 est
1413 944 1560 1028 inprimis
1585 943 1723 1008 domnus
1745 944 1860 1007 Petrus

218 1047 421 1111 sanctissimo
445 1056 478 1112 ct
501 1049 690 1132 coangelico
715 1047 981 1131 archiepiscopus
1004 1056 1117 1110 saneto
1140 1047 1341 1111 Rauennatis
1365 1046 1511 1127 ecclesie,
1537 1044 1737 1131 Gualpertus
1755 1046 1859 1109 archi-

219 1149 392 1233 episcopus
420 1150 693 1233 Mediolanensis,
727 1149 896 1216 Rodaldus
927 1147 1158 1234 patriarchac‘l
1180 1149 1395 1235 Aquiliensis,
1429 1149 1649 1214 Landuardus
1676 1151 1860 1234 episcopus,

219 1249 370 1316 Otherius
386 1256 571 1339 episcopus,
589 1253 731 1319 Guidoni
749 1256 923 1339 episcopus
939 1254 1143 1334 Mutinensis,
1167 1252 1333 1317 Hubertus
1349 1254 1524 1337 episcopus
1541 1253 1733 1334 Parmensis,
1750 1253 1859 1316 Liutio

217 1355 391 1439 episcopus
415 1354 653 1437 Cremonensis,
685 1356 902 1421 Ernrenaldus
926 1360 1101 1442 episeopus
1123 1357 1293 1441 Regiensis
1317 1365 1446 1419 etcum
1469 1357 1515 1419 eis
1538 1354 1771 1420 ressidentibus
1795 1352 1860 1418 Od-

214 1455 325 1522 bertus
348 1458 511 1541 gloriosus
535 1460 680 1523 marchio
703 1469 736 1522 ot
757 1482 868 1525 comcs
892 1459 1032 1544 palatio,
1058 1458 1228 1523 Comedus
1251 1458 1335 1521 filius
1360 1455 1531 1522 Conradus
1553 1480 1628 1539 rex,
1656 1458 1768 1521 Bucco
1792 1457 1861 1520 dux

213 1566 245 1622 01
260 1582 380 1623 vassus
395 1561 583 1647 imperialis,
603 1561 797 1627 Adelramus
814 1562 969 1643 marchi0,
986 1561 1103 1625 Amico
1120 1563 1249 1640 comite,
1266 1560 1450 1645 Eriprando
1468 1563 1595 1639 comite,
1619 1559 1725 1644 Atltlo
1743 1561 1861 1623 comite

210 1662 417 1745 hlodcnensi,
440 1665 629 1730 Bernardus
646 1675 678 1729 et
692 1666 766 1749 Ugo
791 1689 846 1730 seo
864 1665 1009 1730 (luidoni
1032 1667 1196 1751 germanis
1219 1665 1304 1728 lilius
1328 1665 1493 1750 quondam
1517 1665 1719 1729 Mainlredus
1742 1666 1861 1729 comite

209 1768 354 1831 comitec
371 1768 567 1849 Parmensis,
593 1768 805 1853 Gand[ul]lus
821 1770 940 1834 comite
956 1769 1166 1850 Ueronensis,
1190 1769 1278 1833 Dato
1295 1767 1559 1847 lllediolanensis,
1584 1768 1745 1831 lohannes
1762 1766 1861 1832 iudex

207 1868 303 1932 urbis
326 1870 445 1951 Rome,
477 1871 631 1936 Stefanus
655 1872 859 1954 miculator⁰,
889 1872 1009 1936 Paulus
1032 1873 1131 1935 iudex
1153 1871 1243 1936 urbis
1266 1873 1438 1951 Rauenna,
1470 1871 1573 1935 Ursus
1598 1871 1697 1935 iudex
1719 1872 1861 1934 civitatis

210 1972 426 2054 Ferariensis,
449 1974 564 2038 Petrus
588 1975 727 2057 dativus,
751 1975 913 2040 lohannes
937 1974 1066 2039 dativus
1090 1976 1231 2038 civitatis
1248 1976 1458 2055 Ferariensis,
1482 1975 1552 2039 Leo
1570 1975 1700 2038 dativus
1719 1975 1861 2038 civitatis

214 2075 383 2157 Fauentia,
407 2077 523 2141 Petrus
547 2077 675 2141 dativus
697 2080 801 2162 ipsius
817 2080 959 2141 civitatis
976 2078 1185 2158 Ferariensis,
1211 2075 1363 2141 Stefanus
1382 2076 1522 2158 dativus,
1548 2076 1746 2161 Gualpertus
1762 2077 1861 2141 iudex

218 2177 409 2243 domnorum
442 2202 571 2263 regum,
608 2179 810 2262 Gualterius,
845 2179 994 2243 Astull'us
1024 2188 1056 2242 et
1084 2177 1202 2259 Acius,
1239 2178 1342 2242 Griffo
1373 2180 1471 2243 iudex
1502 2178 1610 2243 domni
1645 2181 1860 2264 imperatoris,

219 2279 327 2344 Petrus
351 2291 383 2345 ct
406 2281 547 2346 Seuerus
571 2284 625 2367 qui
648 2293 784 2347 vocatur
812 2284 921 2367 Sigizo
953 2281 1126 2346 comitibus
1155 2283 1335 2363 germanis,
1370 2281 1566 2346 Lambertus
1596 2304 1704 2347 comes
1733 2281 1801 2345 filio
1830 2292 1862 2345 et

220 2394 333 2467 nepote
357 2407 484 2468 eorum,
509 2384 674 2450 Gerardus
697 2397 729 2450 et
752 2386 897 2451 Erardus
921 2386 1084 2470 germanis
1108 2384 1297 2467 comitibus,
1327 2384 1492 2449 Guarinus
1516 2407 1626 2449 comcs
1648 2386 1860 2466 Ferariensis,

223 2483 368 2568 Aginoni,
392 2487 512 2551 Paulus
535 2497 567 2551 et
588 2488 702 2552 Petrus
726 2487 807 2570 dlux
830 2490 870 2553 de
893 2490 1115 2573 Trauersaria]
1130 2488 1149 2569 f,
1172 2489 1335 2553 lohannes
1359 2488 1437 2569 dux,
1461 2488 1623 2552 Iohannes
1647 2486 1793 2569 tablellio
1817 2487 1858 2570 ct]

224 2590 390 2669 carterius,
414 2588 546 2672 Sergius
569 2589 720 2671 tabellio,
750 2602 781 2654 et
809 2593 853 2657 ibi
876 2594 939 2657 fuit
961 2592 1101 2657 domnus
1125 2592 1289 2655 Iohannes
1313 2591 1444 2655 consule
1468 2600 1499 2654 ct
1522 2601 1615 2673 pater
1637 2592 1778 2654 civitatis
1801 2611 1861 2654 nec

224 2710 279 2753 non
309 2692 380 2755 Leo
410 2692 605 2756 cancellario
636 2696 690 2779 qui
719 2704 856 2759 vocatur
886 2697 926 2761 de
956 2695 1106 2761 Cisterna
1134 2706 1166 2760 et
1187 2743 1474 2759 ..............
1496 2704 1528 2758 01
1550 2694 1623 2759 aliis
1651 2695 1777 2759 ceteris.
1822 2693 1861 2757 In

221 2801 402 2856 nostrorum
426 2794 732 2879 suprascriptor[urn
756 2798 910 2881 omnium]
942 2800 1127 2883 pressiamss'
1155 2799 1315 2863 accedens
1344 2800 1566 2883 suprascripto
1596 2797 1734 2861 domnus
1758 2796 1861 2860 Ursus

220 2891 378 2975 gloriosus
408 2895 505 2961 iudex
536 2898 677 2961 civitatis
704 2899 907 2965 Ferariensis
936 2912 1112 2966 avocatore
1142 2902 1250 2965 domni
1280 2903 1366 2965 Petri
1399 2903 1596 2966 sanctissimi
1625 2911 1657 2963 et
1679 2900 1860 2984 coangelici

217 2992 466 3084 [archiepiscopi
490 3000 691 3065 Rauennatis
714 3002 850 3067 ecclesio
874 3005 1022 3090 a]pelans
1051 3018 1083 3070 et
1112 3005 1320 3090 proclamans
1351 3026 1408 3089 pro
1441 3027 1483 3067 ex
1514 3026 1653 3088 persona
1683 3002 1861 3088 supradicti

216 3096 329 3164 domni
345 3102 432 3165 Petri
454 3103 692 3190 archiepiscopi
718 3129 817 3191 supra
839 3108 1009 3172 Rainerins
1034 3109 1190 3172 diaconus
1213 3107 1298 3171 lilius
1322 3106 1486 3193 quondam
1502 3106 1719 3189 Tondegrirno
1743 3108 1861 3169 comite

209 3213 246 3266 et
261 3204 437 3287 lngelrada
452 3208 633 3271 comitissic
656 3209 777 3273 (luduin
800 3212 973 3296 iugalibus,
997 3234 1035 3275 eo
1060 3211 1148 3297 quod
1166 3213 1342 3281 iammante
1362 3232 1398 3273 os
1410 3207 1424 3246 ¹¹
1445 3220 1574 3293 tempus
1593 3211 1683 3273 venit
1700 3211 1770 3293 ipsc
1785 3208 1860 3272 Rai-

207 3308 324 3370 nerius
354 3306 512 3372 diaconus
542 3332 616 3374 cum
648 3333 705 3374 sua
735 3313 839 3376 forcia
861 3324 893 3377 et
918 3316 1064 3378 introivit
1086 3316 1119 3379 in
1142 3317 1215 3399 ipso
1238 3336 1310 3377 nreo
1335 3315 1502 3398 episcopio
1527 3323 1638 3377 sancte
1660 3313 1861 3376 Rauennatis

206 3410 352 3473 ecclesie
376 3413 520 3495 pervim
544 3422 576 3477 et
600 3414 788 3479 disviolavit
810 3439 915 3483 meam
939 3417 1048 3482 sedem
1074 3427 1106 3481 et
1129 3417 1297 3502 apreendit
1320 3439 1424 3479 meam
1449 3438 1621 3501 personam
1645 3424 1677 3478 ct
1700 3418 1787 3479 misit
1810 3438 1860 3479 mo

206 3512 247 3579 in
276 3515 409 3581 vincula
440 3518 527 3603 quod
556 3528 606 3582 est
633 3521 668 3584 in
696 3542 860 3584 carcerem
889 3531 921 3584 ot
948 3520 1033 3584 tullit
1064 3530 1250 3585 tensaurum
1274 3521 1313 3584 (10
1338 3516 1505 3605 melorum]
1532 3519 1743 3584 ecclesiarum
1766 3529 1798 3583 et
1821 3518 1861 3582 de

209 3638 289 3683 meo
319 3622 486 3705 episcopio
519 3622 607 3707 quod
636 3625 817 3687 inumerare
846 3647 911 3688 non
934 3635 1087 3708 possunt,
1118 3648 1156 3687 co
1181 3624 1269 3709 quod
1294 3624 1413 3688 ‘multis
1436 3623 1562 3687 vicibus
1587 3645 1607 3686 a
1629 3623 1723 3687 vobis
1746 3645 1798 3686 me
1821 3621 1861 3685 (10

212 3722 289 3807 ipso
313 3723 545 3807 proclamavit:
569 3729 601 3789 in
625 3728 730 3810 prima
753 3729 825 3791 viee
847 3728 881 3791 in
903 3726 992 3791 urbis
1015 3728 1117 3791 Rome
1143 3726 1265 3809 [coram
1288 3728 1395 3810 vobils
1420 3727 1558 3792 domnus
1581 3727 1744 3790 Iohannes
1769 3749 1860 3790 sanc-

208 3826 341 3889 tissimo
366 3849 494 3912 quoque
516 3837 549 3891 ct
574 3827 719 3912 [clerlum
743 3831 855 3914 ipsius,
879 3839 911 3892 et
934 3833 965 3893 in
986 3831 1131 3895 secunda
1146 3833 1217 3894 vice
1233 3834 1265 3893 in
1282 3830 1434 3894 bassilioe
1451 3832 1554 3893 sancti
1572 3828 1767 3913 Apolcnaris
1783 3850 1861 3912 pon·

210 3929 311 3992 tificis
340 3938 373 3992 ct
403 3930 520 3994 Christi
551 3934 690 3995 martiris
721 3936 774 4017 qui
805 3942 941 3996 vocatur
963 3934 1073 4015 Nouo,
1111 3934 1241 4019 quando
1269 3936 1301 3996 in
1324 3933 1438 3996 iuditio
1462 3935 1549 3996 etin
1572 3932 1715 4015 generali
1739 3932 1859 4017 placito

213 4031 435 4113 ressideblant
458 4034 490 4096 in
515 4035 672 4117 secundia
694 4038 782 4117 vice,
814 4046 845 4099 et
868 4038 997 4100 tertium
1021 4036 1178 4122 placitum
1202 4038 1320 4101 exinde
1344 4037 1384 4101 (10
1406 4041 1479 4120 ipsa
1501 4036 1627 4101 malitia
1649 4060 1669 4100 a
1691 4036 1787 4101 vobis
1810 4058 1862 4100 me

217 4136 452 4220 proclamavit'
493 4138 536 4201 111
560 4140 731 4224 statimque
755 4138 853 4203 locuti
878 4150 952 4203 sunt
975 4163 1086 4203 coram
1112 4140 1285 4204 homnibus
1315 4139 1521 4204 arrdientibus
1552 4139 1697 4224 predicto
1722 4138 1861 4203 domnus

218 4239 379 4304 Iohannes
409 4241 599 4324 coangelico
629 4245 834 4306 sanctissimo
866 4265 971 4327 papae
1002 4242 1080 4325 unla
1108 4266 1182 4306 curn
1214 4243 1344 4325 domno]
1378 4241 1485 4307 Otone
1516 4266 1635 4323 magno
1666 4245 1861 4327 imperatore

219 4344 353 4427 spiritali
385 4344 452 4408 filio
481 4368 558 4408 suo:
595 4347 740 4410 ‘Nostrae
770 4346 924 4430 epistolas
955 4358 987 4409 et
1015 4357 1162 4411 nostrum
1191 4349 1325 4410 missum
1355 4345 1398 4409 ad
1424 4345 1498 4409 illos
1532 4346 1726 4427 direximus,
1760 4356 1796 4409 ut
1818 4345 1860 4409 ad

217 4458 362 4511 nostrum
386 4448 537 4512 sinodum
560 4450 656 4513 etad
677 4460 823 4513 nostrum
846 4447 1003 4533 placitum
1026 4451 1191 4513 venisseut
1214 4460 1246 4512 et
1268 4447 1327 4511 tibi
1347 4448 1441 4510 Petro
1466 4447 1712 4532 archiepiscopo
1738 4458 1770 4511 et
1792 4450 1860 4511 uni-

217 4551 332 4635 cuique
354 4550 476 4615 homini
501 4553 555 4637 qui
578 4574 675 4636 super
697 4575 771 4616 eum
793 4551 984 4617 reclamavit
1006 4552 1110 4636 legem
1132 4554 1295 4631 fecissent,
1321 4560 1369 4614 set
1391 4552 1522 4615 minime
1545 4551 1588 4614 ad
1609 4560 1756 4614 nostrum
1776 4554 1859 4615 sino-

218 4650 312 4719 dumi
336 4664 369 4717 et
391 4655 433 4718 ad
456 4665 602 4719 nostrum
626 4655 782 4739 placitum
805 4659 915 4719 venire
945 4656 1068 4720 noluit'
1114 4656 1159 4719 Et
1186 4658 1469 4737 itcrrogaveruntc
1501 4654 1654 4737 predictis
1684 4654 1807 4718 iudices
1830 4664 1862 4716 et

217 4757 316 4822 dativi
334 4758 472 4821 Romani
490 4767 522 4822 ct
538 4757 758 4841 Langobardi,
784 4761 854 4842 quit
876 4759 994 4822 exinde
1018 4759 1121 4840 legem
1141 4760 1277 4822 fluissent
1301 4758 1344 4821 ad
1359 4757 1548 4821 saliendum.
1583 4758 1626 4820 Et
1641 4760 1720 4842 ipsis
1737 4757 1860 4821 iudices

215 4870 247 4923 et
265 4859 365 4923 dativi
385 4860 553 4924 dixerunt:
589 4862 672 4925 ‘Lex
694 4861 792 4941 iubet,
816 4872 989 4946 postquam
1013 4864 1084 4945 ipso
1103 4862 1271 4925 Raiuerms
1296 4861 1454 4924 diaconus
1479 4860 1521 4922 ad
1544 4870 1687 4923 vestrum
1711 4859 1860 4925 sinodum

216 4972 247 5027 et
269 4962 312 5027 ad
334 4975 477 5028 vestrum
500 4963 656 5048 placitum
679 4965 789 5027 venire
813 4962 917 5028 noluit
940 4964 979 5027 de
1003 4964 1075 5046 ipsa
1098 4965 1234 5025 crimina
1257 4986 1318 5047 que
1342 4963 1435 5026 vobis
1466 4984 1523 5046 per
1553 4971 1660 5025 tantas
1687 4963 1775 5025 vicos
1805 4986 1859 5026 ex·

215 5067 290 5132 inde
320 5090 417 5152 super
446 5091 518 5132 eum
547 5068 765 5145 reclamatis,
800 5069 952 5131 investito
982 5068 1079 5130 istum
1108 5076 1284 5130 avocatorc
1316 5066 1427 5129 domni
1450 5065 1536 5129 Petri
1560 5064 1795 5149 archicpiscopi
1821 5064 1860 5127 (10

216 5169 366 5234 omnibus
389 5170 485 5235 rebus
509 5179 541 5233 et
565 5170 825 5254 possessionibus
849 5171 932 5249 suis,
964 5180 1260 5254 quantumcumque
1290 5171 1359 5253 ipso
1385 5169 1555 5231 Rainerius
1579 5167 1736 5230 diaconus
1759 5189 1861 5252 usquo

215 5270 314 5336 modo
331 5283 438 5338 tenere
453 5276 524 5337 viso
541 5283 603 5336 osc
626 5283 691 5337 tam
716 5275 793 5336 iuris
817 5275 1024 5357 proprietatis
1048 5296 1200 5359 quanque
1220 5283 1252 5337 et
1267 5272 1476 5336 conductitiis
1493 5272 1577 5335 infra
1593 5282 1696 5336 totum
1713 5271 1862 5336 Italicum

301 5496 360 5551 (llll.
387 5497 452 5560 ()Α
557 5499 584 5561 (1)
604 5505 793 5548 tremamus
898 5501 921 5562 0)
939 5498 961 5549 Α
980 5505 1041 5549 atati
1059 5499 1277 5555 amminiculator.
1299 5499 1366 5561 cons.
1384 5497 1554 5565 Liudprandi
1572 5498 1629 5547 bist.
1652 5495 1751 5548 Ottonis
1768 5499 1862 5561 00119

387 5568 409 5629 1)
425 5583 454 5616 eo
472 5568 534 5616 oder
551 5567 617 5617 erich
636 5569 717 5618 duces
735 5569 768 5617 de
786 5569 816 5620 T.
835 5568 903 5618 wird
919 5568 963 5618 olio
980 5571 1013 5618 12
1027 5567 1080 5618 Om.
1099 5567 1177 5617 breite
1195 5567 1281 5616 Liiclre
1297 5567 1366 5616 nach
1385 5567 1508 5617 Fontnzzi
1526 5571 1546 5629 1,
1566 5569 1615 5616 212
1632 5572 1660 5615 n⁰
1672 5568 1708 5615 63
1725 5566 1779 5615 rand
1795 5565 1862 5615 10011

387 5635 499 5685 anderen
523 5635 714 5701 gleichzeitigen
740 5637 962 5687 Raoennutischen
985 5636 1123 5687 Urbunrion
1151 5636 1310 5698 orrszrfitllen
1336 5639 1391 5685 scin
1502 5638 1530 5701 g)
1554 5636 1575 5684 Α
1601 5641 1662 5684 etuti
1688 5637 1861 5701 pressentlam

388 5705 416 5769 h)
434 5704 456 5754 A
474 5710 536 5754 statt
554 5722 594 5767 oe,
612 5705 663 5757 hoc
766 5709 787 5772 i)
806 5724 818 5757 s
836 5723 901 5756 corn.
921 5723 968 5755 aua
987 5724 1011 5755 0.

270 5812 462 5856 mammas
475 5814 493 5855 1.
1617 5810 1657 5871 59
