4298 6414
218 120 281 185 268
820 124 1270 182 KAISERURKUNDEN.

319 313 475 371 Annalem
496 311 554 369 ders
573 310 689 383 Vorsuq
710 309 851 368 verdieat.
881 309 938 367 Bet
953 307 1050 367 dieser
1064 306 1260 381 Aristomene
1281 307 1334 366 der
1347 306 1552 381 eorlieyeodea
1566 305 1721 380 Datim
1734 307 1798 366 late
1813 305 1861 366 iob

225 417 229 423 '
319 417 373 476 das
388 415 429 475 D.
446 431 496 473 om
510 413 688 487 soqlmhsten
702 414 774 471 necle
791 412 856 468 dem
871 410 1142 484 Ausstellanqsorts
1157 411 1306 468 sinreilren
1320 428 1362 469 ru
1375 416 1496 470 mtrem
1507 409 1658 484 seylam,
1677 427 1729 468 um
1741 426 1771 469 eo
1783 411 1869 468 mbr

321 518 361 576 do
376 535 406 577 es
420 517 498 575 recht
510 519 565 589 qut
579 533 620 573 ru
634 515 685 572 der
699 531 754 573 sorr
769 513 835 573 orto
849 534 889 574 eu
909 515 1044 575 Genetes
1057 517 1155 575 seiner
1172 516 1292 574 Yocbter
1305 517 1339 573 in
1353 514 1423 575 DO.
1435 515 1684 588 memoriter
1698 511 1875 586 soram

315 625 418 695 passe,
453 622 522 680 does
551 619 629 678 disse
655 637 721 677 nun
748 621 824 677 surb
852 620 936 676 ilrreo
963 619 1257 678 Klostersclrwesterrr
1285 599 1357 676 eine'
1374 617 1473 678 Gemct
1499 635 1566 678 com
1588 618 1876 690 sumersetsire.

257 701 260 706 ’
323 727 401 785 sum
417 724 537 785 seros
559 725 602 782 ses
623 724 697 782 soce
719 724 846 783 remens
869 724 938 782 uass
961 723 1009 781 rue
1023 723 1158 782 mures
1179 722 1256 780 asos
1278 723 1372 781 euro
1394 723 1449 781 em
1467 723 1618 784 vonisse
1632 723 1768 795 esrem
1781 722 1882 781 ser.

321 830 388 889 Dos
410 826 558 887 Protolroll
579 828 686 885 beante
707 827 867 900 ollerdirrys
890 826 958 887 Do.
978 830 1040 886 184
1062 826 1189 885 errtlelrrrt
1212 827 1329 886 worden
1349 828 1423 885 sein.
1460 826 1542 885 Aber
1562 825 1618 885 dos
1632 825 1736 883 Dictat
1758 826 1885 883 euholt

322 934 472 992 ei·nerseits
494 932 587 1004 deripe
609 928 665 1001 fiir
685 931 752 989 Μ’.
769 931 919 989 ‹lurclraos
941 930 1212 988 charottrristiscbc
1233 928 1427 1004 Wmounqen
1448 928 1513 988 med
1535 930 1573 988 ist
1597 928 1670 987 does
1691 928 1885 987 osdrsrreits

321 1055 353 1096 so
375 1035 435 1108 srei
457 1035 520 1094 und
542 1034 746 1108 unqebunderq
771 1036 825 1092 wie
840 1051 870 1092 es
885 1035 931 1092 bei
946 1033 1107 1092 Ansclrlass
1130 1050 1171 1090 on
1192 1031 1260 1091 DO.
1276 1036 1340 1093 184
1362 1033 1432 1092 oder
1452 1050 1493 1091 on
1514 1034 1581 1091 eine
1600 1031 1712 1091 andere
1731 1030 1889 1092 erronee

321 1138 486 1198 schwerliolr
508 1139 588 1195 loro
609 1135 760 1207 omfollrn
782 1137 905 1197 donner.
1285 1173 1290 1179 -

323 1327 382 1407 (c.)
404 1326 419 1407 ᾖ
440 1324 479 1389 In
500 1326 631 1389 nomine
654 1334 789 1390 sanetae
812 1334 845 1388 et
867 1323 1054 1389 individuae
1078 1324 1280 1389 triinitatis.⁸
1324 1322 1402 1388 Otto
1425 1324 1532 1408 gratia
1558 1319 1610 1387 dei
1637 1344 1708 1387 rex.
1802 1321 1861 1387 No·

220 1429 315 1496 turnb
339 1432 381 1494 sit
404 1427 553 1494 omnibns
575 1427 726 1493 fidelibus
749 1430 869 1493 nostris
891 1427 1120 1515 praesentibus
1143 1427 1268 1494 seilicet
1289 1436 1322 1491 et
1343 1426 1471 1508 futuris,
1493 1421 1508 1506 ξ
1530 1423 1671 1511 qualiter
1691 1447 1753 1490 nos
1774 1447 1863 1511 quas·

220 1536 296 1600 dam
318 1557 370 1600 res
393 1535 601 1620 proprietatis
623 1543 755 1598 nostrae
778 1535 812 1597 in
834 1533 916 1598 locis
932 1533 1125 1598 Liebenstat
1140 1543 1172 1598 et
1187 1531 1382 1599 Azmeustat
1401 1531 1577 1611 nominatis
1598 1528 1745 1615 profilia
1758 1540 1860 1594 nostra

219 1637 403 1703 Mahtbilda
432 1639 466 1701 in
494 1637 675 1721 Thuringia
703 1638 737 1701 in
767 1638 925 1702 comitatu
947 1636 1173 1702 Vuillihelmi⁰
1200 1634 1394 1701 tradidimus
1423 1633 1467 1698 ad
1495 1644 1647 1699 sanctum
1668 1633 1798 1699 Petrum
1823 1633 1861 1699 ad

221 1739 505 1825 Quitilingaburch
536 1740 839 1807 sanctimonialibus
868 1740 929 1806 deo
964 1740 1086 1806 ibidem
1120 1739 1337 1806 servientibus
1370 1740 1504 1825 perenni
1537 1740 1607 1804 iure
1642 1738 1860 1825 possidendos.

219 1846 351 1910 Prefata
371 1865 512 1928 namque
535 1843 609 1909 loca
631 1843 825 1909 tradidimus
848 1867 922 1910 cum
946 1842 1097 1909 omnibus
1120 1843 1197 1908 illue
1220 1845 1289 1909 iure
1311 1841 1564 1930 pertinentibus,
1597 1841 1732 1907 familiis
1753 1844 1860 1908 utrius·

220 1973 283 2036 que
307 1972 405 2014 sexus
428 1947 559 2033 edifitiis
582 1949 676 2034 aquis
699 1969 899 2033 aquarumve
922 1947 1112 2014 decursibus
1135 1945 1398 2032 piscationibus‘¹
1421 1946 1617 2013 molendinis
1635 1949 1698 2012 viis
1720 1956 1753 2011 et
1773 1949 1860 2012 inviis

219 2052 361 2118 exitibus
384 2062 416 2116 et
438 2050 595 2117 reditibus
618 2053 753 2137 quesitis
777 2062 809 2117 et
830 2053 1041 2137 inquirendis.
1085 2052 1131 2117 Et
1151 2061 1188 2116 ut
1209 2052 1290 2117 baec
1317 2050 1502 2116 traditionis
1529 2060 1664 2116 nostrae
1692 2053 1860 2117 auctoritas

220 2180 240 2221 a
254 2157 394 2242 posteris
410 2156 518 2220 verius
541 2153 692 2219 credatur
713 2165 810 2242 atque
833 2166 869 2221 ut
891 2156 933 2221 ab
958 2155 1108 2222 omnibus
1131 2178 1190 2242 per
1210 2156 1357 2222 labentia
1378 2166 1464 2222 retro
1487 2165 1639 2241 tempora
1660 2156 1780 2221 nostrie
1797 2177 1860 2220 suc·

219 2257 403 2325 sessoribus
425 2258 520 2323 firma
542 2267 574 2321 et
596 2256 790 2324 inconvulsa
818 2258 1006 2345 eisdemque
1036 2259 1339 2326 sanctimonialibus
1367 2259 1601 2346 perpetualiter
1630 2257 1777 2324 stabilita
1798 2280 1859 2344 per·

220 2371 366 2444 maneat,
399 2371 511 2426 nostra
534 2363 667 2447 propria
690 2385 789 2427 manu
811 2364 1013 2429 firmavimus
1036 2363 1188 2451 anulique
1210 2365 1313 2429 nostri
1335 2365 1550 2450 impressione
1578 2363 1695 2431 subtus
1722 2365 1860 2449 insigniri

221 2488 384 2532 iussimus.

322 2608 337 2689 9
359 2603 495 2689 Signum
518 2604 628 2669 domni
653 2603 784 2670 Ottonis
809 2607 874 2687 (Μ.)
899 2607 1095 2672 serenissimi
1118 2609 1214 2693 regis.
1237 2609 1251 2693 ξ

320 2705 335 2786 ᾗ
356 2707 536 2774 Liuttulfus
552 2707 768 2774 cancellarius
784 2708 933 2775 advicem
946 2710 1109 2776 Brunonis
1125 2710 1404 2798 archicappellani
1418 2712 1607 2795 recognovi.
1624 2714 1640 2796 ξ
1658 2711 1862 2792 (81.1.)(ss)

320 2844 410 2910 Data
433 2868 518 2911 anno
542 2845 585 2911 sb
607 2848 832 2912 incarnatione
855 2847 977 2915 domini
1001 2865 1186 2933 peccem,
1210 2849 1387 2916 indictione
1409 2867 1489 2932 xm,
1511 2871 1600 2915 anno
1623 2860 1736 2915 autem
1756 2851 1862 2934 regni·

222 2951 292 3016 eius
315 2968 423 3032 xxm3
445 2960 555 3016 actum
578 2949 871 3035 Quitilingaburbo.
1875 2949 1907 3001 Ἐ

1000 3176 1085 3252 see.
1198 3152 1201 3157 ’

228 3328 308 3406 Orto
326 3329 467 3405 scltorrlct
483 3329 563 3403 dem
579 3329 726 3404 Kloster
742 3357 788 3404 zu
809 3330 1057 3431 Qrccdlinburq
1079 3333 1138 3406 die
1155 3332 1200 3406 K
1199 3334 1297 3408 lause
1320 3333 1385 3408 der
1406 3335 1585 3436 Liutburp
1607 3336 1689 3409 und
1709 3337 1769 3410 die
1790 3337 1866 3410 dort

220 3449 364 3523 erbazse
387 3447 675 3523 Meltoelslrirclte
697 3450 763 3522 mit
783 3451 893 3523 deren
917 3452 1084 3525 Zobcbdr
1106 3452 1145 3525 in
1168 3453 1436 3551 Epininlcirrod
1459 3455 1540 3528 ond
1563 3455 1863 3556 Ripertirrqisrod.

1342 3596 1505 3657 Memloberr
1527 3599 1591 3658 956
1612 3598 1776 3658 December
1797 3602 1825 3660 5.

323 3777 570 3853 Oricinaldiplom
593 3781 635 3838 im
656 3781 683 3838 lt.
709 3781 912 3841 Stootsorcltiu
932 3801 973 3840 ru
995 3782 1101 3841 Berlin
1123 3781 1183 3860 (A).
1881 3786 1907 3835 ³⁰

322 3917 570 3988 Leucll'eldtlnt.
589 3918 802 3978 Micboslsteirr.
820 3917 1155 3997 (Wolferbrittel1710)
1172 3923 1214 3980 83
1235 3926 1269 3977 πθ
1285 3924 1303 3977 1
1326 3939 1383 3980 oro
1398 3921 1552 3992 Absclirist
1576 3945 1616 3975 =
1639 3924 1772 3984 hiberi
1791 3926 1867 3985 Hist.

318 4037 384 4093 qen.
403 4021 513 4081 Soron.
530 4024 593 4082 549
607 4028 641 4079 n⁰
654 4025 686 4091 2,
711 4045 750 4074 ε
773 4022 902 4081 &abner
914 4022 1215 4095 Merricordiyleiren
1229 4024 1279 4083 des
1295 4026 1411 4085 Herses
1425 4023 1628 4103 (Holberstodt
1645 4027 1744 4107 1793)
1761 4035 1792 4100 1,
1809 4034 1869 4090 447

321 4124 539 4198 unrellstcindip
557 4144 597 4183 ru
613 4128 685 4186 950.
709 4159 751 4168 —-
775 4126 898 4185 Kettner
912 4125 984 4184 Aut.
1005 4127 1159 4203 Quedlinb.
1177 4132 1218 4188 16
1234 4135 1268 4186 n⁰
1282 4134 1321 4189 11
1346 4127 1412 4207 (syl.
1424 4148 1458 4204 p.
1476 4129 1551 4209 693)
1574 4149 1631 4191 aus
1653 4133 1680 4190 A
1705 4156 1746 4187 =
1769 4135 1869 4207 bonis

320 4227 388 4286 BA.
414 4224 477 4299 18⁶,
501 4234 564 4290 183
586 4237 620 4286 rr⁰
640 4234 669 4300 9,
695 4253 733 4281 =
758 4230 892 4288 &burnel
912 4230 992 4289 Hist.
1015 4231 1134 4290 Besclnz
1159 4232 1208 4290 des
1229 4233 1364 4292 Klostrrs
1385 4253 1426 4293 ru
1450 4235 1693 4297 Mernlsberr118
1716 4260 1756 4290 =
1779 4234 1869 4316 (mro)

322 4332 490 4406 Tbrrrr'rrqiu
519 4351 605 4393 soora
635 4336 707 4403 750,
732 4357 771 4385 =
795 4334 931 4393 Willrelm
962 4336 994 4391 in
1021 4335 1121 4394 niel.
1150 4354 1207 4395 aris
1237 4337 1302 4394 dere
1335 4337 1437 4397 Gsbist
1464 4340 1763 4415 tremisco-antiqq
1794 4342 1907 4402 For-tt

317 4438 465 4511 schrrnqen
487 4441 516 4508 5,
541 4442 591 4498 53.
621 4470 664 4481 -
691 4438 786 4496 Eratis
812 4438 875 4496 CD.
905 4437 1060 4514 Quodlinb
1084 4442 1104 4498 9
1127 4445 1161 4495 πθ
1184 4445 1225 4499 13
1253 4458 1311 4500 uus
1333 4440 1371 4500 A.
1403 4475 1446 4485 -
1476 4443 1605 4502 Bolrmer
1625 4443 1698 4518 1209.
1721 4448 1797 4504 216.
1828 4477 1868 4487 -

321 4539 449 4613 Stumpf
467 4542 538 4614 Rey.
562 4544 636 4602 248.

323 4677 456 4750 Versosst
485 4679 549 4736 rond
572 4679 758 4752 pesclriebere
784 4696 841 4737 von
868 4680 954 4752 LF.;
989 4682 1061 4740 iiber
1088 4681 1136 4740 die
1163 4681 1441 4755 Dotirrmqsl'ormel
1468 4701 1492 4743 s.
1516 4684 1611 4744 Sickel
1639 4686 1672 4743 irs
1694 4686 1797 4745 Mittis.
1820 4687 1868 4746 des

320 4787 422 4843 osterr.
446 4783 587 4842 Instituts
608 4786 639 4852 2,
662 4786 736 4843 272.

321 4970 379 5052 (C.)
400 4967 415 5049 l
436 4970 475 5033 In
497 4971 627 5035 nomine
651 4979 784 5035 sanctae
807 4981 840 5036 et
862 4970 1048 5037 individuae
1071 4974 1235 5038 trinitatis.
1271 4972 1349 5038 Otto
1372 4975 1478 5058 gratia
1501 4973 1554 5040 dei
1575 4998 1646 5040 rex.
1733 4977 1868 5043 Noverit
1884 4990 1907 5038 rt

222 5073 364 5139 omnium
385 5072 530 5139 fidelium
553 5083 739 5139 nostrorum
761 5085 829 5140 tam
851 5078 1072 5160 praesentium
1094 5099 1192 5162 quam
1215 5086 1247 5141 et
1274 5077 1458 5142 futurorum
1485 5077 1661 5162 industria,
1689 5085 1704 5166 l
1731 5080 1868 5168 qualiter

308 5256 365 5311 18³.
393 5260 501 5331 [Siclrel]
605 5263 673 5329 ald
778 5267 807 5327 b)
825 5281 843 5314 ιι
861 5280 927 5315 corr.
944 5281 1025 5315 aare
1123 5270 1148 5328 c)
1167 5268 1194 5316 in
1212 5265 1262 5318 Tb.
1279 5269 1308 5317 in
1325 5283 1348 5318 c.
1366 5267 1417 5317 Vu.
1434 5283 1485 5319 m
1502 5267 1557 5320 LF.
1575 5285 1619 5319 on
1636 5270 1732 5324 Raude
1747 5289 1796 5325 eor
1811 5272 1868 5323 drot

391 5330 435 5380 die
463 5336 489 5382 3.
515 5333 585 5384 Zeila
614 5334 787 5398 minuendos
818 5333 973 5384 tradidimus
1002 5333 1190 5400 norbyetroyen
1310 5336 1338 5396 d)
1363 5339 1389 5386 ni
1419 5336 1481 5386 iiber
1508 5338 1556 5388 do
1585 5339 1656 5391 arto
1683 5340 1868 5409 mdqdroyea

394 5404 420 5459 e)
438 5415 507 5452 anno
525 5411 613 5455 autem
632 5419 659 5452 re
676 5403 730 5465 aas
740 5402 830 5454 Ram
846 5409 907 5452 sarr
923 5403 1147 5468 urspriirrqls'cbeur
1168 5409 1303 5471 regnante
1731 5410 1735 5415 “
