4500 6420
239 456 302 522 528
837 461 1282 521 KAISERURKUNDEN.

242 669 285 711 ex
307 655 376 711 toto
401 655 434 710 et
455 667 497 707 ex
519 645 646 726 integro
675 665 749 707 cum
778 641 928 707 omnibus
950 641 1163 727 appendiciis,
1191 651 1260 708 tam
1283 644 1315 707 in
1338 642 1474 727 edificiis
1498 665 1595 729 quam
1618 645 1653 708 in
1675 643 1807 709 familiis
1829 646 1883 710 vel

239 749 411 833 mancipiis
443 749 610 833 utriusque
642 768 741 810 sexus
773 746 865 810 terris
896 744 992 809 cultis
1022 754 1055 809 et
1083 744 1213 809 incultis
1243 747 1346 830 pratis
1373 747 1506 832 pascuis
1535 748 1628 832 aquis
1656 746 1883 832 aquarumved

239 850 430 915 decursibus
453 851 515 913 viis
543 858 576 913 et
603 850 700 912 inviis
730 848 872 914 exitibus
901 858 934 913 et
955 846 1113 912 reditibus
1140 849 1273 933 quesitis
1297 859 1329 913 et
1350 837 1560 934 inquirendis,
1574 861 1699 915 ¹sancto
1723 850 1882 916 Mauricio

238 952 467 1038 Magdeburg⁰
494 955 528 1017 in
558 962 748 1038 perpetuam
777 954 1018 1037 possessionem
1047 951 1174 1016 liberali
1202 952 1424 1018 munificentia
1456 953 1618 1018 offerimus
1649 963 1681 1019 et
1711 954 1883 1020 donamus.

239 1057 282 1120 Et
304 1064 339 1120 ut
361 1055 424 1120 hoc
447 1055 606 1139 largitatis
630 1065 740 1139 nostre
770 1055 890 1120 donum
921 1053 1026 1119 eidem
1055 1054 1192 1138 ecclesie
1220 1055 1349 1137 firmum
1380 1067 1412 1121 et
1440 1056 1557 1122 stabile
1585 1066 1791 1142 permaneat,
1819 1057 1920 1122 host

239 1161 443 1223 auctoritatis
472 1167 583 1242 nostre
612 1168 801 1243 preceptum
832 1156 995 1222 conscribi
1025 1166 1057 1220 et
1085 1157 1174 1222 anuli
1203 1161 1304 1223 nostri
1333 1160 1536 1244 inpressione
1566 1159 1689 1245 signari
1719 1161 1883 1241 iussimus,

238 1258 360 1346 quam‘
380 1271 412 1325 et
435 1284 534 1326 manu
556 1262 690 1347 propria
712 1260 826 1326 subtus
849 1261 1060 1325 firmavimus.

341 1413 478 1500 Signum
500 1415 611 1480 domni
634 1413 765 1480 Ottonis
788 1417 897 1500 magni
920 1424 953 1479 et
974 1413 1178 1478 invictissimi
1201 1414 1397 1498 inperatoris
1419 1414 1550 1499 augusti
1573 1413 1637 1494 (M.)

339 1537 561 1620 Liudigerusg
584 1536 798 1600 cancellarius
821 1535 970 1599 advicem
993 1532 1157 1599 Huberti¹¹
1183 1534 1437 1620 archicapellani
1460 1536 1582 1599 notavi.

338 1691 621 1756 DataV1111.kal.
644 1690 708 1755 feb.
733 1713 818 1754 anno
843 1691 1003 1774 dominice
1025 1691 1261 1757 incarnationis
1284 1708 1477 1775 Dccceuxx,
1501 1691 1679 1757 indictione
1698 1709 1773 1773 xm,
1797 1713 1883 1756 anno
1905 1710 1940 1757 10

240 1794 356 1880 inperii
381 1793 490 1857 domni
516 1792 647 1858 Ottonis
671 1811 758 1876 vnn,
781 1792 839 1858 filii
862 1802 971 1858 autem
994 1795 1063 1858 eius
1086 1812 1157 1876 11113
1179 1805 1290 1860 aetum
1311 1796 1430 1882 Papi03
1452 1798 1487 1860 in
1510 1796 1563 1860 dei
1586 1796 1718 1861 nomine
1740 1817 1846 1861 amen.

1019 2031 1105 2106 387.

249 2186 329 2263 Ouo
356 2186 496 2262 sebeulct
521 2186 586 2260 der
612 2185 912 2283 erzbacuoflicuai
934 2187 1066 2261 Kirclro
1089 2187 1149 2259 cles
1171 2187 1203 2259 li.
1223 2188 1342 2261 Moris
1364 2215 1409 2262 zu
1427 2189 1654 2287 Mupdeburp
1679 2189 1745 2262 dus
1771 2190 1887 2263 bisber

240 2335 321 2381 vora
347 2308 567 2405 Erzbiselrof
588 2307 756 2381 dblcmar
782 2333 853 2379 voe
879 2308 977 2380 Ko‘lu
1003 2334 1048 2380 zu
1074 2309 1195 2381 Lebeu
1222 2310 1395 2383 besesscue
1421 2309 1496 2386 Gru
1520 2310 1723 2384 Bomsstedt.

1440 2435 1535 2493 Pario
1556 2438 1619 2494 970
1643 2435 1769 2494 Jauuur
1788 2435 1841 2493 25.
1907 2451 1940 2498 15

347 2617 594 2693 Oriyiaaldquom
616 2619 658 2675 im
680 2617 707 2674 lc.
725 2616 926 2676 Stuatsurclriu
947 2635 988 2675 au
1009 2617 1115 2676 Berlin
1139 2617 1202 2697 (A).

345 2774 528 2847 Sapittorius
550 2770 621 2831 Aut.
646 2772 841 2845 Muqdebury.
866 2772 910 2829 ed.
931 2780 955 2841 1,
979 2775 1020 2831 95
1049 2789 1105 2831 aas
1126 2771 1194 2832 MS.
1224 2773 1274 2833 des
1299 2774 1435 2834 Olearius
1459 2798 1499 2828 =
1523 2775 1567 2834 ecl.
1590 2783 1630 2847 ΙΙ,
1655 2779 1693 2834 71
1720 2796 1760 2825 =
1783 2773 1886 2845 Lilaia

343 2875 413 2937 1ot.
430 2881 447 2935 1
453 2870 494 2945 δ”,
510 2879 553 2935 21
566 2882 601 2933 u⁰
618 2878 658 2934 60
683 2899 721 2928 =
745 2875 926 2946 Iusormutio
946 2876 1024 2932 iuris
1047 2879 1074 2932 et
1092 2874 1167 2946 faeti
1182 2878 1215 2934 iu
1233 2878 1393 2937 Phasellus
1408 2878 1485 2936 Acta
1499 2897 1565 2938 storo
1579 2881 1709 2953 jetriqen
1724 2882 1774 2937 18.
1791 2877 1886 2937 seculo

340 2982 544 3049 24751111,
570 3001 609 3031 =
633 2977 814 3050 Supitturius
834 2977 1090 3051 iuBoyseuAllp.
1107 2979 1295 3052 stamma,
1313 2983 1385 3040 151.
1410 3015 1451 3024 —
1474 2984 1663 3041 Heius-muna
1679 2980 1741 3042 OD.
1759 2980 1882 3039 Aulult.

344 3089 372 3154 1,
389 3085 431 3143 35
446 3088 480 3141 u⁰
495 3085 536 3141 46
559 3099 616 3140 uus
630 3081 668 3139 A.
692 3113 734 3124 -
756 3081 884 3139 Bo‘lsmor
898 3083 971 3154 Rea.
989 3084 1062 3140 369.
1086 3116 1128 3126 -
1151 3082 1279 3157 Stampf
1289 3086 1362 3157 Regi.
1381 3088 1453 3145 482.
1905 3103 1940 3151 no

346 3236 479 3311 Versusst
502 3255 558 3295 sou
572 3237 641 3296 ΕΗ.
664 3238 783 3295 welclrer
805 3238 881 3295 uueb
902 3238 959 3296 deu
976 3237 1105 3308 Context,
1130 3238 1177 3296 die
1190 3239 1385 3311 Recoynition
1407 3240 1471 3297 uod
1493 3242 1578 3298 ciaon
1599 3240 1716 3298 kleiueu
1734 3238 1819 3297 Tbcil
1836 3238 1888 3296 der

346 3342 500 3414 Delirunq
522 3341 633 3400 subuel>
656 3340 720 3399 und
742 3340 863 3410 eudlielr,
886 3341 1027 3399 euclidem
1042 3340 1110 3400 Le.
1136 3341 1189 3400 clus
1212 3341 1366 3400 Handmol
1387 3343 1442 3399 mit
1465 3343 1521 3400 deu
1543 3343 1674 3400 dassclbe
1696 3340 1888 3400 orlldrcndeu

348 3446 469 3506 Warteu
490 3442 685 3517 biuzuqcfupt
707 3444 793 3513 batte,
818 3444 866 3502 die
887 3444 1041 3517 Dutirunq
1062 3444 1330 3517 oeroonstunuiffrq
1351 3464 1392 3503 ru
1414 3445 1546 3504 laeterer
1567 3445 1621 3518 apl.
1645 3444 1714 3504 DO.
1732 3448 1804 3504 382.

343 3628 401 3709 (Ο.)
431 3625 445 3709 ξ
471 3628 510 3691 ln
538 3628 668 3692 nomine
697 3636 830 3710 sanetae
860 3636 892 3691 et
919 3625 1085 3711 individue
1113 3629 1275 3693 trinitatis.
1321 3626 1398 3693 Otto
1424 3629 1535 3694 divina
1556 3628 1687 3693 favente
1714 3628 1887 3693 elementia

240 3735 418 3816 imperator
446 3741 613 3815 augustus.
711 3729 847 3794 Noverit
876 3732 1020 3795 omnium
1047 3730 1192 3795 fidelium
1220 3741 1405 3796 nostrorum
1434 3729 1448 3810 l
1476 3742 1544 3796 tam
1566 3735 1765 3818 presentium
1788 3754 1886 3817 quam
1904 3752 1938 3799 25

240 3836 421 3899 futurorum
450 3833 626 3914 industria,
658 3831 795 3918 qualiter
816 3856 876 3924 nos
899 3836 1081 3898 interventu
1104 3833 1222 3916 dilecte
1245 3836 1393 3918 coniugis
1416 3844 1525 3918 nostre
1549 3834 1741 3900 Adalheidis
1764 3835 1887 3919 filiique

243 3938 406 4003 carissimi
430 3938 677 4021 coimperatoris
701 3945 733 3999 et
755 3937 944 4020 coequivoei
968 3937 1071 4000 nostri
1091 3934 1222 4001 Ottonis
1246 3937 1400 4023 quicquid
1424 3936 1527 4022 predii
1549 3937 1668 4002 habere
1692 3939 1753 4002 visi
1776 3960 1887 4001 sumus

241 4045 275 4107 in
297 4038 578 4125 Brunningisstedi
607 4041 640 4103 in
667 4059 753 4124 pago
776 4038 998 4121 Northuringa
1025 4041 1059 4102 in
1087 4041 1244 4104 comitatu
1268 4039 1407 4104 Geronis
1436 4041 1580 4120 comitis,
1615 4041 1703 4125 quod
1730 4041 1886 4105 hactenus

242 4147 433 4212 Folcmarus
450 4143 656 4209 Coloniensis
680 4142 859 4206 aecclesiae
882 4144 1112 4227 episcopusin
1135 4142 1330 4207 beneficium
1352 4142 1466 4207 habuit
1488 4153 1601 4207 nostra
1623 4167 1664 4208 ex
1687 4154 1789 4229 parte,
1813 4165 1888 4208 cum

242 4250 392 4317 omnibus
423 4246 625 4334 appendiciis
656 4247 723 4310 suis
753 4245 928 4310 mobilibus
957 4255 988 4309 et
1016 4243 1234 4310 immobilibus
1258 4247 1352 4310 terris
1375 4245 1471 4309 cultis
1494 4256 1525 4309 et
1546 4246 1676 4310 incultis
1701 4247 1762 4309 viis
1785 4256 1818 4311 et
1839 4248 1887 4309 in·
1905 4266 1940 4311 ao

241 4358 303 4421 viis
327 4353 468 4419 exitibus
492 4361 524 4415 ct
545 4350 702 4415 reditibus
727 4350 859 4434 quesitis
882 4356 914 4411 et
937 4348 1138 4432 inquirendis
1160 4347 1212 4411 vel
1237 4347 1387 4413 omnibus
1410 4348 1604 4414 utilitatibus
1628 4349 1670 4412 ad
1699 4350 1785 4413 idem
1816 4372 1887 4435 pre·

242 4461 331 4525 dium
361 4459 429 4521 iure
459 4452 709 4541 pertinentibus,
739 4451 782 4515 ad
814 4473 895 4536 opus
925 4460 957 4513 ct
986 4452 1157 4514 servicium
1187 4453 1291 4515 sancti
1314 4452 1464 4516 lllauricii
1489 4454 1628 4516 martiris
1655 4451 1832 4516 liberaliter
1854 4453 1887 4515 in

243 4571 432 4651 perpetuam
455 4558 687 4644 proprietatem
708 4555 743 4618 in
765 4552 991 4637 lllagadeburg
1014 4552 1171 4618 tradimus
1198 4565 1230 4618 et
1258 4554 1435 4635 donamus,
1466 4564 1502 4617 ut
1533 4552 1771 4640 archiepiscopi
1801 4552 1887 4616 illius

243 4667 421 4733 suuclesiae
449 4661 535 4727 omni
566 4657 825 4723 contradictione
854 4664 979 4720 remota
1008 4655 1164 4720 inoffense
1194 4667 1325 4722 teneant
1347 4666 1379 4720 ct
1402 4657 1592 4741 possideant
1614 4667 1646 4720 et
1669 4658 1735 4721 suis
1757 4666 1793 4719 ut
1815 4679 1886 4719 ace-

242 4770 444 4835 elusiostieos
467 4787 519 4829 res
542 4764 636 4826 iuxta
658 4760 785 4825 libitum
808 4757 920 4821 usibus
940 4756 1128 4841 adiungunt.
1163 4761 1206 4825 Et
1221 4772 1256 4824 ut
1271 4760 1333 4825 hoc
1349 4770 1458 4844 nostro
1475 4763 1678 4825 auctoritatis
1698 4772 1886 4845 prqeopuun
1906 4786 1940 4833 35

244 4876 293 4939 rel
318 4869 555 4937 rriuuilieeutiac
579 4873 687 4946 nostre
712 4862 833 4926 donum
854 4860 982 4924 firmum
1005 4872 1037 4925 et
1066 4863 1292 4927 inconvulsum
1315 4874 1446 4929 maneat
1468 4886 1525 4949 per
1548 4885 1741 4928 successura
1763 4874 1887 4947 tempo·

244 5002 311 5043 uun
343 4968 521 5051 curricula,
553 4977 677 5031 cartam
705 4963 791 5029 hane
820 4962 983 5027 conscribi
1014 4973 1046 5028 et
1075 4965 1162 5030 anuli
1193 4968 1296 5030 nostri
1327 4969 1541 5052 impressione
1572 4968 1692 5050 signari
1723 4968 1885 5048 iussimus,

244 5104 340 5169 quum
366 5088 398 5143 ot
422 5096 520 5141 runnu
542 5070 675 5157 propria
698 5067 811 5131 subtus
834 5064 1045 5130 firmavimus.

345 5234 515 5317 lltliguutu
541 5226 663 5291 domini
687 5221 818 5288 Ottonis
844 5221 908 5302 (M.)
933 5223 1043 5306 magni
1066 5233 1098 5287 et
1120 5225 1324 5289 invictissimi
1348 5227 1578 5311 imperatorisa
1600 5229 1741 5310 augusti.
1765 5225 1778 5308 Ξ

346 5360 360 5437 Ι)
386 5350 578 5433 Ι.ἰιιιίἰκοιίω
600 5345 750 5411 advicem
773 5342 912 5428 Huperti
936 5343 1212 5429 archicappellani
1235 5348 1422 5430 recognovi.
1444 5342 1459 5423 ll
1669 5349 1725 5424 (Sl.
1744 5349 1785 5426 5.)
1807 5347 1888 5426 (SR.)
1906 5367 1940 5415 40

331 5546 381 5603 Μ
416 5544 444 5595 ill
463 5550 642 5663 sqqsnrmqus
659 5533 688 5583 D
791 5532 815 5594 e)
832 5531 1014 5597 Magdebureh
1032 5533 1061 5583 D
1161 5533 1273 5600 flquod
1294 5531 1343 5583 OD
1439 5533 1466 5597 g)
1483 5532 1641 5597 Lludigerus
1660 5533 1689 5583 D
1787 5535 1888 5595 11))Ψί-

417 5616 482 5685 perti
521 5612 537 5661 l.

332 5720 391 5785 Ν,
419 5712 527 5793 {mullei}
