4298 6414
281 456 346 523 594
875 463 1326 524 unlsuuusuououu.

280 652 314 713 in
336 649 387 712 his
411 647 535 712 scilicet
556 647 654 712 locis:
691 644 905 727 Schertfelde,
934 643 1108 729 Aluingen,
1135 645 1292 727 Punrodt,
1315 644 1528 728 Runigerodt,
1552 645 1785 729 Mouickerodt,
1804 648 1884 717 Abbo-

281 761 376 833 terot,
398 748 643 833 Rudolferodti,
666 747 858 829 usserodtk,
882 747 1149 831 Ammeckerodt,
1172 747 1371 832 Watterodt,
1394 747 1560 835 Albingen
1572 747 1590 831 ¹,
1614 770 1691 813 eum
1712 750 1885 820 omnibussd

282 854 343 920 hec
365 856 427 919 rite
451 853 688 939 pertinentibus
711 853 801 917 silvis
825 853 956 936 pascuis
980 853 1067 934 agris
1091 850 1331 936 piseationibus
1355 853 1422 915 sive
1445 851 1519 916 aliis
1543 851 1727 938 quibusque
1750 859 1886 923 commodi·

280 956 414 1037 tatibus,
439 957 567 1020 tertiam
590 964 717 1040 partem
740 954 817 1019 ville
840 954 957 1018 Palithi
970 963 1000 1035 ¹¹¹,
1024 956 1152 1018 tertiam
1176 963 1304 1039 partem
1325 953 1402 1019 ville
1424 954 1633 1037 Berckeuelt
1657 958 1782 1021 tertiam
1796 968 1888 1043 parton

281 1058 358 1124 ville
382 1059 558 1146 Hattorpp,
582 1061 712 1124 tertiam
734 1068 860 1143 partem
884 1055 1101 1139 Bilsshussen,
1130 1056 1163 1120 in
1187 1055 1307 1121 Herste
1330 1057 1504 1122 ecclesium
1526 1067 1560 1123 et
1581 1068 1709 1142 septem
1729 1081 1850 1141 mansus,
1865 1065 1909 1127 ins

281 1163 437 1248 Lengede
459 1186 519 1227 sex
541 1186 685 1246 mansus,
709 1163 742 1227 iu
758 1162 923 1247 Popfumn
946 1183 1005 1224 sex
1028 1182 1171 1242 mansus,
1195 1161 1228 1224 in
1246 1158 1357 1226 (irone
1379 1159 1542 1247 capellum
1563 1161 1712 1246 regalem
1732 1173 1764 1228 et
1783 1165 1889 1250 quinque

280 1287 429 1348 mansus,
459 1266 493 1330 in
517 1265 695 1351 Gottingen
718 1266 916 1331 ecclesiam⁰
939 1275 971 1328 et
994 1263 1195 1328 theolouium
1217 1272 1249 1327 et
1270 1286 1370 1329 unum
1394 1285 1561 1346 mansum,
1593 1266 1626 1329 in
1654 1264 1796 1331 Seborch
1819 1290 1891 1331 uuum

279 1391 448 1453 mansum3
471 1372 505 1433 in
528 1369 718 1435 Westfalia:
742 1372 775 1433 in
797 1367 939 1434 Brakele
962 1378 994 1431 et
1016 1370 1049 1432 in
1071 1367 1229 1432 Thunede
1252 1366 1365 1432 decem
1388 1390 1532 1452 mansus,
1559 1369 1595 1433 in
1616 1368 1816 1434 Drutmuude
1835 1368 1892 1434 duas

279 1475 398 1555 curias,
421 1475 455 1537 in
479 1471 603 1538 Oulisin
625 1495 727 1538 unum
749 1494 898 1537 mansum
920 1481 953 1536 et
975 1481 1115 1556 quatuor
1136 1472 1249 1535 vineas
1272 1470 1317 1535 ad
1339 1472 1537 1536 sacrificium
1559 1471 1694 1553 altaris3
1722 1490 1749 1537 in
1770 1487 1894 1537 ffisuu

279 1590 401 1651 wicfert,
424 1577 456 1639 in
479 1574 672 1658 Vnevverde‚
696 1592 724 1639 in
743 1590 914 1640 colmerhorn
936 1576 1052 1658 viginti
1076 1581 1216 1659 quatuor
1237 1570 1372 1657 talenta,
1395 1576 1428 1638 in
1444 1575 1709 1641 Fraukenhusen
1725 1598 1819 1640 unum
1831 1598 1895 1640 men·
1907 1597 1927 1642 u

281 1699 352 1742 sum
380 1688 414 1743 et
442 1678 524 1743 duas
554 1678 710 1763 patellas:
740 1678 800 1742 hec
824 1679 934 1743 omnia
957 1676 1008 1740 vel
1031 1699 1090 1761 per
1111 1698 1173 1741 nos
1195 1674 1248 1740 vel
1271 1697 1330 1761 per
1351 1675 1435 1740 alios
1459 1699 1607 1764 quosque
1630 1675 1745 1742 fideles
1765 1677 1896 1742 Palidensi

280 1779 420 1845 ecclesie
442 1780 565 1845 tradita
588 1780 631 1845 ad
654 1779 850 1866 stipendium
872 1780 1009 1843 fratrum
1031 1779 1123 1861 regia
1145 1776 1198 1842 vel
1226 1778 1385 1862 imperiali
1415 1782 1638 1847 munificentia
1668 1781 1897 1847 corroboramus.

279 1883 436 1947 Decimae
470 1905 549 1949 sane
578 1905 637 1968 per
669 1883 860 1968 parochiam
887 1882 1070 1947 Palidensis
1101 1881 1239 1947 ecclesie
1268 1892 1301 1947 et
1329 1906 1388 1968 per
1417 1885 1557 1971 quedam
1591 1885 1752 1951 novalisl
1782 1885 1898 1950 eiusdem

279 1986 417 2051 ecclesie
440 2009 461 2051 a
482 1986 652 2051 monachis
675 1986 841 2051 novellata
865 2009 885 2050 a
906 1985 1085 2051 venerabili
1108 1984 1253 2050 Hsttone
1274 1986 1517 2071 Maguntinensi
1539 1989 1789 2076 archiepiscopo
1810 2000 1898 2054 nostre

279 2089 501 2154 admonitione
517 2100 550 2154 et
567 2088 637 2153 utili
652 2088 914 2173 Maguntinensis
937 2089 1075 2154 ecclesie
1098 2092 1400 2174 recompensatione
1424 2092 1529 2158 eidem
1552 2096 1801 2177 praenominate
1821 2092 1898 2157 eccle
1911 2112 1930 2157 u

281 2195 350 2258 sieq
373 2192 649 2258 irretractabiliter
671 2215 831 2258 concessa
853 2193 1081 2258 nichilominus
1105 2196 1300 2259 sanccimus.
1338 2192 1519 2259 Statuimus
1543 2204 1654 2260 autem
1678 2216 1708 2259 ut
1730 2210 1816 2260 nunus
1835 2225 1900 2259 cous

280 2416 376 2466 exinde
398 2416 496 2466 habeat
518 2421 675 2480 potestatem
698 2416 838 2466 exercendi
860 2410 956 2481 quodr
983 2416 1048 2466 velit
1075 2399 1127 2464 vel
1151 2401 1221 2466 elus
1244 2399 1333 2466 bona
1355 2423 1486 2487 quoquo
1509 2401 1609 2467 modo
1634 2403 1754 2466 iniuste
1775 2400 1900 2465 invadere

280 2505 425 2569 minuere
448 2503 499 2568 vel
522 2503 681 2586 alienare,
714 2504 772 2568 sed
795 2506 904 2568 omnia
932 2506 1060 2587 integra
1082 2505 1265 2568 consistant
1287 2512 1319 2567 et
1341 2503 1384 2569 ad
1407 2526 1520 2569 eorum
1541 2528 1620 2570 usus
1643 2526 1782 2592 quorum
1802 2514 1898 2570 susten

279 2609 396 2672 tationi
425 2607 546 2672 tradita
574 2617 664 2689 sunt,
695 2606 926 2693 perpetualiter
956 2616 1177 2690 permancant.
1222 2621 1301 2683 Quod
1328 2623 1351 2671 si
1380 2623 1440 2687 quis
1469 2630 1524 2673 arte
1553 2623 1646 2689 aliqua
1674 2625 1732 2674 sive
1760 2624 1817 2674 tolo
1836 2639 1873 2672 sen
1888 2631 1933 2678 ,ρο

281 2726 409 2775 violentis
431 2731 557 2796 queque
579 2709 670 2775 bona
691 2712 937 2796 praenominate
959 2710 1098 2775 ecclesie
1120 2711 1266 2774 minuere
1282 2713 1545 2796 praesumpserit,
1569 2728 1714 2777 anathema
1729 2729 1763 2777 sis
1776 2732 1801 2777 et
1814 2742 1827 2776 a
1840 2741 1899 2791 regno

281 2830 322 2879 «lei
346 2836 372 2879 et
394 2831 526 2879 consortio
549 2835 639 2879 sancte
662 2829 772 2879 ecclesie
795 2845 867 2879 nune
889 2834 915 2879 et
937 2845 1039 2893 semper
1062 2836 1215 2895 segregatus
1238 2835 1264 2879 et
1286 2830 1321 2877 sit
1343 2829 1430 2892 portio
1452 2830 1510 2878 eius
1532 2822 1617 2878 cum*
1641 2829 1761 2879 Sathena
1781 2838 1806 2878 et
1822 2828 1898 2891 angelis

281 2934 339 2985 eius
361 2948 445 2998 usque
468 2934 496 2981 in
518 2938 649 2998 eternum3
677 2932 736 2996 fiat,
765 2933 818 2983 fiat.
855 2916 901 2981 Ut
923 2926 1032 2981 autem
1060 2933 1109 2981 hec
1131 2938 1220 2982 nostre
1242 2916 1447 2981 auctoritatis
1470 2931 1578 2981 traditio
1601 2947 1618 2981 a
1641 2934 1745 2982 cunctis
1767 2930 1898 2981 fidelibus*

281 3037 351 3085 onisii
374 3040 492 3101 tempore
515 3022 640 3086 stabilis²
662 3036 737 3086 firma
760 3041 786 3086 et
808 3035 966 3086 inconvulsa
987 3041 1154 3100 permaneat,
1185 3036 1236 3085 hoc
1263 3040 1434 3099 praeceptum
1457 3035 1518 3085 iude
1540 3037 1721 3100 conscriptum
1744 3034 1819 3100 sigilli
1839 3035 1898 3083 uestri

281 3140 453 3203 impressione
475 3141 574 3205 signari
596 3142 722 3191 iussimus
745 3156 877 3205 manuque
900 3140 1008 3203 propria
1030 3144 1058 3187 ut
1081 3138 1150 3187 infra
1172 3138 1277 3188 videtur
1299 3139 1536 3189 corroboravimus.
1910 3150 1931 3197 25

384 3279 521 3363 Signum
544 3279 655 3344 domni
680 3277 812 3344 Ottonis
835 3278 1042 3343 invictissimi
1069 3280 1274 3365 imperatoris
1297 3280 1437 3364 augusti.

385 3433 476 3498 Data
498 3452 568 3499 xvn
592 3434 677 3499 kals.
699 3436 778 3500 maii
800 3457 886 3500 anno
910 3434 1071 3500 dominice
1099 3436 1333 3499 incarnationis
1362 3451 1537 3517 occcctu,
1572 3457 1660 3500 anno
1684 3439 1774 3522 regni
1797 3435 1900 3501 Ottonis

283 3535 393 3619 magni
415 3554 535 3620 xvun3
557 3548 667 3603 aetum
689 3538 826 3621 Pelithi3
849 3537 986 3603 feliciter
1007 3560 1112 3603 amen.
1138 3539 1203 3618 (Μ.)

1063 3778 1150 3853 lli).

1016 3934 1193 4013 (UWM)
1919 3962 1941 4009 so

293 4067 373 4144 Otto
400 4070 487 4143 stetu
513 4071 578 4143 der·
608 4070 752 4143 Trierer
778 4071 912 4144 Kirclie
939 4071 1005 4143 dos
1031 4071 1175 4145 Kloster
1201 4070 1318 4145 Oeneo
1344 4072 1485 4146 astruet.
1674 4125 1717 4136 ..
1759 4128 1800 4137 „
1840 4127 1877 4135 -

329 4305 333 4312 '
385 4295 506 4354 Kleines
534 4296 735 4355 Balduinrum
765 4314 821 4355 aies
850 4296 901 4354 der
928 4296 1017 4354 Mitte
1046 4297 1096 4354 des
1124 4300 1174 4356 14.
1198 4297 1251 4356 Jt.
1278 4297 1302 4369 f.
1327 4302 1368 4358 93
1397 4301 1438 4355 im
1459 4299 1487 4358 l.
1512 4299 1717 4360 Stautsurciuo
1737 4321 1778 4361 eu
1799 4301 1912 4360 Kobleru

388 4398 455 4477 (E).
478 4432 520 4441 -
543 4399 747 4458 Bulduiaeuru
769 4402 832 4458 siue
850 4401 980 4472 picturis
1003 4417 1059 4457 ors-s
1082 4399 1133 4457 der
1147 4400 1236 4458 Mitte
1257 4400 1307 4459 cles
1329 4405 1379 4459 14.
1397 4400 1449 4460 Ju.
1476 4400 1499 4473 f.
1517 4397 1568 4461 56'
1583 4404 1693 4461 chorda
1708 4402 1768 4481 (C).
1792 4439 1833 4448 —
1853 4403 1913 4463 Bul·

386 4501 529 4559 detineam
551 4518 617 4559 casn
635 4503 766 4573 picturis
788 4519 844 4561 uus
867 4503 920 4562 der
941 4504 1030 4562 Mitte
1052 4504 1101 4563 dos
1124 4504 1245 4563 1111.
1269 4502 1361 4574 [53¹
1385 4506 1496 4563 edendo
1517 4505 1578 4584 (D).

385 4657 481 4730 Beyer
495 4657 687 4716 Mittelrlreia.
707 4656 771 4717 ΟΒ.
797 4660 825 4726 1,
840 4661 904 4717 255
927 4666 961 4717 a⁰
976 4663 1038 4718 194
1061 4676 1118 4718 aas
1134 4657 1165 4719 Ο.
1190 4692 1230 4702 -
1254 4658 1382 4732 Sturrrps
1393 4660 1464 4733 Rep.
1481 4663 1553 4721 532.
1577 4695 1620 4703 -
1638 4662 1719 4721 (r'o‘rs
1735 4663 1916 4722 Mittelrhu'a.
1930 4676 1952 4723 st

384 4762 457 4834 Req.
482 4764 553 4821 952.

385 4915 472 4974 Illius
496 4916 670 4976 delatuit
692 4918 783 4976 dieses
806 4917 863 4987 D„
894 4917 1010 4976 rectrices
1034 4918 1086 4976 der
1107 4919 1301 4990 Recopuitioa
1322 4920 1399 4977 auct
1421 4922 1455 4977 ia
1476 4920 1524 4979 die
1549 4922 1612 4979 Zcit
1634 4940 1691 4981 son
1711 4926 1776 4983 940
1800 4924 1844 4982 bis
1865 4924 1921 4981 953

385 5037 425 5077 su
447 5024 544 5078 setsoa
566 5027 659 5091 eostre,
690 5021 778 5079 selbot
801 5022 846 5078 bei
868 5020 941 5078 aller
963 5021 1248 5094 Beutctsichtiyuep
1270 5021 1320 5081 des
1342 5022 1480 5096 lvciufipea
1504 5025 1643 5084 Wecoseu
1666 5026 1776 5085 iader
1797 5025 1922 5095 Stellatis

385 5122 435 5181 des
458 5124 510 5181 Kl.
531 5123 624 5183 Ocres
646 5124 690 5183 als
713 5125 929 5198 uouertrr'iqlict
953 5128 1005 5183 urit
1028 5125 1091 5183 dem
1114 5125 1231 5184 [stulte.
1252 5143 1308 5184 roa
1329 5124 1682 5197 marcomere
1704 5131 1759 5186 nsit
1781 5129 1834 5187 der
1846 5128 1924 5188 Dur-

382 5227 508 5300 stelluup
536 5231 670 5300 spdtrrer
695 5228 964 5287 Kaiserurlueulou
993 5229 1104 5287 ertlrt'rt
1132 5229 1256 5299 werden,
1286 5246 1318 5287 so
1340 5229 1423 5287 karta
1446 5248 1477 5288 er
1498 5230 1624 5289 sollertiis
1646 5233 1728 5289 nicht
1750 5230 1843 5290 duret
1864 5232 1924 5289 cino
1937 5246 1952 5293 t

382 5331 478 5389 wodor
499 5330 630 5390 10113ῖοί-
652 5334 725 5391 noch
739 5335 928 5406 seitprruu‘sse
943 5334 1083 5406 Fussuuq
1098 5334 1235 5405 sorberet
1252 5332 1375 5392 rcerdet.
1408 5333 1467 5392 Die
1481 5334 1650 5407 Fltlselruuq
1666 5352 1734 5408 erup
1750 5337 1791 5392 im
1807 5340 1856 5395 11.
1873 5334 1922 5393 Jt.

364 5512 422 5569 tot.
451 5520 471 5583 i)
490 5518 622 5568 Rudesrot
642 5518 694 5570 ΟΜ
795 5520 822 5584 k)
839 5521 953 5570 Tuserot
973 5519 1026 5570 ΟΜ
1125 5520 1145 5585 l)
1165 5521 1304 5585 Eis-ingen
1326 5519 1378 5570 ΟΜ
1477 5520 1512 5585 m)
1530 5522 1633 5570 tertiam
1652 5538 1678 5586 p.
1691 5538 1717 5572 v.
1731 5521 1760 5571 P.
1773 5520 1844 5584 selle
1861 5518 1929 5570 ι’πΟ

448 5586 516 5650 n)0,
534 5587 717 5654 crepe-itaquel
730 5590 843 5655 Popillii,
861 5589 933 5639 duna
946 5587 1028 5638 duret
1043 5590 1177 5639 Censetur
1200 5589 1310 5654 Popt'em
1324 5588 1350 5638 B
1437 5592 1462 5650 o)
1479 5588 1535 5645 ΟΜ,
1554 5590 1680 5639 ecclesias
1699 5588 1727 5640 Β
1813 5590 1841 5656 p)
1859 5604 1924 5640 nova

449 5656 571 5787 lpliaoffl
579 5661 704 5778 matibipiis
716 5661 962 5778 {corripensatione
981 5678 1002 5708 s.
1016 5675 1041 5723 p.
1062 5659 1173 5709 ecclesie
1190 5657 1260 5720 fehlt
1278 5660 1307 5708 iu
1327 5656 1351 5709 Ο
1449 5657 1470 5723 r)
1489 5658 1551 5722 quid
1571 5656 1624 5708 ΟΜ
1724 5662 1749 5717 s)
1770 5657 1827 5719 ou,
1850 5659 1883 5709 sd
1900 5657 1952 5772 B⁴
