4500 6420
356 432 420 497 386
952 439 1400 498 KAISERURKUNDEN.

459 721 474 801 t
497 773 698 790 ··········
722 723 737 805 ἒ
1755 723 1836 801 (sn.)
1875 722 1933 802 (st.
1949 721 2000 801 n.)

537 861 775 946 [Dcccculxun
800 871 833 925 et
855 863 979 947 imperii
1004 861 1113 926 domni
1138 860 1269 927 Ottonis
1293 847 1349 942 1i1,
1380 859 1557 924 indictione
1580 875 1648 941 vu3
1677 867 1787 922 actum
1809 859 1843 921 in
1867 859 1999 921 civitate

359 963 487 1045 Lusca,
510 963 647 1028 feliciter
669 986 774 1029 amen.

1137 1203 1221 1276 271.
2016 1231 2033 1279 o

365 1356 445 1432 ouo
468 1357 608 1432 suasu
625 1358 704 1430 uem
722 1358 961 1432 rasurum
980 1357 1128 1432 muare
1149 1384 1220 1430 von
1238 1326 1409 1456 Aqoruja
1434 1357 1504 1430 sa
1531 1355 1599 1432 oe
1614 1357 1807 1430 [normas
1832 1355 1888 1427 oa·
1912 1353 1998 1429 cor-

356 1503 468 1552 mons.
1538 1497 1634 1556 Pacis
1657 1499 1719 1557 964
1742 1495 1905 1554 Novnsber
1926 1499 1956 1554 1.

462 1696 642 1772 (septarium
655 1718 711 1759 voa
725 1698 937 1773 Aquileienses
952 1701 1018 1759 dem
1033 1700 1121 1760 mue
1133 1700 1182 1759 des
1198 1704 1249 1760 15.
1266 1700 1320 1761 us.
1337 1699 1361 1772 s.
1378 1688 1409 1759 3'
1424 1701 1467 1758 im
1481 1699 1509 1760 lr.
1527 1698 1729 1759 Stsatsarcltio
1741 1718 1782 1758 su
1798 1698 1924 1772 Vmerus
1939 1695 1999 1776 (O).

459 1854 613 1912 Muratori
636 1852 688 1914 SS.
713 1858 764 1924 16,
788 1858 830 1914 36
853 1856 900 1914 cit.
924 1888 966 1896 -
989 1853 1117 1926 Stumpf
1134 1854 1205 1927 Rey.
1230 1858 1317 1914 343⁰.

464 2007 597 2078 Verfasst
615 2026 671 2067 von
685 2009 725 2067 It.
745 2008 787 2079 0,
811 2009 931 2068 welches
948 2009 1002 2068 das
1017 2010 1056 2068 D.
1073 2010 1177 2083 Hupos
1192 2009 1256 2068 med
1270 2009 1398 2068 Lothnrs
1413 2026 1477 2067 rom
1493 2009 1526 2068 J.
1543 2012 1604 2068 931
1629 2007 1850 2087 (Forschunpcu
1866 2011 1916 2078 10,
1935 2011 1998 2068 300
2018 2025 2051 2073 10

459 2117 494 2169 a⁰
515 2109 569 2190 12)
591 2112 636 2171 als
656 2113 777 2187 Vorleqe
799 2114 940 2172 beuststc.

563 2314 601 2378 In
629 2317 758 2380 nomine
789 2325 901 2381 sancte
929 2326 962 2380 ct
983 2314 1149 2379 individue
1178 2315 1341 2379 trinitatis.
1380 2312 1459 2379 Otto
1489 2313 1600 2378 divina
1630 2314 1798 2379 ordinante
1827 2312 2000 2378 clementia

357 2417 534 2500 imperator
560 2427 728 2499 augustus.
830 2432 858 2482 si
881 2418 1057 2503 imperialis
1084 2432 1363 2497 providentissimae
1386 2433 1521 2482 inflamus
1543 2447 1632 2482 amore
1655 2419 1777 2482 sanctis
1800 2431 1866 2483 locis
1887 2431 2001 2482 libenter

358 2534 483 2584 exhibere
509 2535 658 2595 contendit,
686 2534 779 2599 procul
802 2535 883 2586 dubio
905 2536 1015 2600 gloriam
1039 2541 1127 2586 eterne
1149 2538 1323 2600 possessionis
1345 2543 1508 2601 promeretur
1531 2542 1557 2585 et
1579 2535 1676 2585 divinis
1698 2535 1866 2586 adminiculis
1888 2550 1999 2601 reguum

359 2639 416 2686 eius
438 2636 525 2687 fulciri
548 2653 601 2687 uon
624 2638 767 2703 ambigitur
778 2632 798 2688 ⁸.
835 2640 1003 2703 Quapropter
1030 2641 1146 2689 omnium
1175 2639 1291 2689 fidelium
1315 2645 1406 2690 sancte
1428 2639 1471 2690 dei
1493 2639 1604 2690 ecclesie
1626 2657 1642 2687 e
1664 2641 1826 2704 presentium
1849 2638 1951 2689 scilicet
1973 2643 2000 2689 et
2020 2647 2051 2694 15

358 2741 507 2791 futurorum
529 2744 634 2792 novarit
655 2742 770 2805 solertia,
792 2727 979 2792 Rcdcldum
1001 2745 1246 2794 reverendissimum
1268 2728 1499 2814 patriarcham,
1523 2749 1641 2794 nostrum
1664 2743 1788 2794 videlieet
1809 2731 2000 2814 precipuum

358 2843 469 2906 fidelem,
492 2826 633 2894 nostraml’
655 2844 791 2895 humilime
814 2846 911 2896 adiisse
932 2833 1230 2914 mansuetudinem,
1253 2830 1450 2917 postulando
1473 2851 1605 2910 qnatenus
1628 2847 1662 2895 ob
1685 2846 1803 2895 divinum
1825 2847 1952 2896 intuitum
1974 2851 2001 2895 et

357 2953 446 2998 nostro
473 2949 559 2997 anime
582 2948 725 2998 remedium
746 2965 763 2996 e
785 2949 916 3014 quendam
943 2933 1052 2999 locum
1081 2934 1194 3000 subtus
1217 2932 1390 2999 Oromonis
1413 2942 1555 2998 castrum
1578 2932 1753 2998 Intercisas
1777 2943 2000 3019 nuncupatum

358 3056 448 3101 sancte
463 3045 683 3116 nequilogiensi⁶
706 3051 816 3102 ecclesio
833 3070 850 3100 s
867 3055 1002 3117 perpetuis
1024 3054 1187 3117 temporibus
1210 3053 1360 3103 habendum
1381 3055 1439 3103 iure
1461 3053 1635 3117 proprietario
1658 3052 1801 3103 concedere
1823 3053 1999 3118 dignaremur.

358 3138 458 3203 Cuius
485 3141 577 3202 iustis
600 3155 724 3219 precibus
746 3157 862 3204 animum
886 3162 974 3206 nostre
997 3156 1174 3206 benivolentie
1197 3157 1230 3206 de
1253 3172 1324 3207 more
1346 3157 1481 3206 flectentes
1503 3149 1710 3225 pretaxatam
1739 3149 1857 3204 terram
1886 3139 2000 3204 subtus
2019 3159 2053 3206 20

358 3239 529 3306 Cremonis
552 3251 696 3307 castrum
718 3240 791 3307 loco
814 3252 1003 3328 nuncupato
1027 3243 1202 3308 Intercisas
1226 3243 1266 3307 de
1288 3253 1400 3308 nostro
1427 3246 1496 3308 iure
1520 3264 1559 3306 ac
1582 3242 1726 3308 dominio
1749 3246 1782 3307 in
1805 3246 1874 3307 eius
1897 3246 1947 3307 ius
1969 3253 2002 3308 et

359 3341 536 3408 dominium
555 3364 646 3409 sancte
660 3360 871 3425 Acquilegiensis
887 3361 998 3411 ecclesie
1021 3349 1149 3431 penitus
1168 3362 1336 3411 concedimus
1352 3356 1385 3410 et
1399 3344 1627 3431 perdonamus,
1651 3368 1782 3427 quatenus
1796 3363 1866 3412 idem
1882 3377 2001 3412 reveren-

358 3460 481 3509 dissimus
503 3445 690 3531 patriarcha
707 3462 749 3511 vel
769 3465 814 3527 qui
831 3479 880 3526 pro
895 3469 1013 3528 tempore
1028 3465 1055 3512 in
1070 3463 1189 3528 predicta
1208 3448 1283 3513 sede
1307 3448 1447 3513 ordinati
1466 3463 1573 3524 luerint,
1595 3463 1711 3513 habeant
1725 3469 1833 3514 teneant
1848 3464 2002 3528 possideant

359 3570 385 3614 et
408 3564 531 3614 ordinent
552 3564 731 3616 ecclesiastico
754 3552 834 3633 iure,
857 3572 937 3631 prout
959 3568 997 3616 eis
1020 3566 1113 3616 melius
1132 3583 1148 3614 u
1170 3567 1256 3616 visum
1279 3567 1366 3617 fuerit.
1403 3550 1622 3634 precipientes
1644 3551 1753 3636 itaque
1777 3552 1907 3615 omnino
1931 3572 2000 3635 pre·

359 3653 495 3735 cipimus
519 3673 548 3716 ut
570 3667 659 3716 nullus
688 3668 742 3717 dux
770 3669 886 3718 marchio
915 3685 1002 3719 comes
1029 3671 1175 3718 vicecomes
1203 3668 1340 3735 gastaldus
1369 3673 1416 3718 aut
1444 3668 1570 3733 quislibet
1591 3669 1628 3717 rei
1651 3668 1757 3732 publice
1781 3675 1888 3719 exactor
1910 3676 2002 3718 contra
2018 3673 2052 3722 25

358 3770 426 3819 lianc
449 3775 537 3818 nostre
560 3769 710 3819 donationis
732 3757 959 3820 auctoritatem
983 3774 1119 3837 insurgere
1141 3765 1285 3839 conetur,
1309 3772 1354 3821 sed
1369 3771 1448 3821 liceat
1464 3771 1547 3822 eidem
1570 3772 1694 3837 religioso
1717 3759 1877 3841 patriarce
1901 3771 1943 3821 vel
1959 3772 2000 3821 his

358 3873 404 3937 qui
426 3887 473 3935 pro
496 3876 613 3935 ternpore
635 3872 747 3933 fuerint,
776 3888 824 3937 pro
847 3876 943 3923 nostris
972 3875 1135 3924 inconvulsis
1164 3874 1299 3924 beneficiis
1321 3874 1473 3925 salutiferas
1495 3876 1627 3925 orationes
1649 3867 1707 3938 [pro
1730 3856 1852 3934 nostre]d
1880 3875 2001 3924 tuitionis

359 3975 505 4024 salvatione
527 3992 543 4022 e
565 3975 599 4024 ad
622 3975 699 4025 deum
728 3977 890 4026 incessanter
918 3977 1059 4028 effundere.
1097 3978 1124 4027 Si
1147 3979 1206 4042 quis
1229 3994 1291 4028 vero
1320 3984 1413 4028 contra
1441 3979 1492 4028 hoc
1521 3962 1705 4027 donationis
1735 3974 1925 4048 preceptum
1954 3964 2000 4026 iu·

357 4063 522 4146 fringere⁰
544 4079 693 4140 tentaverit,
716 4079 782 4128 sciat
804 4095 832 4128 se
855 4082 1061 4143 compositurnm
1083 4082 1141 4130 auri
1165 4081 1257 4145 optimi
1279 4081 1360 4131 libras
1382 4075 1527 4148 centum,
1550 4082 1717 4131 medietatem
1739 4097 1840 4131 camere
1864 4086 1953 4131 nostre
1975 4088 2002 4130 et

360 4180 527 4231 medietatem
548 4166 674 4251 prefate
697 4181 807 4231 ecclesie
822 4182 932 4247 eiusque
948 4182 1118 4248 pontificibus
1136 4170 1191 4253 qui
1210 4190 1269 4252 pro
1289 4177 1434 4253 tempore
1451 4169 1580 4232 fuerint.
1614 4184 1651 4233 Et
1665 4188 1695 4233 nt
1709 4184 1760 4234 hoc
1775 4185 1863 4233 verius
1878 4183 2001 4234 credatur
2018 4188 2052 4236 30

359 4281 564 4348 diligentiusque
586 4285 748 4345 observetur,
771 4298 851 4333 manu
873 4287 981 4351 propria
1002 4287 1157 4337 roborantes
1180 4286 1212 4337 de
1235 4270 1358 4337 sunulo¹
1378 4281 1491 4336 nostro
1514 4288 1608 4336 subtus
1631 4288 1755 4337 iussimus
1777 4272 1934 4356 insigniri.

462 4421 597 4505 Signum
620 4424 731 4507 magni
755 4422 885 4489 Ottonis
910 4427 975 4506 (Μ.)

464 4543 677 4627 Liutgerius⁸
700 4541 849 4608 advicem
864 4544 1025 4610 Vuidonis
1049 4547 1195 4630 episcopi
1217 4555 1250 4610 et
1271 4545 1550 4610 archicancellarii
1572 4547 1760 4628 recognovi.

461 4697 551 4761 Data
568 4697 635 4762 lral.
655 4698 822 4764 novembr.
845 4722 932 4764 auno
955 4699 1116 4764 dominice
1138 4700 1370 4764 incarnationis
1389 4716 1597 4783 nccccuxlu,
1621 4698 1798 4765 indictione
1816 4718 1890 4783 vm,
1914 4723 2000 4767 anuo

360 4823 438 4865 vero
467 4801 593 4884 imperii
621 4803 731 4885 magni
756 4801 886 4867 Ottonis
914 4804 1119 4887 imperatoris
1149 4805 1277 4885 augusti
1307 4805 1424 4883 tercio,
1457 4812 1567 4867 actum
1595 4804 1627 4866 in
1657 4805 1789 4867 civitate
1817 4804 1934 4889 Papie3
1967 4806 1999 4868 in
2019 4819 2052 4867 so

364 4901 484 4967 Christi
507 4905 638 4968 nomine
660 4903 805 4969 feliciter.

445 5085 643 5157 271.[srcke1]
748 5093 773 5152 a)
794 5094 819 5142 ei
837 5093 854 5142 f.
873 5110 899 5143 n.
918 5093 1114 5160 ambigimurO
1197 5096 1225 5162 b)
1243 5094 1399 5147 nostrumO
1481 5099 1506 5157 c)
1522 5095 1771 5162 AcquilegiensisO
1853 5095 1881 5161 d)
1900 5098 2003 5160 agdus!

528 5157 597 5208 nach
615 5159 663 5210 der
680 5158 735 5211 VU.
840 5163 865 5221 e)
886 5160 914 5222 0,
933 5165 1068 5230 insurgere
1086 5161 1140 5214 VU.
1245 5163 1439 5224 hannulloO
1537 5170 1565 5231 g)
1583 5165 1734 5231 Lintergius
1755 5164 1782 5215 0.
