4298 6414
902 467 1025 524 ΟΤΤΟ
1048 468 1073 523 Ι.
1096 464 1167 522 967.
1790 457 1853 522 477

312 652 464 727 scbloyen,
499 654 553 711 soie
580 654 622 711 sic
650 651 715 709 dem
741 669 803 710 nur
829 671 871 711 aa
899 652 1092 712 mammea
1121 652 1212 714 sonae
1238 654 1315 712 nube
1341 654 1475 712 toramen
1503 653 1567 713 aad
1594 654 1660 712 dem
1689 652 1857 726 dunelmen

315 756 591 830 Soraclrpcbraucte
612 755 808 828 eatspreclvcn.

417 959 456 1024 In
479 962 609 1025 nomine
632 970 744 1025 sancte
768 969 800 1024 et
822 960 988 1024 individue
1010 962 1173 1025 trinitatis.
1219 959 1296 1024 Otto
1321 959 1431 1025 divina
1453 961 1582 1025 favente
1605 961 1777 1027 clementia
1798 964 1856 1026 im·

208 1073 344 1149 perator
370 1073 539 1147 augustus.
639 1063 791 1128 Omnium
821 1074 933 1128 sancte
962 1064 1013 1128 dei
1043 1063 1178 1128 ecclesie
1206 1061 1351 1127 fidelium
1380 1085 1420 1126 ac
1447 1073 1632 1129 nostrorum
1657 1068 1855 1151 presentium

211 1166 338 1233 scilieet
364 1189 403 1232 ac
433 1167 615 1232 futurorum
643 1169 770 1231 noverit
798 1166 958 1232 industria
987 1168 1139 1253 qualiter,
1173 1167 1395 1232 resedentibus
1418 1167 1589 1233 nobiscum
1616 1152 1856 1235 venerabilibus

211 1270 361 1334 Radaldo
392 1270 605 1356 Aquileensi⁸
634 1271 835 1356 patriarcha,
868 1271 963 1335 Petro
995 1272 1176 1335 Ravennati
1207 1270 1472 1355 archiepiscopo,
1507 1270 1680 1336 Diederico
1708 1273 1856 1356 Metensi,

214 1371 411 1436 Landvardo
434 1373 599 1437 Mindensi
623 1374 786 1458 episcopis
809 1384 841 1438 et
864 1374 903 1438 de
927 1385 1014 1439 statu
1035 1374 1172 1438 ecclesie
1195 1372 1432 1456 tractantibus,
1459 1377 1603 1438 maxima
1626 1378 1731 1440 tocius
1754 1376 1856 1440 clerib

214 1475 412 1539 Ravennatis
443 1475 580 1540 ecclesie
609 1486 641 1540 et
669 1478 811 1540 maxime
840 1477 1073 1542 monachorum
1104 1499 1146 1541 ex
1175 1479 1373 1542 monasterio
1403 1477 1491 1542 beati
1519 1478 1629 1544 Severi
1659 1480 1856 1545 confessoris

216 1577 426 1662 proclamatio
456 1587 571 1664 questa
601 1587 665 1661 est,
701 1581 925 1663 possessiones
955 1579 1091 1645 ecclesie
1120 1582 1167 1643 ita
1193 1601 1213 1643 a
1241 1581 1333 1644 laicis
1361 1583 1493 1645 invasas
1506 1589 1526 1663 ⁰,
1559 1591 1595 1645 ut
1618 1581 1659 1645 ob
1682 1583 1802 1647 famem
1825 1593 1857 1648 et

217 1683 391 1748 nuditatem
414 1682 526 1767 regula
548 1685 727 1766 constringi
750 1685 882 1748 minime
904 1683 1064 1764 valerent,
1090 1682 1226 1748 ecclesie
1249 1692 1336 1747 tecta
1359 1683 1526 1765 caderent,
1556 1686 1696 1768 parietes
1720 1687 1856 1770 precipi-

218 1786 297 1849 cium
320 1787 534 1865 imminerent,
559 1785 704 1850 turbines
727 1796 760 1850 et
781 1785 883 1850 nimbi
907 1786 1023 1850 altaria
1045 1794 1078 1849 et
1100 1783 1280 1871 quiequidd
1302 1785 1344 1851 ad
1366 1796 1499 1850 ornatus
1513 1787 1619 1851 fuerat
1634 1787 1752 1851 cotidie
1767 1788 1856 1852 feda-

218 1899 298 1971 rent3
322 1898 419 1953 mos⁶
441 1891 526 1952 euim
549 1898 607 1969 est,
632 1890 726 1975 quasi
748 1888 808 1953 hec
831 1890 877 1953 ita
900 1910 1028 1953 omnem
1051 1887 1222 1952 ecclesiam
1242 1890 1482 1974 possessionem
1497 1890 1687 1973 nudaverat,
1711 1901 1747 1956 ut
1765 1895 1856 1977 pravi

220 2002 247 2055 ct
266 1992 376 2077 cupidi
401 1991 537 2056 abbates
560 2001 592 2056 et
614 2002 768 2075 rectores,
791 1990 877 2056 unde
895 1989 1083 2055 ‘annualiter
1104 1992 1242 2074 vinginti
1265 1990 1420 2054 librarum
1445 1993 1590 2075 precium
1613 1995 1645 2056 in
1666 1992 1855 2080 obsequium

220 2095 347 2159 baurim
370 2094 490 2159 habere
514 2105 657 2179 possent,
682 2117 740 2179 per
761 2094 890 2161 libellos
914 2094 1095 2179 ceterisque
1112 2095 1340 2178 inscriptiones
1356 2094 1399 2157 ad
1416 2094 1589 2160 solvendos
1606 2094 1718 2160 decem
1735 2096 1856 2163 solidos

221 2197 409 2263 censualiter
430 2197 523 2262 laicis
546 2197 721 2278 traderent,
744 2207 780 2262 ut
803 2209 859 2263 aut
882 2221 922 2262 ex
946 2218 1112 2281 nunquam
1135 2196 1178 2259 ad
1201 2195 1372 2261 ecclesiam
1396 2198 1633 2282 imperpetuum
1656 2198 1857 2265 deveniret⁸

221 2300 361 2382 Quorum
383 2302 557 2387 petitiones
581 2310 618 2364 ut
641 2302 775 2385 dignum
799 2311 849 2366 est
872 2300 1041 2365 audientes
1064 2322 1123 2384 pro
1148 2300 1199 2364 dei
1223 2321 1334 2366 amore
1358 2311 1508 2387 statuque
1538 2304 1665 2387 imperii
1692 2306 1796 2368 nostri
1823 2306 1857 2368 in

217 2427 276 2490 qua
305 2407 357 2470 fas
385 2406 506 2487 fuerat,
542 2428 584 2470 ex
613 2407 757 2469 maxima
788 2401 905 2490 pa[rte]
936 2402 1073 2489 predicti
1101 2401 1191 2467 beati
1220 2401 1330 2468 Severi
1354 2406 1551 2469 monasterio
1577 2409 1802 2490 possessiones
1826 2416 1858 2471 et

215 2505 432 2592 scriptiones‘
453 2507 663 2573 reddidimus.
697 2508 747 2572 Ne
768 2530 845 2592 ergo
869 2507 1014 2572 laborem
1038 2515 1186 2570 nostrum
1210 2507 1240 2569 in
1264 2516 1430 2590 posterum
1454 2508 1568 2572 similis
1590 2518 1689 2573 most
1711 2520 1857 2589 evacuet,

210 2610 273 2677 illis
299 2611 510 2677 concedimus
532 2621 680 2675 nostram
703 2611 922 2675 domnicatam
945 2607 1086 2674 insulam
1109 2611 1204 2673 esino
1226 2631 1330 2695 usque
1353 2610 1396 2674 ad
1418 2632 1517 2693 mare,
1542 2635 1562 2676 a
1580 2611 1749 2676 Padareno
1769 2612 1857 2676 vide-

209 2713 289 2779 licet
310 2715 443 2778 flumine
463 2736 568 2799 usque
591 2714 635 2778 ad
657 2713 818 2779 candiani
841 2723 981 2798 portum,
1004 2721 1041 2776 ut
1062 2720 1194 2775 utentur
1217 2735 1256 2776 ea
1280 2715 1458 2797 piscatione
1481 2724 1513 2778 et
1536 2718 1677 2800 pascuis.
1722 2716 1765 2780 Et
1788 2739 1856 2801 pre-

206 2819 370 2902 cipientes
394 2819 590 2902 precipimus
614 2838 654 2881 ac
678 2839 736 2902 per
757 2817 820 2881 hoc
843 2814 981 2881 nostreh
1010 2815 1215 2879 auctoritatis
1248 2827 1437 2901 preceptum
1465 2820 1596 2883 omnino
1625 2819 1790 2899 iubemus,
1821 2831 1858 2884 ut

206 2923 319 2986 nullus
348 2945 407 2986 rex
435 2920 544 2986 nullus
574 2922 838 3007 archiepiscopus
869 2920 1041 3006 <nullaque
1065 2918 1224 3002 ecclesia>
1250 2919 1358 2984 nullus
1381 2922 1557 3005 episcopus
1580 2920 1687 2985 nullus
1711 2919 1855 2986 marchio

206 3025 318 3091 nullus
342 3047 453 3090 comes
475 3047 580 3110 neque
602 3028 785 3090 vicecomes
814 3023 967 3109 nullaque
996 3025 1101 3086 maior
1123 3021 1175 3085 vel
1198 3024 1304 3086 minor
1326 3044 1468 3106 persona
1491 3023 1598 3087 nullus
1621 3024 1766 3088 eiusdem
1789 3047 1856 3089 mo-

206 3132 347 3195 nasterii
379 3129 482 3194 abbas
511 3139 568 3194 aut
596 3129 776 3194 monachus
804 3127 995 3193 facultatem
1027 3124 1147 3189 habeat
1175 3147 1227 3189 res
1254 3123 1392 3189 ecclesie
1425 3124 1617 3191 distribuere
1649 3149 1707 3212 per
1729 3126 1856 3191 libellos

209 3255 271 3296 seu
294 3255 352 3316 per
374 3231 484 3317 aliqua
506 3233 684 3297 munimina
707 3240 762 3294 aut
791 3253 850 3316 per
875 3227 1061 3296 infiteosini
1089 3228 1186 3292 alicui
1215 3228 1408 3309 inscribere,
1443 3230 1503 3292 nisi
1532 3229 1773 3294 laboratoribus
1803 3233 1856 3316 qui

208 3339 354 3422 propriis
382 3336 533 3402 manibus
562 3346 682 3400 terram
710 3336 862 3401 laborant
873 3334 897 3419 k,
931 3359 972 3400 ne
1002 3336 1086 3398 sieut
1117 3344 1251 3399 actenus
1279 3334 1430 3398 monachi
1459 3334 1539 3398 inibi
1574 3334 1769 3400 famulantes
1799 3334 1858 3399 ea¹

211 3442 389 3504 occasione
418 3439 459 3504 ob
487 3441 631 3524 inopiam
658 3439 850 3522 regulariter
877 3461 912 3504 se
941 3461 1007 3503 nou
1034 3461 1133 3524 posse
1161 3441 1269 3502 vivere
1298 3436 1419 3501 dicant.
1464 3437 1498 3501 Si
1530 3439 1601 3523 quis
1631 3446 1739 3502 autern
1761 3438 1857 3501 huius

211 3545 316 3608 nostri
340 3545 485 3628 precepti
509 3553 654 3608 tenorem
677 3543 827 3627 frangere
848 3542 903 3608 vel
925 3543 1050 3607 violare
1072 3543 1297 3626 temptaverit,
1334 3542 1417 3603 sciat
1445 3562 1479 3604 sc
1508 3542 1764 3624 compositurum
1787 3544 1857 3605 auri

215 3646 326 3728 optimi
350 3643 450 3708 libras
474 3652 619 3726 centurn,
642 3644 851 3708 medictatem
872 3657 1034 3709 camere¹¹¹
1056 3655 1168 3710 nostre
1192 3653 1225 3708 ot
1246 3644 1454 3709 medietatem
1478 3642 1624 3727 predicto
1647 3645 1856 3707 monasterio.

216 3746 312 3827 Quod
334 3756 370 3809 ut
391 3749 499 3810 verius
523 3746 674 3811 credatur
697 3746 948 3832 diligentiusque
970 3749 1004 3810 in
1026 3757 1219 3832 perpetuum
1232 3759 1245 3785 ¹¹
1275 3746 1464 3811 observetur
1492 3744 1534 3809 ab
1560 3746 1724 3828 omnibus,
1759 3768 1858 3811 manu

215 3851 348 3935 propria
370 3848 480 3914 subter
501 3849 668 3914 firmantes
690 3872 732 3913 ex
755 3848 852 3913 anulo
877 3859 990 3914 nostro
1016 3849 1240 3934 <veraciter>⁰
1263 3851 1409 3933 insigniri
1432 3851 1596 3913 iussimus.

317 4011 452 4097 Signum
475 4012 585 4076 domni
609 4010 739 4076 Ottonis
765 4013 828 4092 (M.)
855 4013 1050 4077 serenissimi
1075 4014 1290 4099 imperatoris.

315 4141 509 4207 Ambrosius
533 4142 747 4207 cancellarius
774 4141 923 4206 advioern
947 4141 1110 4207 Hubertiv
1140 4145 1286 4227 episcopi
1314 4152 1346 4206 et
1374 4142 1653 4208 archicancellarii
1680 4145 1857 4228 recognovi

214 4253 246 4309 et
269 4245 458 4330 subscripsi.

318 4409 407 4472 Data
431 4427 489 4473 vn.
513 4407 675 4474 kalendas
698 4407 878 4473 decembris
902 4432 988 4473 anno
1017 4410 1179 4474 dominice
1208 4411 1442 4475 incarnationis
1472 4426 1696 4492 Dccccuxvn,
1731 4412 1857 4495 imperii

214 4535 291 4577 vero
315 4511 425 4577 domui
450 4511 580 4578 Ottonis
604 4514 740 4597 piissimi
765 4515 886 4577 cesaris
911 4531 956 4596 vi,
980 4512 1138 4577 inditione
1162 4529 1216 4595 x13
1247 4521 1356 4576 actum
1379 4512 1410 4574 in
1434 4512 1561 4595 prefato
1585 4514 1801 4593 monasterio3
1825 4515 1857 4575 in

216 4616 267 4682 dei
289 4619 419 4682 nomine
440 4618 578 4683 feliciter
601 4640 705 4681 amen.

300 4829 358 4884 349.
385 4828 554 4898 [Lasrlritzer]
659 4834 684 4896 a)
704 4831 731 4893 0,
759 4833 905 4899 Aquiliensi
923 4832 950 4882 B
1048 4833 1074 4894 b)
1092 4833 1181 4882 clerici
1200 4829 1251 4881 Bc
1355 4834 1378 4887 c)
1398 4832 1724 4896 possessiones-invasa
1742 4831 1776 4891 B,
1798 4848 1858 4897 pos·

386 4903 707 4952 sessionem—invasam
728 4900 751 4952 O
860 4901 887 4958 dt
906 4901 1035 4966 quidquid
1056 4900 1079 4950 0
1188 4902 1212 4961 e)
1232 4917 1289 4950 mos
1307 4928 1340 4936 -
1360 4900 1494 4949 deveniret
1512 4898 1573 4959 130,
1600 4906 1661 4949 stult
1684 4899 1773 4949 desen
1794 4907 1858 4950 ctwa

385 4986 442 5019 mos
467 4973 536 5018 enim
561 4978 611 5033 est,
640 4973 685 5036 qui
708 4973 777 5020 sicut
798 4971 841 5020 hie
859 4973 897 5020 ita
916 4987 1020 5020 omnem
1039 4970 1178 5019 ecclesiam
1196 4971 1393 5035 possessionum
1411 4969 1642 5033 (possessionibus)
1661 4970 1808 5019 nudaverat
1826 4998 1858 5006 —

385 5054 433 5103 per
450 5038 555 5088 libellos
575 5047 757 5104 certorumque
780 5042 963 5104 inscriptiones
984 5043 1034 5099 (res
1054 5039 1192 5103 ecclesiae)
1212 5038 1245 5087 ad
1264 5038 1405 5088 solvendos
1428 5065 1460 5072 —
1482 5038 1626 5099 traderent,
1657 5044 1686 5087 ut
1708 5046 1795 5087 autern
1815 5042 1859 5088 vix

386 5115 432 5157 aut
444 5123 576 5172 nunquam
597 5112 643 5169 (ita
656 5110 739 5157 utrix
753 5110 954 5174 autnunquarn)
974 5123 1068 5157 census
1087 5109 1244 5157 constitutus
1263 5107 1296 5157 ad
1316 5107 1454 5157 ecclesiam
1472 5109 1500 5155 in
1518 5107 1704 5172 perfruendum
1723 5106 1859 5157 deveniret

384 5176 583 5242 flucripteBO
665 5179 692 5242 g)
710 5177 828 5226 eiusBO
911 5177 938 5237 h)
957 5186 986 5226 ut
1004 5192 1051 5242 per
1069 5177 1137 5226 hanc
1155 5184 1271 5227 nostram
1282 5175 1317 5241 B,
1336 5176 1507 5240 acperhunc
1525 5174 1681 5225 uostrumO
1764 5177 1783 5240 i)
1801 5177 1858 5225 inli-

385 5247 480 5295 teosim
498 5245 525 5295 B
619 5247 647 5308 k)
667 5263 713 5312 per
737 5247 783 5295 inf.
812 5248 862 5295 nisi
890 5246 1083 5295 laboratoribus
1111 5247 1155 5309 qui
1178 5262 1202 5309 p.
1229 5261 1262 5294 m.
1287 5252 1304 5293 t.
1333 5245 1455 5294 laborant
1479 5245 1558 5293 alicui
1585 5246 1728 5294 inscribere
1753 5261 1786 5294 no
1810 5243 1862 5295 130

387 5314 407 5373 l)
426 5328 457 5363 eo
475 5313 509 5375 B,
529 5314 579 5364 deo
600 5313 623 5364 0
705 5317 741 5377 m)
761 5331 864 5364 camare
882 5314 908 5363 B
1001 5316 1029 5374 n)
1048 5316 1240 5378 imperpetuum
1261 5312 1286 5363 B
1381 5311 1794 5376 0)130,or·euetctrenuraaden
1811 5330 1859 5362 aar

385 5385 413 5432 in
431 5383 504 5433 calco
600 5385 627 5448 p)
647 5384 739 5434 Ulrerti
760 5384 792 5442 0,
822 5385 934 5433 Hilberti
954 5383 986 5432 B.
