4500 6420
972 471 1424 530 KAISERURKUNDEN.

479 676 535 718 aas
549 658 587 717 A.
612 691 654 702 —
677 657 855 717 Hasselboct
871 655 932 716 OD.
949 658 1143 715 Pomeram'oc
1157 660 1198 717 21
1216 660 1285 715 o⁰8
1307 672 1364 713 aas
1379 652 1408 712 A
1433 677 1470 705 =
1495 651 2022 722 Meckleob.UB.1,19a⁰16.—

479 762 608 821 Bdbmer
630 761 701 834 Ray.
724 764 797 821 299.
821 794 863 805 -
885 759 1014 833 Stampf
1031 761 1103 833 Rep.
1127 763 1200 819 375.

480 917 542 975 Voa
564 916 632 975 LG.
656 916 783 988 sarsosst
805 916 870 974 aad
889 917 1082 990 pescbriebea.

480 1123 537 1203 (C.)
558 1118 572 1199 l
593 1120 631 1184 In
654 1121 784 1185 nomine
807 1130 940 1184 sauctae
963 1129 996 1184 et
1018 1120 1204 1185 individuae
1227 1121 1390 1184 trinitatis.
1436 1118 1514 1183 Otto
1546 1117 1656 1182 divina
1687 1116 1818 1181 favente
1849 1114 2021 1179 clementia

376 1227 554 1311 imperator
576 1232 745 1309 augustus.
844 1224 1034 1305 Quoniam²
1057 1215 1130 1289 loca
1154 1224 1214 1290 deo
1239 1233 1271 1287 ct
1294 1224 1415 1288 sanctis
1438 1224 1507 1287 eius
1529 1217 1676 1303 §dicato
1698 1219 1853 1285 munifica
1876 1230 2054 1284 antecesn

377 1352 486 1394 sorum
509 1338 704 1410 nostrorum,
727 1324 880 1391 videlicet
902 1350 1015 1410 regum
1037 1338 1094 1393 aut
1117 1326 1385 1414 i[m]peratorum,
1412 1328 1564 1412 largitate
1587 1334 1776 1391 constructa
1799 1327 1867 1389 sive
1891 1321 2021 1389 ditatab

377 1456 447 1498 esse
476 1443 671 1497 noscuntur:
705 1432 827 1496 idcirco
857 1454 916 1496 nos
947 1452 1007 1515 pro
1037 1442 1123 1497 statu
1149 1444 1180 1497 et
1210 1434 1433 1499 incolomitate
1462 1432 1587 1516 imperii
1611 1432 1713 1494 nostri
1738 1429 1779 1493 ob
1804 1450 1895 1513 spem
1918 1428 2021 1513 peroi-

376 1536 493 1623 piende
515 1559 535 1598 a
559 1535 619 1599 deo
643 1534 864 1598 retributionis
888 1534 1006 1599 similia
1029 1535 1092 1599 illis
1115 1558 1212 1620 agere
1233 1536 1285 1600 vel
1308 1537 1428 1601 imitari
1451 1557 1618 1600 conamur.
1663 1531 1826 1617 Quicquid
1848 1534 1935 1596 enim
1958 1530 2019 1595 deo

375 1642 516 1725 propitio
540 1637 685 1704 censuali
706 1640 776 1703 iure
799 1660 819 1700 a
843 1636 981 1702 subditis
1009 1638 1104 1702 nobis
1135 1639 1329 1705 Sclauorum
1356 1638 1559 1720 nationibus,
1589 1635 1743 1701 videlicet
1764 1635 1920 1717 Uerania,
1947 1634 2020 1698 Rie-

375 1747 460 1826 zani‚
482 1743 629 1825 Riedere‚
652 1741 846 1824 Tolensane,
869 1741 1080 1826 Zerezopani,
1103 1745 1136 1807 in
1155 1753 1290 1826 argento
1315 1742 1359 1806 ad
1381 1742 1548 1828 publicum
1571 1750 1680 1806 nostre
1703 1739 1881 1803 maiestatis
1903 1737 2019 1802 fiscum
2039 1757 2072 1803 10

375 1847 579 1932 persolvitur,
598 1848 666 1909 sive
682 1855 793 1910 nostro
810 1847 870 1910 iuri
887 1847 1028 1930 aspiciat
1046 1847 1115 1909 sive
1130 1846 1228 1910 alicui
1247 1846 1391 1911 fidelium
1414 1855 1600 1911 nostrorum
1622 1842 1865 1907 beneficiarium
1888 1843 2018 1923 existat,

376 1950 537 2015 decimam
554 1951 659 2014 tocius
675 1971 792 2022 census
812 1948 898 2014 illius
915 1949 976 2013 deo
997 1959 1174 2035 sanctoque
1190 1949 1350 2014 Mauricio
1367 1949 1410 2013 ad
1425 1947 1654 2014 concinnanda
1676 1946 1849 2011 luminaria
1864 1944 2019 2029 Magada·

374 2052 481 2137 brugc
512 2055 580 2117 sive
609 2052 776 2116 thimiama
806 2051 977 2117 emendum
1006 2054 1170 2117 offerimus
1201 2063 1247 2117 ct·
1262 2053 1432 2117 donamus.
1476 2053 1520 2116 Et
1542 2061 1577 2115 ut
1600 2052 1662 2115 hoc
1685 2051 1887 2115 auctoritatis
1910 2058 2018 2113 nostre

374 2166 563 2242 preceptum
586 2154 741 2239 fir[mu]m
764 2164 796 2220 ct
818 2155 935 2219 stabile
957 2165 1163 2241 permaneat,
1198 2166 1323 2219 cartam
1351 2155 1435 2219 hanc
1465 2154 1628 2219 conscribi
1657 2163 1690 2217 et
1718 2152 1806 2218 anuli
1833 2153 1935 2217 nostri
1960 2155 2018 2216 im·

373 2264 540 2347 pressione
564 2262 686 2346 signari
709 2262 876 2342 iussimus,
901 2282 999 2346 quam
1021 2271 1053 2324 ct
1075 2257 1198 2325 manud
1221 2262 1353 2345 propria
1377 2259 1491 2323 subtus
1513 2259 1724 2322 firmavimus.
2038 2280 2070 2327 lo

474 2415 488 2498 Ε
511 2416 646 2500 Signum
662 2416 784 2480 domini
802 2416 933 2481 Ottonis
954 2417 1043 2497 (MP.)
1064 2419 1173 2500 magni
1195 2427 1228 2480 et
1247 2417 1452 2480 invictissimi
1475 2415 1681 2501 imperatoris
1703 2413 1843 2497 augusti.
1866 2417 1881 2498 R

472 2536 487 2617 l
509 2536 701 2604 Liudolfus⁰
717 2537 931 2602 cancellarius
947 2536 1096 2602 advicem
1112 2538 1276 2603 Brunonis
1292 2535 1545 2621 archicapellani
1563 2535 1749 2619 recognovi.
1768 2533 1783 2615 3
1800 2535 1856 2614 (SI.
1871 2534 1912 2613 5.)
1931 2534 2015 2613 (SR.)

474 2693 563 2756 Data
587 2711 618 2756 v.
642 2691 709 2756 kal.
732 2692 800 2756 iulii
823 2715 910 2757 anno
941 2692 1102 2776 dominice
1130 2694 1364 2758 incarnationis
1395 2707 1584 2773 Dccccnxv‚
1616 2690 1793 2755 indictione
1816 2689 1896 2772 vus,
1929 2713 2015 2754 anno

371 2797 496 2881 imperii
520 2795 630 2860 domni
655 2794 785 2861 Ottonis
808 2813 878 2878 1111,
902 2798 993 2881 regni
1016 2806 1126 2861 autem
1149 2814 1240 2879 xxx3
1264 2807 1372 2861 actum
1395 2794 1642 2881 Magadabrug3
1664 2795 1802 2860 feliciter
1824 2817 1930 2859 amen.

1151 3055 1239 3132 296.
2036 3077 2070 3125 ao

381 3206 461 3284 an
498 3208 638 3283 sebonlct
672 3197 742 3282 desa
777 3209 950 3282 Britdcrn
984 3209 1049 3282 der
1084 3210 1318 3284 rllorizloircbe
1353 3237 1398 3283 aa
1430 3210 1657 3309 Mopdeburp
1682 3211 1805 3283 scinco
1832 3210 1950 3284 Besita
1976 3210 2017 3282 in

370 3330 515 3405 Pccbou
540 3330 621 3404 aad
646 3329 851 3405 Gonomero.
1526 3351 1711 3425 Moqdeoarq
1733 3355 1795 3412 965
1820 3350 1900 3412 Juai
1922 3355 1972 3412 27.

476 3557 723 3631 Oripiooldiplom
746 3560 787 3615 im
809 3559 836 3617 lc.
862 3557 1064 3617 Staotsurcbio
1085 3576 1125 3617 aa
1146 3558 1332 3631 Mopdcburp
1354 3556 1414 3635 (A).

472 3711 655 3784 Saotttorios
679 3713 748 3769 Atat.
772 3712 964 3785 Mopdebarp.
989 3711 1031 3769 ed.
1054 3721 1083 3781 1,
1108 3715 1149 3771 45
1172 3730 1228 3770 aas
1251 3712 1318 3772 MS.
1349 3713 1399 3771 des
1425 3712 1560 3771 olearias
1584 3735 1624 3765 =
1648 3713 1690 3772 ed.
1712 3721 1758 3782 11,
1782 3716 1824 3772 34
1850 3737 1889 3766 =
1913 3713 2016 3787 raa-osy

471 3810 627 3883 RA.16⁶,
652 3820 672 3874 8
693 3821 728 3873 a⁰
750 3819 801 3885 30,
826 3839 866 3868 =
891 3815 1073 3889 Sopittorius
1096 3818 1129 3873 io
1152 3816 1270 3889 Boysea
1291 3815 1369 3889 Ala.
1394 3816 1538 3888 Mopaaia
1560 3820 1590 3885 1,
1615 3819 1687 3875 101.
1717 3850 1759 3858 -
1789 3816 1894 3874 Budas
1918 3817 2014 3874 Natta-
2033 3825 2066 3873 25

473 3919 545 3976 liobe
571 3919 746 3991 Soiivmloao
767 3923 832 3978 277
859 3920 934 3977 nacla
962 3919 1117 3991 Absotrift
1143 3921 1255 3979 Fallere
1278 3938 1334 3980 aas
1357 3920 1396 3979 D.
1420 3955 1462 3965 -
1492 3920 1589 3991 Ho‘fer
1613 3921 1753 3981 Zeitscbr.
1776 3925 1807 3993 2,
1832 3926 1896 3981 342
1917 3933 1951 3979 a0
1974 3925 2015 3981 54

471 4038 527 4079 aas
551 4023 587 4081 Α.
613 4057 654 4065 -
678 4023 806 4080 Bbtmer
828 4023 897 4095 Ray.
921 4027 993 4082 300.
1018 4057 1060 4066 -
1083 4022 1213 4096 Stamps
1230 4025 1303 4097 Rea.
1328 4028 1400 4084 376.

477 4173 610 4245 Verfasst
632 4177 696 4234 aad
715 4179 900 4250 pesclariebea
921 4197 976 4237 von
999 4181 1079 4251 BG„
1103 4180 1243 4240 vielleicbt
1265 4183 1320 4240 mit
1343 4182 1522 4255 Bearaaaop
1544 4199 1599 4240 son
1621 4181 1689 4242 DO.
1715 4186 1786 4242 293.

470 4378 527 4459 (C.)
549 4378 563 4463 ξ
584 4379 622 4443 In
646 4383 776 4445 nomine
799 4391 932 4446 sanctae
955 4391 986 4445 et
1008 4382 1196 4447 individuae
1225 4383 1390 4448 trinitatis.
1436 4381 1514 4448 Otto
1544 4384 1655 4449 divina
1682 4386 1813 4450 favente
1841 4385 2014 4451 clementia

368 4483 544 4566 imperator
571 4493 740 4568 augustus.
842 4484 1004 4566 Quoniam
1028 4489 1256 4572 imperatoriae
1279 4487 1440 4571 largitatis
1463 4509 1595 4551 munere
1618 4487 1692 4551 loca
1716 4487 1776 4552 deo
1800 4485 1814 4566 ᾗ
1836 4497 1868 4552 et
1891 4491 2013 4553 sanctis
2032 4506 2065 4553 30

367 4586 460 4649 eius⁸
488 4584 597 4650 dicata
625 4608 683 4671 per
712 4610 826 4652 omnes
853 4591 979 4674 imperii
1007 4591 1109 4653 nostri
1139 4600 1249 4675 partes
1277 4590 1398 4676 prediis
1422 4599 1454 4654 ct
1476 4591 1739 4675 possessionibus
1764 4590 1922 4676 ampliata
1945 4594 2014 4656 sive

368 4688 512 4753 stabilita
545 4713 616 4754 esse
644 4702 825 4757 noscuntur
854 4702 886 4756 et
914 4702 1101 4757 sanctarum
1133 4694 1344 4779 amplificatio
1374 4693 1607 4759 aecclesiarum
1636 4693 1724 4758 salus
1754 4705 1786 4758 et
1815 4697 2014 4780 prosperitas

366 4791 508 4857 creditur
529 4816 601 4856 esse
626 4815 816 4878 regnorum:
850 4795 973 4861 idcirco
997 4820 1057 4862 nos
1080 4819 1140 4882 pro
1164 4808 1251 4863 statu
1275 4807 1307 4862 et
1328 4798 1552 4863 incolomitate
1575 4800 1664 4882 regni
1687 4798 1738 4862 vel
1763 4800 1888 4883 imperii
1912 4800 2013 4863 nostri

366 4895 408 4961 ob
438 4920 530 4982 spem
557 4898 778 4964 retributionis
808 4910 954 4986 aeterne,
988 4925 1047 4986 pro
1077 4902 1220 4968 remedio
1253 4926 1382 4989 quoque
1411 4912 1444 4966 et
1471 4901 1676 4966 absolutionc
1704 4912 1815 4966 nostra
1843 4904 1877 4965 in
1905 4902 2012 4966 futuro

366 5003 476 5086 magni
499 5001 609 5066 iudicii
635 5002 687 5067 die
711 5003 892 5090 dilectoque
915 5007 1064 5090 coniugis
1087 5017 1197 5071 nostre
1214 5005 1406 5070 Adalheidis
1428 5005 1481 5069 vel
1503 5005 1560 5069 filii
1583 5006 1686 5069 nostri
1703 5005 1833 5069 Ottonis
1858 5004 2014 5091 quicquid
2032 5021 2064 5068 35

367 5107 575 5190 proprietatis
604 5107 638 5168 in
667 5104 748 5171 locis
771 5107 821 5171 vel
846 5108 989 5172 castellis
1019 5109 1218 5191 subnotatis,
1253 5108 1407 5174 videlicet
1428 5109 1601 5175 Pechouue
1625 5119 1657 5173 ct
1680 5108 1862 5191 Gumbere,
1898 5108 2013 5173 adius

366 5209 491 5291 regium
514 5210 582 5272 sive
604 5211 847 5295 imperatorium
870 5214 1030 5297 pertinere
1053 5211 1227 5278 videbatur
1249 5234 1323 5277 curn
1344 5215 1430 5277 omni
1450 5214 1633 5296 integritate
1652 5213 1875 5297 universisque
1892 5234 2013 5297 appen-

367 5309 461 5374 diciis
484 5321 541 5376 aut
563 5312 756 5378 utilitatibus
778 5314 831 5378 vel
854 5316 1023 5401 acquisitis
1046 5316 1097 5380 vel
1120 5316 1328 5401 acquirendis
1353 5315 1414 5382 deo
1434 5326 1612 5402 sanctoque
1629 5315 1788 5381 Mauricio
1808 5317 1840 5378 in
1856 5314 2013 5400 Magada-

453 5497 512 5552 205.
540 5499 647 5568 [Sickel]
743 5507 769 5566 a)
788 5508 841 5570 quo
859 5504 882 5556 A
978 5507 1005 5568 b)
1024 5506 1105 5570 sosort
1123 5523 1188 5556 corr.
1207 5523 1255 5556 aas
1273 5508 1362 5557 dicata
1457 5506 1483 5567 c)
1500 5522 1531 5555 au
1548 5503 1625 5555 Eudo
1642 5504 1689 5554 der
1707 5508 1732 5554 5.
1745 5505 1773 5556 Ζ.
1791 5504 1880 5555 sarde
1897 5507 2012 5572 Magada

536 5570 591 5621 aad
607 5587 639 5620 aa
656 5569 761 5637 Ausonp
778 5573 826 5623 der
844 5579 868 5625 6.
881 5574 910 5626 Ζ.
929 5575 997 5642 brug
1013 5592 1071 5626 com
1090 5575 1225 5626 saurauer
1242 5575 1429 5640 nocbyetroqen
1533 5575 1560 5634 d)
1579 5590 1624 5625 ma
1641 5589 1706 5623 corr.
1726 5591 1774 5624 aas
1790 5590 1826 5623 nu
1926 5580 1951 5636 e)
1969 5592 2012 5625 aa·
2030 5578 2064 5626 40

537 5655 584 5689 cor
600 5639 760 5691 merbeca
778 5643 787 5692 l
889 5645 911 5706 t)
930 5660 980 5695 oon
996 5644 1219 5711 crepo-triplatam
1236 5657 1293 5696 vm
1311 5647 1345 5695 iet
1362 5643 1409 5696 dar
1427 5643 1499 5693 letata
1517 5641 1609 5706 Schofl
1623 5642 1720 5709 patitqt.

451 5737 511 5793 Μ.
538 5741 647 5810 [Siclrell
751 5749 777 5807 a)
794 5745 989 5813 monseunaco.
