4298 6414
231 121 295 185 352
826 128 1280 189 KAISERURKUNDEN.

232 312 322 395 ipsas
345 319 447 375 terras
471 319 503 374 61
524 309 633 374 waldu
655 309 810 374 antedicti
834 311 1020 374 monasterii
1044 319 1076 374 et
1098 309 1196 375 aliam
1219 319 1340 375 terram
1363 310 1481 396 prefati
1512 313 1642 377 6616111
1670 338 1729 400 que
1752 318 1841 384 dicitnr

231 413 271 478 de
294 414 433 479 Tortora
455 423 487 478 et
509 422 611 477 terras
637 411 775 476 alioruin
803 412 971 477 hominnm
1001 414 1088 497 quod
1118 412 1162 478 ibi
1192 413 1308 478 affines
1337 423 1427 496 sunt,
1462 424 1495 478 et
1524 417 1611 480 sicut
1640 419 1748 503 incipit
1770 443 1852 507 super

230 517 336 600 ipsam
359 517 520 602 piscinam
542 526 574 579 61
597 515 735 601 qualiter
756 513 896 580 revolvit
917 517 1006 579 circa
1027 516 1098 601 ipsa
1123 525 1209 580 terra
1233 515 1273 580 de
1297 516 1412 581 eodem
1428 516 1539 582 waldo
1556 527 1589 583 et
1606 520 1672 584 iam
1688 519 1767 585 dieta
1779 534 1865 587 terra

231 642 293 705 que
324 619 442 684 dicitur
470 618 509 684 de
540 619 680 682 Tortora
708 629 740 682 et
767 618 857 682 vadit
886 617 929 681 ad
957 619 1062 702 ipsam
1092 619 1275 684 Pantanum
1305 620 1443 705 predicti
1472 623 1663 686 monasterii
1685 631 1716 687 et
1736 624 1886 710 qualiter

230 722 322 786 vadit
344 731 376 786 et
398 723 525 808 perexit
547 743 605 806 per
626 722 733 806 ipsum
755 719 938 786 Pantanum
960 731 993 786 et
1015 720 1099 786 silva
1128 732 1160 787 et
1188 722 1342 808 paludem
1371 746 1473 809 usque
1502 725 1538 788 in
1565 726 1674 810 ipsum
1694 726 1905 812 Frigidum,

230 848 250 889 a
273 836 388 911 quarta
417 835 526 889 autem
554 834 646 909 parte
674 846 777 909 usque
804 825 837 887 in
864 826 930 888 iam
959 823 1082 889 dietum
1109 823 1279 909 Frigidum
1308 835 1340 889 et
1362 825 1545 911 predictam
1567 826 1715 892 Laneam
1735 846 1905 893 -cun

231 928 381 993 omnibus
405 950 466 1014 que
489 928 574 992 infra
596 927 656 991 has
678 926 759 991 fines
782 928 989 992 consistunt¹¹
1011 926 1063 991 vel
1086 937 1227 1010 manent,
1251 930 1329 993 item
1351 928 1468 994 cellam
1484 932 1590 995 sancti
1606 930 1764 995 Uincentii
1783 929 1897 996 infr

229 1033 395 1096 civitatem
410 1029 594 1116 Neapolim,
618 1028 735 1094 6611611
759 1031 863 1094 sancti
878 1029 1043 1095 Vincentii
1063 1030 1103 1094 de
1119 1030 1238 1114 Cuma,
1262 1030 1347 1095 cella
1370 1033 1474 1096 sancti
1498 1047 1571 1098 Petri
1595 1034 1687 1097 iuxta
1710 1034 1905 1098 civitate]

229 1152 442 1202 Beneventanum
464 1155 567 1219 prope
590 1149 672 1199 fluvio
695 1148 819 1210 Sabbas,
853 1133 969 1198 cellam
999 1145 1110 1199 sancte
1132 1134 1235 1199 Maris
1259 1134 1300 1199 de
1323 1132 1501 1199 Castanetu
1532 1158 1595 1221 que
1624 1145 1676 1200 est
1702 1138 1735 1200 in
1761 1147 1905 1202 cast:

229 1240 383 1321 Piniano,
416 1237 533 1302 cellam
557 1238 661 1302 sancti
684 1237 788 1301 Marci
811 1235 851 1300 de
873 1236 970 1301 Petra
993 1233 1184 1320 Catuliana,
1215 1238 1334 1302 cellam
1357 1240 1461 1302 sancti
1479 1238 1567 1302 Petri
1592 1237 1633 1303 de
1654 1236 1774 1324 Uipera
1792 1262 1874 1305 61ι

228 1343 300 1426 ipso
324 1341 435 1405 casale
459 1342 513 1426 qui
537 1338 656 1404 dicitur
677 1339 798 1420 Leoni,
822 1338 938 1405 cellam
962 1349 1074 1404 sancte
1097 1339 1200 1404 Marie
1224 1339 1265 1405 de
1287 1340 1425 1423 Planisi,
1451 1340 1570 1406 cellam
1593 1342 1696 1405 saneti
1719 1342 1905 1408 lebam—

230 1443 269 1508 de
293 1445 430 1527 Lucere,
457 1444 575 1509 cellam
598 1453 710 1508 sancte
732 1442 835 1506 Marie
859 1441 898 1506 de
922 1442 1073 1527 Quinque
1095 1442 1197 1524 Milia,
1227 1442 1345 1507 cellam
1367 1444 1472 1507 sancti
1496 1442 1664 1508 Uincentii
1686 1443 1726 1508 de
1746 1443 1905 1509 'Pelea

228 1547 346 1612 cellam
368 1548 473 1612 sancti
495 1546 651 1611 Iohannis
674 1544 715 1609 de
737 1544 857 1608 Lisene
880 1568 953 1610 curn
976 1547 1050 1630 ipsa
1072 1545 1204 1629 molina,
1228 1546 1345 1611 cellam
1368 1547 1472 1611 sancti
1494 1546 1905 1613 Ε1611116111111111Ξ

227 1651 334 1734 liano,
365 1650 482 1715 cellam
505 1658 617 1714 sancte
639 1648 743 1712 Maria
766 1647 806 1712 de
828 1647 920 1712 Loco
946 1670 1041 1731 sano,
1076 1647 1193 1712 cellam
1215 1651 1320 1713 sancti
1343 1648 1508 1713 Uincentii
1531 1649 1571 1714 de
1595 1650 1722 1733 Tocco,
1754 1650 1905 1715 cella-

227 1755 312 1819 infra
328 1768 520 1819 Salernitanam
536 1753 700 1816 civitatem
721 1752 754 1815 in
777 1750 933 1816 honorem
956 1769 1041 1818 sancti
1063 1768 1172 1834 Georgii
1194 1763 1417 1819 constructam
1439 1776 1514 1818 cum
1538 1754 1689 1819 omnibus
1712 1758 1775 1820 suis
1794 1778 1905 1841 pe=

227 1858 381 1940 tinentiis,
404 1856 522 1921 cellam
545 1857 649 1920 sancti
672 1854 838 1919 Ualentini
861 1857 895 1920 in
916 1856 1015 1922 fluvio
1038 1857 1227 1939 Uixentino,
1259 1858 1364 1921 sancti
1387 1857 1553 1922 Uincentii
1576 1856 1695 1923 cellam
1716 1860 1748 1922 in
1767 1858 1896 1923 fluvi:

227 1962 402 2043 Tusciano,
430 1959 546 2023 cellam
570 1959 673 2023 saneti
696 1958 860 2023 Uincentii
882 1960 916 2023 in
937 1959 1036 2024 fluvio
1060 1959 1169 2024 'Pensa
1192 1969 1224 2024 et
1247 1961 1357 2023 omnia
1379 1958 1423 2023 ad
1444 1962 1511 2024 iam
1535 1960 1683 2025 dictam⁰
1704 1960 1879 2025 abbatia:

227 2065 519 2149 pertinentiarum
542 2061 692 2128 omnibus
715 2061 788 2125 aliis
811 2061 947 2146 capellis
970 2074 1002 2126 61
1024 2063 1226 2148 pertinentiis
1250 2085 1377 2146 earum,
1413 2084 1488 2127 cum
1510 2063 1654 2128 castellis
1677 2063 1760 2127 111116
1781 2085 1835 2128 666·
1868 2084 1905 2120 a

227 2168 425 2231 massariciis
448 2168 571 2231 mansis
594 2165 684 2230 silvis
707 2166 840 2250 pascuis
862 2163 1089 2228 venationibus
1113 2164 1349 2249 piscationibus
1364 2167 1469 2230 111616
1488 2164 1632 2231 arbustis
1649 2168 1750 2251 pratis
1765 2170 1868 2229 seiri:
1886 2183 1905 2189 ·

226 2270 354 2335 ancillis
377 2269 562 2334 aldionibus
585 2268 724 2333 aldianis
747 2266 1018 2332 reddivitiouibus
1040 2289 1100 2332 nec
1123 2289 1188 2331 non
1211 2288 1286 2334 cum
1310 2268 1458 2334 omnibus
1482 2292 1545 2355 que
1568 2267 1632 2333 dici
1655 2278 1688 2333 et
1708 2271 1905 2334 nominat·

226 2383 379 2460 possunt,
413 2369 1372 2459 1111161616116166161166616611111661661111161116,
1406 2393 1445 2435 ea
1467 2370 1620 2436 videlicet
1643 2373 1766 2437 ratione
1787 2383 1905 2458 quaa

226 2481 313 2544 tinus
336 2478 580 2564 prenominatus
603 2474 707 2541 abbas
731 2484 763 2539 et
785 2476 860 2539 suia
883 2494 1089 2539 successores
1113 2472 1152 2538 de
1177 2474 1326 2540 omnibus
1346 2473 1489 2539 castellis
1505 2483 1538 2539 et
1553 2474 1689 2560 capellis
1706 2466 1905 2540 661661Ηῖ

225 2580 276 2645 161
307 2580 511 2644 monasteriis
541 2588 609 2642 tam
636 2579 667 2641 in
698 2576 761 2641 hoo
790 2587 944 2662 precepto
975 2600 1136 2663 quamque
1165 2580 1199 2642 in
1227 2576 1300 2642 aliis
1329 2579 1491 2663 preceptis
1522 2574 1744 2644 offertionibus
1769 2588 1872 2663 atqnv
1903 2618 1905 2623 .

226 2681 456 2768 scriptionibus
486 2705 548 2768 que
578 2682 744 2745 continere
772 2679 939 2763 videntur,
974 2680 1118 2744 habeant
1148 2690 1343 2766 potestatem
1372 2681 1504 2746 tenendi
1534 2683 1618 2746 iuste
1647 2664 1905 2747 commutans]

225 2788 356 2872 regendi
379 2785 571 2870 regulariter
592 2783 771 2849 instruendi
787 2784 839 2848 vel
862 2784 1017 2871 quicquid
1039 2787 1160 2850 iustum
1183 2787 1351 2850 616116111
1375 2786 1471 2850 fuerit
1493 2785 1638 2850 faciendi
1653 2785 1775 2871 absque
1789 2808 1905 2849 con‘-

224 2889 418 2955 tradictione
447 2887 666 2974 quorumlibet
695 2887 872 2953 hominum.
917 2887 1089 2953 Sancimus
1117 2890 1251 2973 insuper
1278 2896 1310 2953 61
1336 2897 1450 2952 166116
1478 2888 1638 2973 imperiali
1666 2890 1905 2953 institutione&

224 2992 475 3057 corroboramus
497 3013 535 3067 ut,
559 3007 581 3056 si
604 3006 693 3070 aliquo
715 2991 910 3076 intempore
932 3007 1009 3056 horta
1030 3007 1112 3056 fuerit
1133 3008 1266 3057 contentio
1290 3006 1322 3056 de
1344 3007 1424 3056 rebus
1446 2993 1513 3056 iam
1528 2993 1685 3056 nominati
1708 3008 1857 3065 monasterii,
1881 3028 1905 3050 a

224 3096 332 3161 nullus
360 3096 480 3160 audeat
509 3095 663 3179 deinceps
692 3116 750 3178 per
778 3104 950 3179 parentum
972 3096 1197 3180 possessiones
1219 3097 1309 3180 ipsas
1332 3093 1529 3159 hereditates
1551 3094 1694 3160 residere
1716 3095 1768 3159 vel
1790 3117 1858 3160 cou-

224 3198 354 3262 tendere
370 3205 545 3282 presumat,
569 3203 707 3281 excepto
724 3217 783 3280 per
796 3197 985 3261 verissimas
1001 3196 1143 3261 cartulas
1159 3200 1309 3262 61116166
1325 3198 1608 3282 consignationem
1630 3218 1744 3262 161111
1758 3207 1860 3262 tamen

224 3304 396 3366 statuimus
419 3309 516 3386 atque
539 3300 706 3363 firmamus
730 3298 770 3362 ob
795 3321 906 3363 amore
929 3301 1125 3364 6161161116
1148 3311 1180 3364 61
1203 3300 1404 3366 orationibus
1432 3301 1570 3366 fratrum
1594 3323 1732 3387 quorum
1755 3324 1859 3387 preces

224 3406 411 3486 annuimus,
444 3413 481 3467 ut
508 3404 614 3487 ipsam
644 3423 771 3487 semper
797 3401 902 3487 legem
924 3425 982 3488 per
1004 3426 1164 3468 annorum
1186 3403 1348 3468 curricula
1371 3426 1447 3489 pars
1470 3402 1608 3489 predicti
1633 3405 1761 3470 cenobii
1783 3406 1861 3469 acci-

223 3510 292 3593 piat
320 3507 360 3571 de
390 3505 539 3571 omnibus
569 3506 634 3569 suis
663 3505 833 3570 territoriis
864 3506 905 3571 ab
937 3506 1087 3571 omnibus
1116 3507 1301 3571 hominibus
1332 3529 1430 3593 quam
1457 3509 1599 3571 instituit
1628 3505 1778 3573 Astulfus
1807 3530 1861 3572 rex

224 3610 518 3694 Langobardorum
541 3609 581 3673 de
603 3608 766 3690 eeclesiis3
789 3631 865 3673 nam
888 3631 930 3672 ex
954 3631 993 3672 66
1015 3632 1144 3695 quoquo
1167 3632 1202 3672 re
1224 3609 1279 3672 lex
1302 3609 1367 3673 alia
1389 3608 1453 3673 1166
1471 3610 1650 3695 recipiatur
1672 3632 1733 3674 nec
1751 3632 1772 3673 a
1789 3632 1862 3695 qua-

223 3714 302 3778 libet
325 3714 459 3778 ulterius
482 3713 643 3778 iudicetur
664 3734 821 3797 persona3
845 3713 871 3775 si
895 3734 972 3776 vero
995 3713 1093 3777 fuerit
1115 3714 1279 3777 contentio
1303 3711 1343 3775 de
1366 3714 1466 3776 servis
1484 3712 1536 3778 vel
1559 3712 1600 3778 de
1624 3713 1691 3777 alia
1714 3735 1861 3799 quaeum·

223 3839 285 3903 quc
301 3841 335 3881 re
350 3819 433 3880 inter
457 3815 597 3903 aliquem
613 3817 755 3880 vicinum
780 3838 873 3880 suum
896 3837 953 3879 seu
977 3814 1245 3901 qualemcumque
1268 3815 1440 3897 hominem,
1465 3815 1563 3879 heeat
1578 3818 1625 3880 eis
1642 3839 1677 3880 66
1693 3816 1862 3882 defendere
1876 3827 1905 3879 fl

222 3922 307 3985 sicut
328 3921 437 4005 prisca
459 3918 659 3985 consuetudo
682 3920 743 3983 fuit
765 3941 823 4001 per
846 3920 1011 3982 scariones
1034 3919 1179 3984 eiusdem
1201 3920 1399 4001 monasterii,
1422 3941 1482 3983 nee
1506 3918 1627 3984 audeat
1643 3920 1762 4005 aliquis
1776 3923 1861 4005 ipsos

222 4023 358 4088 abbates
388 4023 440 4087 vel
469 4022 648 4088 monachos
679 4021 722 4085 ad
750 4032 987 4086 sacramentum
1015 4025 1153 4088 invitare
1182 4023 1270 4108 quod
1299 4033 1414 4087 eontra
1443 4022 1554 4087 divina
1583 4026 1812 4088 auctoritatem
1832 4032 1862 4086 et

221 4137 336 4191 contra
353 4125 466 4211 regula
484 4137 542 4191 est.
576 4141 755 4204 Preeipientes
777 4141 885 4204 insuper
907 4141 1029 4190 iuhemus
1050 4146 1081 4191 ut
1103 4141 1193 4191 nullus
1214 4149 1273 4191 rex
1296 4141 1350 4191 dux
1371 4129 1523 4212 princeps
1546 4142 1664 4191 marchio
1687 4158 1776 4192 comes
1796 4142 1860 4191 1166·

221 4263 308 4296 comes
336 4246 489 4313 grunniens
518 4229 662 4295 sculdais
690 4227 741 4291 vel
772 4227 889 4313 aliquis
918 4227 1047 4313 puplice
1075 4231 1121 4294 rei
1146 4241 1281 4294 exactor
1303 4232 1370 4294 iam
1393 4229 1515 4295 dietum
1538 4227 1695 4294 abbatem
1716 4227 1769 4294 vel
1794 4251 1861 4294 suc·

221 4356 366 4398 cessores
390 4357 466 4399 suos
489 4344 545 4399 aut
568 4332 748 4397 monachos
771 4354 813 4394 ex
835 4333 904 4395 eius
920 4334 1057 4396 6616116
1073 4332 1124 4396 161
1146 4333 1215 4397 6116
1231 4332 1321 4397 661116
1344 4334 1523 4417 inquietare
1545 4331 1671 4396 laniare
1687 4333 1728 4398 de
1744 4331 1858 4418 prediis
1874 4346 1905 4392 i·

220 4440 407 4503 monasterii
438 4447 494 4503 aut
523 4435 685 4522 aliquibus
713 4435 811 4500 rebus
840 4433 1008 4498 disvestire
1038 4444 1094 4499 611
1121 4458 1179 4521 per
1207 4435 1330 4521 placita
1353 4435 1512 4500 secularia
1535 4434 1654 4500 ducere
1677 4442 1859 4515 [piisiiuinail.q

219 4558 377 4622 Recepimus
406 4564 525 4621 preterea
551 4560 718 4620 pretaxatam
746 4554 933 4603 monasterium
961 4569 1021 4601 cum
1048 4554 1170 4602 omnibus
1192 4555 1337 4618 pretaixatis
1358 4555 1525 4605 monasteriis
1547 4570 1579 4604 ac
1601 4554 1677 4604 cellis
1700 4556 1780 4606 rebus
1801 4570 1858 4620 quo·

220 4676 271 4724 que
293 4660 343 4709 hac
365 4659 473 4708 familiis
495 4658 593 4707 ibidem
616 4657 807 4720 aspicientibus
829 4672 889 4705 cum
912 4657 1038 4706 fratribus
1061 4657 1110 4705 hac
1133 4657 1267 4706 monachis
1296 4658 1394 4708 ibidem
1417 4657 1466 4707 deo
1489 4657 1682 4708 famulantibus
1704 4659 1755 4709 suh
1778 4665 1859 4709 nostre

220 4764 340 4812 misimus
368 4761 553 4811 muniminum.
598 4742 815 4809 Concedimus
845 4765 972 4828 quoque
1001 4754 1033 4807 et
1062 4744 1312 4810 corroboramus
1341 4754 1378 4810 ut
1405 4745 1512 4810 nullus
1542 4767 1585 4809 ex
1615 4749 1720 4812 servis
1742 4757 1801 4813 aut
1822 4767 1857 4809 ex

220 4848 343 4912 familia
372 4847 517 4912 eiusdem
545 4847 734 4911 monasterii
757 4845 810 4909 vel
839 4868 895 4910 666
925 4868 1007 4931 quos
1036 4849 1229 4913 cortisianos
1253 4857 1373 4913 vocant
1394 4848 1514 4913 audeat
1536 4851 1719 4935 inquietare
1743 4860 1801 4915 aut
1821 4848 1905 4914 ad*

219 4951 383 5036 puplicam
406 4950 458 5015 vel
482 4952 636 5014 comitum
658 4949 815 5034 placitum
838 4949 956 5013 ducere
979 4958 1037 5015 aut
1059 4951 1202 5015 11116616
1225 4974 1329 5036 neque
1352 4953 1384 5014 in
1408 4950 1560 5016 domibus
1582 4951 1634 5016 vel
1664 4955 1753 5016 casis
1781 4955 1856 5016 eius·

220 5054 293 5118 dem
316 5055 502 5119 monasterii
526 5051 682 5117 iudicium
704 5063 760 5116 aut
784 5053 938 5137 placitum
962 5064 1080 5136 tenere,
1104 5056 1166 5118 nisi
1185 5054 1273 5118 abba
1289 5054 1406 5138 prefati
1422 5054 1549 5118 cenovii
1564 5063 1622 5119 aut
1638 5076 1718 5120 suus
1734 5058 1859 5133 missus,

219 5167 293 5221 ante
316 5159 408 5222 cuius
431 5166 643 5242 conspectum
667 5178 778 5221 omnes
803 5159 851 5220 sui
876 5158 1053 5222 residentes
1077 5159 1160 5221 sicut
1182 5167 1258 5220 ante
1279 5167 1427 5221 nostram
1449 5158 1646 5242 presentiam
1660 5157 1769 5241 legem
1786 5158 1861 5223 faci·

219 5267 276 5322 6111
291 5268 323 5322 61
337 5259 506 5343 recipiant,
530 5281 635 5344 neque
654 5257 861 5342 placiatieum
884 5261 1081 5345 portaticum
1103 5261 1314 5343 pontanicum
1337 5260 1516 5323 casaticum
1539 5274 1582 5324 vei
1597 5274 1737 5339 quodlibet
1751 5288 1871 5340 persium

290 5392 363 5447 245⁶.
382 5397 409 5456 11)
429 5397 572 5445 consistent
589 5393 620 5444 A‘
723 5395 750 5461 o)
769 5396 840 5446 dicta
858 5395 888 5445 A‘
992 5399 1020 5462 p)
1037 5398 1093 5446 suis
1115 5395 1146 5446 A‘
1249 5399 1276 5461 ql
1295 5395 1365 5458 fehlt
1387 5397 1416 5445 in
1438 5393 1477 5446 A'.
