4500 6420
375 450 440 515 424
926 506 929 511 .
969 457 1417 515 KAISERURKUNDEN.

480 643 619 717 &mepte
634 642 740 703 Oleros.
757 661 814 703 eoa
829 642 1003 701 Burderaicle
1018 644 1081 702 158
1096 660 1152 701 aas
1170 641 1194 702 0
1211 667 1249 694 =
1269 640 1756 700 811111114811341111911011.
1780 675 1824 682 —
1847 639 2018 713 Hodarbcrp

478 749 675 821 Iutaebarper
694 749 757 808 ΠΒ.
776 753 804 818 7,
821 751 889 807 5110
905 751 923 805 4
946 764 1002 805 cus
1019 746 1057 804 D.
1081 779 1123 788 —
1146 745 1273 818 Stumpf
1284 747 1355 819 Rrp.
1373 748 1444 805 387.

481 886 542 943 Vos
564 886 632 943 LK.
656 885 846 943 umnittelbar
867 885 943 942 aecii
964 883 1033 943 De.
1053 886 1116 943 308
1136 883 1329 956 pessinuntem

581 1070 621 1133 In
643 1071 774 1134 nomine
797 1077 909 1133 sancte
932 1078 964 1132 et
986 1068 1151 1132 individue
1174 1069 1336 1132 trinitatis.
1381 1066 1458 1132 Otto
1483 1066 1593 1131 divina
1616 1066 1745 1132 favente
1768 1067 1940 1131 elementia
1962 1067 2019 1130 im·

377 1185 508 1260 perator
522 1183 690 1258 augustus
777 1189 887 1237 Noverit
903 1189 1018 1237 omnium
1037 1186 1154 1237 fidelium
1176 1191 1324 1236 nostrornm
1347 1190 1402 1234 taur
1423 1187 1585 1249 presentium
1607 1201 1686 1250 qnam
1709 1185 1859 1235 futurorum
1881 1185 2053 1246 industriae

377 1294 492 1358 qualiter
514 1310 562 1343 nos
584 1295 735 1342 interventu
758 1291 846 1341 dilecti
869 1293 972 1339 comitis
995 1291 1078 1339 nostri
1100 1291 1246 1339 Hermanni
1269 1291 1303 1340 ob
1327 1307 1399 1354 spmn
1422 1292 1641 1340 remunerationis
1664 1290 1761 1351 divine,
1784 1307 1832 1355 pro
1855 1289 1970 1339 remedio
1993 1292 2020 1338 et

377 1396 544 1446 absolutione
574 1398 660 1445 anime
689 1402 777 1445 nostre
807 1394 953 1458 dilectoque
979 1395 1099 1459 coniugis
1122 1400 1210 1443 nostre
1233 1393 1360 1456 Allrcydis
1383 1392 1483 1458 filiique
1504 1393 1636 1442 karissimi
1659 1395 1741 1443 nostri
1765 1394 1871 1443 Ottonis
1893 1393 2020 1442 fratribus

376 1501 403 1548 in
425 1500 568 1565 Luneborg
590 1499 639 1550 deo
663 1503 807 1564 smretoque
829 1496 971 1548 Michabeli
994 1498 1171 1546 servientibus
1199 1481 1360 1546 decimam
1383 1491 1509 1566 partem
1537 1499 1619 1547 totius
1643 1497 1757 1548 thelonei
1780 1498 1815 1547 ad
1837 1503 1956 1547 nostrum
1978 1498 2020 1545 ins

375 1590 565 1673 pertinentis
588 1605 616 1652 in
638 1589 808 1654 Bardewic
832 1605 1023 1663 concessimus,
1055 1596 1122 1650 tam
1150 1587 1184 1649 in
1211 1583 1309 1650 lucris
1341 1584 1381 1648 de
1411 1594 1542 1648 moneta
1571 1585 1836 1669 provenientibus
1866 1608 1964 1671 quam
1986 1586 2020 1648 in

377 1694 493 1757 ceteris
510 1694 742 1778 cuiuscumque
757 1692 846 1756 modi
862 1689 1057 1755 utilitatibus
1074 1689 1260 1772 profuturiS,
1285 1709 1315 1754 nt
1333 1719 1434 1767 semper
1455 1703 1555 1769 absque
1577 1704 1658 1754 ullius
1682 1706 1890 1755 contradictione
1912 1710 2020 1755 torreant
2040 1708 2072 1754 10

377 1816 404 1860 et
431 1810 585 1874 possideant
613 1817 639 1861 et
668 1811 722 1860 siris
752 1817 781 1860 ut
807 1811 916 1859 libuerit
944 1810 1036 1859 usibus
1058 1807 1212 1873 adiungunt.
1257 1808 1293 1856 Et
1314 1814 1345 1857 ut
1367 1809 1415 1857 bec
1437 1807 1544 1858 traditio
1567 1810 1663 1858 nostris
1685 1809 1834 1875 futurisque
1857 1809 2020 1873 temporibus

377 1913 477 1962 firmius
499 1913 628 1963 habeatnr
650 1915 790 1978 veriusque
813 1912 943 1975 credatur,
965 1912 1034 1961 hanc
1056 1918 1155 1962 cartam
1172 1912 1309 1961 'conscribi
1332 1918 1359 1961 et
1381 1911 1473 1960 annuli
1495 1913 1578 1962 nostri
1593 1913 1757 1976 inpressione
1772 1914 1872 1979 signari
1887 1914 2020 1974 iussimus,

378 2032 457 2081 (luam
479 2022 506 2066 et
527 2032 608 2066 manu
629 2019 737 2081 propria
759 2017 853 2066 subtus
876 2016 1045 2066 firmavimus.
1104 2026 1106 2030 ’

479 2138 653 2204 Liudolfus
676 2138 889 2203 cancellarius
913 2138 1061 2203 advicem
1084 2140 1247 2203 Brunonis
1270 2136 1547 2223 archicappellani
1570 2140 1754 2223 recognovi.

480 2277 569 2341 Data
584 2276 650 2341 kal.
668 2276 792 2342 octobr.
809 2298 894 2341 anno
915 2277 1077 2342 dominice
1099 2278 1332 2342 incarnationis
1356 2291 1547 2356 neccenxv,
1572 2275 1749 2341 indictione
1765 2294 1841 2357 vni,
1864 2285 2072 2359 regnantem

378 2379 432 2463 pio
457 2377 577 2443 Ottone
601 2401 686 2444 anno
710 2396 805 2462 xxxi,
828 2381 954 2465 imperii
978 2390 1180 2460 autern11113
1204 2389 1311 2443 actum
1332 2401 1405 2459 ...ς
1427 2380 1460 2443 in
1485 2378 1615 2443 domino
1638 2378 1776 2443 feliciter
1798 2400 1902 2443 amen.

1152 2637 1238 2712 310.

388 2788 468 2866 Ouo
496 2791 656 2890 beatutipt
681 2790 745 2864 der
771 2791 1014 2888 biscbefliebea
1040 2793 1172 2867 Kircbe
1204 2821 1249 2866 aa
1281 2793 1419 2866 Worms
1452 2793 1533 2867 aad
1564 2794 1634 2865 dea
1666 2820 1711 2866 za
1742 2793 1801 2866 iar
1830 2794 2023 2892 pcbbripca

378 2912 536 2986 Kircben
562 2913 603 2984 ia
629 2912 851 3011 Ladenbarp
875 2914 955 2986 aad
980 2914 1162 3013 Wa'mpfen
1189 2914 1247 2987 die
1274 2915 1495 2987 Irrrrarraitb't.

1448 3039 1637 3098 Walllmasea
1659 3041 1720 3098 965
1744 3039 1904 3097 November
1924 3041 1976 3097 27.
2039 3046 2073 3094 10

487 3241 733 3316 Orremeuepzem
755 3245 797 3301 im
818 3245 928 3317 pressis.
954 3244 1155 3304 Sicatsurcbio
1176 3263 1217 3303 aa
1238 3245 1416 3304 Duras-stadt
1438 3244 1497 3323 (A).

481 3383 584 3455 IAlaip
607 3382 673 3441 RA.
696 3388 764 3454 21⁶,
787 3388 874 3444 1292
894 3390 929 3442 a⁰
950 3389 1012 3444 184
1035 3403 1091 3444 ares
1115 3385 1150 3443 A.
1174 3418 1217 3428 -
1239 3386 1393 3443 441111110νί
1411 3383 1482 3442 Ant.
1502 3383 1619 3453 111142,
1637 3386 1701 3442 447
1723 3399 1779 3440 aas
1794 3379 1957 3452 Abscbrift.
1981 3414 2023 3424 —

482 3486 631 3545 Scleennat
655 3488 734 3547 Hisi.
759 3488 866 3548 Worm.
890 3492 921 3559 2,
944 3493 984 3549 21
1009 3497 1042 3546 a⁰
1059 3493 1101 3549 24
1125 3507 1181 3547 aris
1201 3487 1239 3549 A.
1263 3523 1304 3531 —
1327 3489 1456 3546 Bubmcr
1471 3488 1542 3559 Rep.
1559 3489 1632 3545 307.
1656 3520 1697 3528 —
1721 3485 1848 3558 Stampf
1859 3488 1932 3559 Req.
1950 3489 2021 3545 388.

483 3623 674 3682 (aeserniam
703 3643 759 3682 crea
788 3626 855 3683 LK.
884 3628 959 3684 aecii
987 3628 1081 3684 ciuem
1109 3646 1165 3685 roa
1192 3628 1260 3685 aii.
1292 3629 1346 3684 mit
1375 3627 1554 3697 uestraene
1584 3625 1636 3683 der
1659 3625 1721 3683 VU.
1746 3624 1873 3696 Imcireip
1896 3624 1946 3682 des
1968 3624 2022 3681 Fr.

483 3723 532 3802 (L.
556 3725 610 3802 17)
634 3726 848 3800 carpesertiptea
871 3726 1018 3800 Concepte.
2040 3747 2073 3794 25

484 3929 544 4007 (O.)
567 3925 581 4007 Ξ
603 3928 642 3991 In
664 3929 795 3992 nomine
818 3938 952 3993 sanetae
974 3939 1007 3993 ct
1028 3929 1216 3994 individuae
1238 3931 1402 3994 trinitatis.
1449 3930 1526 3995 Otto
1557 3930 1667 3994 divina
1695 3932 1824 3996 favente
1851 3930 2022 3994 elementia

380 4033 556 4115 imperator
584 4041 751 4116 augustus.
853 4033 998 4118 Dignum
1027 4034 1125 4116 igitur
1154 4055 1322 4097 censemus
1352 4042 1402 4113 ut,
1433 4035 1588 4118 quoniam
1611 4033 1765 4098 exaltatio
1791 4033 2023 4098 aecclesiarum

382 4132 470 4197 salus
492 4157 607 4218 regum
629 4134 681 4199 vel
705 4137 936 4221 imperatorum
958 4146 990 4200 et
1013 4137 1174 4201 stabilitas
1197 4137 1211 4218 ξ
1233 4137 1375 4201 creditur
1397 4160 1468 4201 esse
1491 4161 1681 4222 regnorum,
1712 4138 1895 4204 snblimitas
1924 4141 2023 4222 impc-

380 4236 470 4300 rialis
493 4239 526 4300 in
549 4258 587 4300 co
611 4237 699 4322 quod
721 4240 769 4302 sni
793 4249 842 4302 cst
865 4238 974 4320 officii,
999 4240 1128 4304 studere
1150 4262 1216 4304 non
1239 4248 1374 4319 recuset,
1399 4242 1476 4324 quin
1500 4243 1607 4324 potius
1631 4240 1762 4304 decreta
1780 4251 2022 4304 antecessorum

382 4362 529 4423 suorum,
563 4363 675 4424 regum
701 4339 854 4406 videlicet
882 4353 938 4406 avit
966 4345 1212 4427 imperatorum,
1248 4343 1369 4407 eisdem
1392 4342 1443 4407 dei
1468 4343 1635 4407 aecclesiis
1659 4344 1761 4407 divini
1783 4343 1889 4408 cultus
1913 4366 2023 4408 amore
2042 4365 2075 4411 30

382 4466 540 4508 concessa
564 4468 623 4509 sua
645 4447 742 4509 etiam
765 4449 959 4513 anctoritate
982 4447 1114 4512 roboret
1136 4458 1168 4511 et
1191 4446 1368 4512 confirmet.
1407 4447 1502 4511 Unde
1525 4470 1617 4512 netum
1640 4471 1710 4512 csso
1733 4447 1884 4511 volumus
1908 4463 2024 4510 onmium

382 4562 497 4612 fidelium
526 4569 675 4614 nostrorum
703 4559 770 4614 talu
798 4568 976 4630 praesentium
1005 4573 1103 4636 quam
1132 4566 1279 4615 futurorum
1310 4565 1469 4627 industriae,
1504 4549 1642 4637 qualiter
1671 4568 1710 4614 vIr
1739 4566 1898 4615 venerabilis
1927 4549 2023 4613 Aulio

382 4659 516 4714 sanetae
539 4667 754 4718 ummneieneis
776 4653 828 4717 vel
851 4654 1114 4738 Uuangionensis
1138 4653 1318 4717 aecclesiae
1341 4670 1482 4733 episeopus
1509 4664 1655 4718 nostram
1684 4653 1764 4717 adiit
1792 4653 2024 4718 sublimitatem

380 4753 487 4817 ferens
511 4777 620 4819 secum
644 4766 751 4820 cartas
777 4779 832 4821 seu
856 4767 1031 4842 praecepta
1053 4790 1144 4838 regum
1163 4756 1215 4820 vol
1239 4759 1480 4842 imperatorum,
1504 4757 1855 4821 Christianissimorum
1873 4756 2024 4821 videlicet

381 4879 577 4923 antecessorum
600 4880 763 4938 nostrorum,
793 4862 825 4923 in
849 4860 967 4947 quibus
990 4861 1231 4943 continebatur,
1261 4877 1344 4940 ipsam
1369 4877 1457 4926 sedem
1480 4893 1540 4926 cum
1563 4861 1730 4925 aecclesiis
1754 4875 1856 4924 cellulis
1879 4862 1960 4924 vicis
1984 4880 2075 4927 11836

381 4961 465 5025 Villis
488 4961 541 5026 Vel
563 4979 643 5028 rebus
666 4964 816 5029 omnibus
840 4964 916 5028 illuc
939 4982 1129 5044 aspicientibus
1151 4998 1168 5028 s
1190 4980 1344 5044 plenissima
1366 4980 1518 5030 defensioue
1542 4986 1568 5031 et
1590 4981 1741 5030 emunitatis
1768 4986 1879 5028 eol'uln
1908 4980 2024 5028 tuicione

382 5096 484 5144 semper
513 5065 614 5130 fuisse
643 5069 816 5148 munitam,
852 5084 1070 5148 pentapetes
1097 5100 1145 5133 nes
1176 5069 1216 5133 ob
1248 5080 1363 5153 spem²¹
1391 5070 1521 5134 divinae
1547 5071 1815 5134 remunerationis
1845 5083 2024 5131 1111111111-

383 5183 534 5233 cederemus
561 5184 594 5232 et
622 5170 867 5235 confirmatione
897 5180 1028 5235 nostrae
1057 5174 1261 5237 auctoritatis
1296 5175 1542 5257 impertiremus.
1585 5173 1653 5236 Nos
1687 5194 1764 5235 vero
1800 5171 1910 5234 divino
1945 5172 2023 5234 tacti

384 5295 493 5337 amore
524 5295 582 5357 pro
609 5284 695 5338 statu
723 5284 755 5338 et
786 5274 1008 5340 incolomitate
1036 5279 1126 5361 regni
1149 5277 1201 5341 vel
1230 5279 1356 5362 imperii
1385 5277 1502 5358 nostri,
1534 5298 1591 5360 pro
1623 5276 1761 5338 sanitite
1791 5275 1890 5337 etiam
1913 5283 2026 5337 nostra

385 5374 585 5462 dilectaeque
614 5378 760 5462 coniugis
788 5389 918 5443 nostrae
941 5378 1131 5444 Adalheidis
1153 5380 1275 5466 filiique
1298 5381 1399 5445 nostri
1423 5379 1582 5443 carissimi
1607 5378 1736 5442 Ottonis
1765 5380 1816 5461 pie
1846 5377 1930 5441 illius
1960 5395 2024 5456 peti·
2043 5393 2077 5441 40

384 5493 449 5541 neni
472 5500 643 5543 assensum
666 5480 873 5564 praebuimus
896 5502 923 5547 et
944 5498 972 5547 in
995 5499 1117 5547 omnibus
1139 5499 1209 5547 sieut
1230 5499 1308 5564 petiit
1330 5482 1542 5563 obedivimus,
1565 5484 1610 5545 ita
1632 5503 1711 5545 sane
1732 5490 1768 5545 ut
1788 5480 1901 5544 eadem
1917 5479 2026 5544 Unan-

471 5667 529 5721 tlt).
557 5668 664 5736 [siekel]
759 5670 786 5737 a)
805 5688 821 5737 p
843 5670 953 5736 sepler‘cb
976 5688 1041 5721 eor-r.
1064 5687 1112 5721 aue
1135 5689 1160 5734 n,
1178 5675 1226 5723 wie
1243 5672 1386 5736 iiberbaapt
1402 5671 1459 5721 LK.
1478 5671 1535 5721 bier
1551 5669 1610 5719 celer
1628 5669 1664 5732 aji
1681 5688 1712 5720 aa
1722 5669 1844 5732 salesberi
1864 5670 2026 5720 Burobusten

555 5745 661 5805 madai,
688 5739 744 5789 sicli
767 5739 828 5791 aber
849 5740 930 5805 soseri
950 5741 1095 5791 mearat.
