4298 6414
225 440 267 503 14
823 444 1274 501 KAISERURKUNDEN.

322 627 412 691 Data
442 645 506 691 1111.
537 624 604 690 kal.
635 625 705 690 dec.
735 647 821 689 anno
852 625 1086 689 incarnationis
1116 624 1239 689 domini
1270 638 1447 705 nccccxn,
1478 621 1717 688 indictionumb
1742 639 1799 705 xv,
1822 646 1868 687 re·

220 741 340 817 gnante
363 731 598 817 gloriosissimo
621 751 698 814 rege
713 726 910 794 Ohuonrado
934 750 1019 793 anno
1042 746 1085 809 113
1107 738 1217 792 actum
1240 726 1464 812 Wilinaburg3
1486 728 1518 791 in
1542 726 1593 792 dei
1616 728 1747 791 nomine
1771 725 1868 790 felici·

221 846 271 899 ter
293 858 399 900 amen.

1025 1072 1085 1150 14.

220 1247 379 1321 Koarucl
403 1247 563 1344 lustratae
588 1246 668 1318 chora
693 1246 834 1320 Kassa·
864 1243 991 1320 Coraci
1017 1244 1084 1317 dos
1110 1243 1323 1331 Wuhlrecht,
1352 1244 1422 1317 den.
1451 1244 1674 1343 Zohatbezup
1698 1271 1768 1318 von
1799 1244 1899 1318 dervo

220 1370 367 1466 elysaeo
393 1366 531 1442 (lietera
552 1368 632 1439 aad
653 1367 710 1440 die
734 1367 954 1439 bnonaoitdt.
1417 1401 1523 1460 (30„,„·
1546 1404 1609 1462 913
1632 1402 1772 1463 Μῆλον
1793 1406 1824 1463 3Ι

325 1601 584 1678 Oriyioaldiplom
606 1604 648 1661 im
670 1602 699 1662 lc.
723 1601 932 1663 ‚thaatsarohio
952 1619 994 1662 eu
1016 1601 1125 1661 Berlin
1149 1599 1211 1679 (A).

324 1767 454 1827 Schotea
469 1767 553 1826 Aah.
569 1765 698 1826 Poderb.
715 1767 759 1828 ed.
780 1775 802 1837 J,
819 1770 847 1838 1,
863 1770 928 1827 245
943 1785 1001 1826 aas
1017 1768 1045 1824 Α
1062 1790 1100 1818 =
1117 1766 1224 1839 Lilaia
1239 1767 1308 1828 ΕΑ.
1325 1768 1391 1838 18⁰,
1407 1767 1448 1825 76
1464 1772 1498 1825 a⁰
1512 1768 1565 1840 26,
1582 1789 1622 1819 =
1638 1765 1768 1825 salacea
1784 1765 1868 1829 Aah.

323 1871 453 1932 Puderh.
478 1870 522 1932 ed.
543 1878 582 1940 ΙΙ,
606 1874 635 1940 1,
660 1872 732 1930 165.
757 1905 799 1914 -
822 1871 918 1930 Folle
943 1870 1016 1931 Ood.
1039 1869 1118 1932 trad.
1145 1869 1230 1929 Oorh.
1255 1871 1318 1929 736
1340 1871 1417 1928 02⁰4
1445 1888 1504 1929 aas
1526 1868 1566 1933 Α.
1589 1904 1631 1912 -
1654 1870 1782 1929 Erhord
1805 1870 1867 1931 OD.

326 1975 430 2048 Weets.
447 1979 475 2046 1,
493 1978 534 2034 40
549 1981 583 2034 a⁰
598 1978 640 2035 46
662 1992 721 2033 aaa
742 1975 780 2036 Α.
804 2009 846 2017 -
868 1975 1001 2035 thorer
1023 1976 1061 2034 A.
1079 1974 1170 2033 Conr.
1194 1975 1235 2032 18
1257 1978 1292 2032 πθ
1315 1975 1356 2032 13
1378 1990 1438 2031 aas
1461 1972 1500 2032 A.
1524 2007 1566 2016 —
1589 1971 1670 2045 Jaffl
1692 1973 1766 2033 DD.
1791 1992 1869 2046 quo-

324 2076 470 2152 draginta
493 2084 511 2139 1
534 2086 569 2138 πθ
592 2084 610 2139 1
633 2097 691 2139 aas
713 2079 752 2140 A.
775 2113 817 2122 -
840 2077 928 2137 Fors.
951 2078 986 2136 in
1004 2076 1073 2135 Chr.
1094 2076 1187 2137 Gotw.
1212 2078 1253 2135 89
1277 2077 1343 2134 read
1364 2077 1399 2134 ia
1422 2076 1562 2135 Berliaer
1576 2075 1803 2150 Abbildaaqea.
1828 2084 1917 2132 -10

251 2190 254 2194 “
324 2181 455 2241 Bohmor
476 2183 550 2257 Req.
575 2186 652 2257 Imp.
678 2186 727 2254 12,
751 2185 827 2256 Rea.
851 2183 930 2244 Kar.
955 2185 1048 2242 1244.

328 2345 527 2405 Gesclare'ebea
547 2364 607 2406 coa
628 2347 689 2406 SB.
713 2346 794 2406 noch
818 2345 948 2420 hanape
968 2364 1026 2405 arou
1050 2345 1128 2416 SD„
1158 2344 1285 2404 welches·
1312 2345 1412 2417 aalys
1439 2344 1640 2418 chdaaqea
1669 2362 1728 2404 aas
1757 2346 1870 2405 Vorar·

326 2450 450 2509 troaden
471 2451 707 2524 aasyenommcn
728 2469 769 2509 ea
791 2449 889 2510 haben
911 2450 1036 2510 schelest.

328 2665 387 2743 (C.)
410 2662 424 2745 }{
445 2663 484 2728 In
505 2664 635 2729 nomine
659 2670 792 2726 sanctae
815 2670 847 2725 et
869 2660 1057 2726 individuae
1080 2662 1243 2726 trinitatis.
1273 2659 1489 2726 Chuonradus
1508 2660 1619 2726 divina
1634 2660 1791 2746 largiente
1808 2660 1870 2726 cle-

223 2768 344 2831 mentia
359 2789 428 2830 rex.
509 2765 670 2831 Convenit
684 2775 816 2829 nostrae
834 2764 937 2849 regali
960 2763 1143 2829 celsitudini
1166 2773 1203 2827 ut
1224 2765 1397 2849 petitiones
1419 2763 1562 2828 fidelium
1585 2775 1788 2846 nostrormn,
1811 2763 1872 2828 has
1890 2774 1920 2821 15

223 2872 376 2956 precipue
402 2893 483 2956 quas
511 2892 570 2956 pro
599 2868 810 2934 ecclesiarum
841 2867 903 2932 sibi
932 2869 1180 2932 commissarmn
1206 2867 1402 2933 utilitatibus
1426 2880 1617 2954 suggerunt,
1650 2868 1694 2932 ad
1722 2871 1872 2933 effectum

224 2973 456 3058 perducamus,
479 2971 493 3059 ξ
515 2974 669 3059 quoniam
697 2971 759 3035 hoc
789 2980 821 3035 et
843 2970 886 3035 ad
908 2981 1090 3056 presentem
1113 2973 1215 3035 vitam
1239 2993 1393 3057 prospere
1420 2972 1641 3058 peragendam
1664 2973 1761 3037 etad
1788 2973 1872 3038 futu

223 3098 293 3140 ram
320 3075 554 3141 beatitudinem
583 3074 830 3160 promerendam
861 3073 1064 3158 profuturum
1091 3073 1213 3159 liquido
1241 3075 1413 3140 credimus.
1451 3076 1546 3141 Unde
1572 3078 1701 3140 noverit
1729 3078 1872 3141 omnium

222 3178 366 3243 fidelium
388 3188 573 3243 nostrorum
595 3189 662 3242 tam
685 3177 866 3263 praesentis
889 3199 987 3262 quam
1010 3177 1107 3241 futuri
1130 3180 1286 3262 temporis
1313 3177 1487 3261 industria,
1519 3178 1606 3264 quod
1634 3180 1801 3244 venientes
1829 3179 1872 3242 ad

222 3284 454 3347 monasterium
478 3292 665 3346 sanctorum
685 3291 865 3366 martyrum
889 3279 1046 3364 Stephani
1069 3291 1177 3366 aquo·
1198 3282 1266 3346 Viti
1287 3283 1382 3347 Noua
1399 3281 1540 3348 Corbeia
1561 3294 1799 3368 nuncupatum,
1821 3305 1872 3347 ro·
1890 3289 1923 3335 ‘20

223 3396 321 3470 ganto
344 3386 488 3450 ciusdem
516 3385 665 3450 coenobii
694 3383 871 3450 venerabili
901 3383 1022 3449 abbate
1049 3384 1208 3450 Buobone
1230 3409 1296 3451 una
1318 3408 1392 3450 cum
1415 3386 1570 3451 fratribus
1594 3387 1656 3451 sibi
1679 3387 1872 3469 commissis,

225 3511 336 3553 omncs
359 3491 588 3554 concessiones
611 3511 692 3574 quas
714 3490 857 3578 priorum
880 3510 993 3573 regum
1016 3489 1217 3575 temporibus
1238 3489 1422 3555 habuerunt
1437 3490 1571 3555 firmiter
1586 3491 1691 3555 eidem
1707 3490 1780 3554 loco
1797 3512 1872 3554 con·

225 3595 397 3675 cessimus,
432 3595 608 3679 praecipue
630 3603 666 3656 ut
688 3601 884 3677 potestatem
906 3592 1050 3657 habeant
1076 3595 1159 3658 inter
1182 3616 1232 3673 se,
1257 3615 1332 3658 cum
1353 3595 1533 3658 necessitas
1555 3595 1694 3673 venerit,
1717 3592 1872 3657 abbatem

224 3695 380 3780 eligendi,
409 3706 442 3761 et
463 3706 500 3760 ut
521 3718 541 3760 a
563 3694 652 3761 nullo
676 3697 831 3780 episcopo
855 3695 895 3759 de
919 3695 1168 3761 dominicalibus
1190 3699 1314 3761 mansis
1337 3696 1482 3762 eiusdem
1508 3698 1697 3761 monasterii
1726 3696 1872 3761 decimae

224 3800 412 3883 exigantur,
435 3822 540 3884 neque
562 3821 583 3862 a
605 3800 723 3863 comite
746 3798 798 3862 vel
821 3821 863 3861 cx
886 3798 1032 3884 qualibet
1057 3800 1227 3865 iudiciaria
1252 3810 1415 3886 potestate
1437 3799 1544 3865 coloni
1568 3822 1679 3865 corum
1703 3810 1735 3863 et
1757 3799 1806 3864 liti
1829 3799 1872 3863 ad
1890 3822 1922 3868 aa

225 3904 380 3967 iustitiam
404 3902 587 3967 faciendam
615 3903 725 3988 aliquo
753 3902 863 3967 banno
893 3903 1172 3988 constringantur,
1207 3903 1265 3967 sed
1293 3926 1404 3968 coram
1433 3903 1604 3968 advocatis
1634 3903 1778 3968 ciusdem
1808 3902 1872 3966 loci

225 4008 381 4070 iustitiam
404 4007 512 4070 facore
534 4015 709 4092 cogantur,
734 4007 818 4070 sicut
837 4006 1035 4070 anteriorum
1051 4007 1251 4071 Francorum
1273 4029 1385 4091 rogum
1409 4007 1610 4093 temporibus
1633 4007 1781 4093 praefato
1805 4028 1872 4070 mo-

224 4110 366 4173 nasterio
390 4130 582 4174 concessum
604 4109 704 4173 fauisse
727 4110 853 4174 cunctis
875 4108 1027 4173 fidelibus
1049 4112 1169 4174 nostris
1191 4110 1314 4196 liquido
1338 4119 1438 4196 patet.
1465 4112 1510 4175 Et
1532 4121 1568 4175 ut
1589 4112 1671 4176 haec
1693 4112 1873 4174 avictoritas

225 4221 355 4276 nostrae
378 4211 559 4296 largitionis
581 4212 716 4277 firmiter
737 4212 898 4277 habeatur
920 4222 1017 4298 atque
1041 4236 1098 4298 per
1121 4213 1228 4278 futura
1251 4225 1399 4298 tempora
1421 4237 1440 4277 a
1462 4214 1612 4279 fidelibus
1627 4215 1747 4278 nostris
1763 4216 1872 4277 verius

225 4313 391 4396 credatur,
425 4324 536 4379 nostra
564 4317 697 4401 propria
726 4338 825 4380 manu
858 4315 968 4380 subter
996 4338 1068 4380 eam
1097 4316 1298 4381 firmavimus
1324 4327 1421 4402 atquc
1450 4317 1575 4382 anulli³
1607 4319 1709 4382 nostri
1739 4319 1871 4402 impres-
1890 4338 1923 4385 so

226 4421 315 4482 sione
339 4419 459 4502 signari
482 4419 644 4483 iussimus.

325 4580 496 4666 {Signum
521 4582 611 4662 (MP.)
636 4582 745 4647 domni
769 4582 957 4649 (lhuonradi
981 4586 1176 4650 serenissimi
1199 4581 1332 4671 regis}

326 4700 543 4786 psalomonb
578 4703 793 4769 cancellarius
823 4706 972 4772 advicem
1003 4708 1158 4792 Piligrimi
1189 4708 1442 4795 archicapellani
1478 4711 1652 4794 recognovi
1683 4717 1715 4772 et
1743 4723 1757 4789 a
1787 4710 1870 4790 (SR.)

1746 4816 1802 4892 (si.
1827 4815 1870 4891 a.)

327 4970 417 5035 Data
439 4989 488 5036 111.
512 4994 587 5038 non.
610 4973 674 5038 feb.
697 4997 783 5039 anno
811 4974 854 5039 ab
882 4976 1105 5040 incarnatione
1134 4975 1256 5040 domini
1279 4991 1470 5060 nccccxm,
1503 4978 1593 5062 regni
1621 4986 1730 5040 autem
1760 4974 1870 5040 domni
1890 4996 1922 5042 aa

225 5074 411 5140 Chuonradi
436 5077 631 5141 serenissimi
654 5079 740 5163 rogis
762 5100 849 5143 anno
872 5094 916 5160 113
939 5088 1048 5144 actum
1071 5080 1196 5165 inipso
1219 5082 1417 5145 monasterio
1433 5079 1590 5161 Corbcia3
1613 5082 1645 5144 in
1668 5080 1719 5144 dci
1742 5081 1872 5143 nomine

225 5179 376 5244 tiliciter⁸
398 5202 503 5244 amen.

330 5383 369 5438 18.
398 5385 424 5452 h)
443 5385 516 5437 indic
537 5385 565 5438 (J.

330 5488 369 5542 11.
396 5489 503 5558 [sichel]
607 5490 676 5558 a)A
780 5493 808 5553 b)
826 5493 932 5545 Salomo
950 5495 979 5544 in
995 5494 1168 5559 cerllinqerler
1185 5494 1298 5560 Sehrr'fl,
1317 5497 1397 5559 aosorl
1414 5494 1496 5545 durch
1515 5495 1612 5546 hleiuer
1630 5512 1646 5545 n
1665 5499 1774 5560 erydral.
