4500 6420
994 463 1120 522 OT'PO
1141 464 1166 521 1.
1190 459 1263 520 968.

1887 454 1951 521 493

409 664 475 705 aaa
497 647 549 706 der
564 647 735 708 Petitdraet
751 651 783 707 io
802 648 870 709 Do.
887 643 964 709 359l
987 649 1041 708 des
1061 649 1241 708 Verbdltniss
1262 667 1302 707 aa
1323 649 1377 707 der
1397 648 1537 721 Fossam
1559 647 1588 706 A
1610 647 1895 719 verumetiam-naen,
1918 667 1951 709 so

410 750 464 808 soll
487 768 519 809 er
540 754 573 810 ia
594 751 660 812 DO.
676 755 755 813 359⁶
778 754 968 812 bcaorleebeo
991 770 1050 811 was
1072 751 1128 823 far
1145 753 1246 811 deseca
1262 754 1363 812 Dictat
1386 752 1442 810 den
1463 751 1565 810 baden
1586 751 1802 810 Vorurtuadea
1823 751 1950 811 entlehnt

413 854 529 912 worden
552 856 598 913 ist.

661 1045 748 1104 359².

274 1193 291 1240 e
506 1178 542 1241 Iu
556 1179 686 1242 nomine
699 1186 811 1242 sancte
824 1187 856 1241 ct
867 1177 1033 1243 individue
1052 1181 1104 1243 tri-

308 1280 430 1344 nitatis,
466 1278 544 1343 Otto
569 1279 679 1343 divina
701 1280 832 1344 favente
855 1280 1026 1344 elementia
1049 1282 1105 1344 im-

309 1394 440 1466 perator
455 1394 622 1468 augustus.
695 1398 819 1448 Omnium
833 1404 922 1449 sancte
937 1398 979 1447 dei
993 1398 1104 1448 ecclesie

309 1516 341 1551 ac
371 1508 519 1552 nostrorum
547 1503 709 1566 presentium
739 1486 863 1552 scillcet
890 1517 921 1552 ac
955 1501 1104 1552 futurorum

309 1606 413 1654 neverit
434 1606 607 1666 universitas,
636 1605 750 1670 qualiter
778 1605 884 1670 qiudam
907 1589 1103 1655 venerabilis

260 1708 292 1753 10
311 1708 394 1757 abbas
417 1709 521 1758 cenobii
537 1708 633 1757 Christi
657 1710 779 1772 martyris
794 1708 929 1758 Uincentii
945 1710 988 1757 siti
1005 1710 1032 1756 in
1043 1706 1104 1758 lini-

309 1812 361 1860 bus
379 1812 575 1861 Beneuentanis
598 1813 703 1861 nomine
725 1811 826 1861 Paulus
848 1818 965 1861 nostram
989 1806 1105 1863 adiens²

310 1914 492 1964 celsitudinem
526 1915 622 1965 detulit
655 1916 732 1965 nobis
765 1922 890 1980 precepta
923 1931 1104 1980 processurum

310 2024 459 2067 inostrorum
493 2019 679 2082 imperatorum
714 2023 741 2069 et
769 2034 860 2084 regum
890 2019 940 2068 bac
966 2023 1104 2082 parentum

310 2126 468 2182 nostrorum,
491 2122 614 2172 videlicet
631 2123 772 2185 Desiderii,
793 2123 892 2181 Caroli,
915 2122 1044 2172 Lodouici
1067 2127 1104 2171 at-

261 2223 294 2273 ld
312 2239 363 2287 que
386 2224 513 2287 Lotharii,
536 2241 583 2289 per
605 2208 682 2290 qneb
704 2225 871 2275 contulerant
893 2241 925 2275 ex
948 2226 1003 2274 suis
1026 2225 1105 2274 rebus

311 2327 338 2374 in
361 2329 491 2391 prefatum
515 2329 702 2378 monasterium
725 2329 774 2378 hac
797 2321 1039 2378 confirmaverantc
1065 2344 1105 2377 res

312 2435 339 2479 et
360 2432 540 2494 possessiones
562 2432 599 2481 ibi
623 2446 639 2479 a
660 2432 824 2496 principibus
847 2432 960 2481 ducibus
986 2432 1105 2498 reliquis·

312 2549 363 2597 que
385 2533 508 2583 fidelibus
531 2534 649 2597 collatas,
672 2535 742 2584 unde
758 2534 875 2598 prefatus
889 2536 973 2585 abbas
988 2541 1105 2586 nostram

312 2638 432 2686 exoravit
454 2637 619 2687 clementiam
642 2642 673 2686 ut
695 2637 786 2687 eadem
808 2644 933 2703 precepta
960 2639 1010 2688 hac
1034 2640 1105 2705 lega-

260 2744 293 2791 20
312 2739 350 2788 les
373 2741 529 2805 scriptiones
552 2757 671 2790 necnon
692 2741 785 2805 predia
806 2757 853 2805 per
875 2723 1017 2791 diuersus‘¹
1040 2740 1105 2793 lines

312 2845 385 2908 regni
402 2843 487 2892 italici
504 2845 669 2893 coniacentia
685 2838 793 2893 eidem⁰
817 2845 927 2895 cenobio
947 2845 1044 2896 collata
1059 2863 1106 2911 per

311 2952 400 2995 nostre
423 2945 629 2996 coinfirmationis
651 2955 803 3012 preceptum
827 2950 853 2996 in
877 2950 1007 3013 prefatum
1029 2967 1105 3001 vene-

312 3051 421 3100 rabilem
450 3050 537 3100 locum
566 3050 788 3102 confirmaremus.
826 3053 909 3103 Cuius
932 3055 1106 3117 petitionibus

311 3154 430 3204 faventes
458 3170 505 3218 pro
535 3154 577 3204 dei
605 3169 693 3205 amore
726 3157 924 3221 animarumque
957 3163 1106 3207 nostrarum

260 3265 292 3313 25
312 3258 426 3309 remedio
449 3274 497 3322 per
518 3259 568 3308 hoc
591 3263 679 3309 nostre
710 3259 916 3309 confirmationis
944 3267 1105 3325 preceptum,

311 3368 389 3426 prout
412 3363 480 3411 iuste
504 3367 529 3410 et
552 3362 673 3426 legaliter
695 3378 843 3427 possumne,
867 3361 1051 3412 confirmamus
1075 3379 1105 3414 ac

310 3465 416 3529 penitus
444 3465 644 3513 corroboramus
674 3467 701 3513 in
729 3465 847 3529 predicto
871 3467 982 3515 cenobio
1007 3466 1105 3516 Christi

311 3569 432 3631 martyris
448 3567 582 3618 Uincentii
601 3569 688 3617 omnia
710 3576 834 3633 precepta
855 3586 1038 3633 precessorum
1060 3587 1104 3621 no·

311 3677 423 3722 utrorum
439 3674 625 3736 imperatorum
642 3678 668 3723 et
683 3689 774 3738 regum
789 3690 836 3723 seu
850 3679 989 3738 parentum
1005 3682 1105 3725 nostro-

260 3779 293 3827 ³0
311 3790 384 3837 rum,
413 3774 536 3824 videlicet
566 3774 711 3837 Desiderii,
740 3775 841 3837 Caroli,
871 3776 1001 3826 Louomei
1026 3782 1105 3842 atque

311 3877 445 3939 Lotharii,
475 3892 565 3926 verum
594 3879 672 3926 etiam
701 3893 791 3928 omnies
813 3893 855 3927 res
877 3885 904 3928 et
925 3881 1105 3942 passessiones

215 3970 218 3975 ⁹
310 3995 357 4044 per
380 3980 497 4030 diverses
521 3980 585 4030 fines
608 3983 682 4047 regni
704 3981 791 4031 Italici
812 3983 913 4046 positas
938 3999 986 4047 per
1014 3984 1105 4034 eadem

311 4091 435 4149 precepta
463 4084 505 4134 vel
534 4085 653 4150 quolibet
681 4067 783 4151 legalis
802 4086 881 4136 titulo
912 4087 1063 4151 scriptionis
1089 4102 1105 4136 a

310 4190 476 4254 principibus
496 4189 608 4239 ducibus
624 4190 785 4255 reliquisque
800 4189 923 4241 fidelibus
939 4191 1036 4241 ibidem
1052 4192 1104 4241 col-

260 4292 292 4339 35
311 4292 379 4341 latas
402 4309 450 4342 nec
473 4309 526 4342 non
549 4295 709 4344 monasteria
731 4299 757 4343 et
779 4294 860 4345 cellae
889 4295 1000 4344 inferius
1023 4296 1104 4344 nemi·

311 4400 401 4444 natas:
425 4398 612 4446 monasterium
634 4397 762 4463 siquidem
786 4400 813 4446 in
831 4398 930 4448 bonore
945 4399 1015 4448 beati
1031 4398 1103 4448 Petri

312 4499 424 4561 apostoli
454 4506 633 4549 constructum
658 4502 772 4565 positum
795 4501 854 4550 loco
877 4501 949 4552 Trite
973 4503 1104 4552 territorio

312 4601 442 4651 Balbense
466 4610 490 4651 et
513 4604 540 4651 iu
564 4603 653 4652 Penne
677 4603 770 4652 cellam
792 4617 872 4652 unam
895 4620 946 4668 que
969 4619 1104 4669 nuncupa-

311 4711 354 4753 tur
383 4712 474 4755 sancta
496 4707 582 4755 Maria
603 4708 630 4755 in
654 4707 780 4768 Musaue,
812 4708 838 4754 in
866 4707 979 4756 abrutio
1011 4706 1104 4756 cellam

260 4815 293 4861 ιο
311 4823 390 4857 unam
414 4816 476 4878 que
498 4803 704 4877 nuncupatur
728 4804 841 4857 sancta
864 4793 969 4857 Maria
996 4811 1023 4858 in
1045 4810 1104 4859 1000

311 4910 356 4973 qui
374 4915 484 4958 vocatur
500 4910 587 4971 Arole,
610 4911 672 4960 item
688 4916 780 4960 sancta
795 4911 879 4960 illaria
898 4914 924 4960 in
940 4914 1015 4962 Duas
1031 4913 1103 4961 Basi-

310 5013 376 5062 licas
411 5019 484 5060 cum
515 4997 664 5062 omnibus
693 4998 840 5062 ecclesiis
869 5008 901 5063 et
928 4999 1018 5063 cellis
1042 4999 1103 5063 sibi

312 5100 465 5164 subiectis
494 5112 526 5165 et
554 5124 628 5165 cum
652 5101 801 5166 omnibus
828 5105 1029 5187 pertinentiis
1052 5101 1104 5166 vel

310 5204 503 5268 adiacentiis
533 5225 660 5286 eorum,
691 5202 843 5267 videlicet
871 5207 1103 5270 monasterium

260 5322 292 5368 ss
311 5316 423 5369 sancte
442 5305 544 5368 Maria
567 5303 655 5390 quod
677 5313 899 5370 constructum
923 5319 972 5373 est
994 5309 1027 5372 in
1046 5308 1104 5372 Pa·

339 5511 411 5564 uteo.
431 5511 538 5580 [Sickel]
592 5511 937 5578 alobnostramaudiened
991 5516 1018 5579 b)
1026 5531 1103 5581 quem

430 5581 452 5631 A
521 5584 545 5644 c)
562 5580 801 5631 confirmaveratA
871 5583 898 5644 d)
911 5584 943 5645 cf.
969 5582 1028 5634 Do.
1047 5587 1103 5634 360

431 5649 459 5701 S.
472 5654 526 5701 496
544 5650 572 5700 Ζ.
586 5652 621 5700 24
684 5648 796 5713 uidem
815 5649 845 5699 A.

1509 1037 1595 1103 359⁶.

1353 1178 1393 1242 In
1404 1178 1533 1243 nomine
1546 1184 1657 1240 sancte
1670 1186 1702 1240 et
1712 1176 1879 1244 individue
1895 1179 1949 1242 tri-

1156 1281 1277 1346 nitatis.
1313 1279 1390 1345 Otto
1413 1279 1524 1344 divina
1545 1279 1675 1343 favente
1698 1279 1870 1344 clementia
1891 1289 1950 1346 im·

1157 1393 1288 1469 perator
1299 1391 1467 1467 augustus.
1544 1396 1667 1448 Omnium
1680 1403 1770 1448 sancte
1782 1399 1824 1448 dei
1839 1399 1950 1450 ecclesie

1156 1517 1188 1552 ac
1210 1508 1359 1552 nostrorum
1381 1502 1543 1566 presentium
1566 1501 1667 1550 scilicet
1687 1516 1720 1550 ac
1737 1501 1886 1552 futurorum
1904 1519 1949 1553 no-

1157 1607 1224 1656 verit
1246 1606 1413 1664 universitas,
1436 1602 1550 1670 qualiter
1570 1603 1676 1668 qnidam
1693 1605 1851 1655 venerabilis
1867 1606 1951 1655 abbas

1156 1710 1260 1761 cenobii
1284 1709 1381 1759 Christi
1405 1709 1527 1772 inartyris
1549 1707 1684 1758 Uincentii
1708 1702 1777 1756 siti⁸
1799 1710 1827 1757 in
1852 1708 1950 1758 finibus

1157 1814 1353 1863 Beneuentanis
1375 1813 1481 1861 nomine
1498 1811 1600 1861 Paulus
1622 1815 1738 1860 nostram
1760 1795 1877 1861 rediensb
1900 1812 1951 1862 cel·

1157 1915 1297 1966 citudinem
1314 1915 1409 1965 detulit
1423 1916 1500 1964 nobis
1515 1919 1641 1979 precepta
1655 1929 1835 1979 precessornm
1850 1921 1950 1966 nostro·

1157 2036 1215 2069 rum
1243 2020 1430 2083 imperatorum
1459 2034 1488 2081 e,
1522 2017 1646 2067 videlicet
1673 2017 1818 2080 Desiderfi,
1853 2018 1951 2080 Caroli,

1157 2122 1286 2173 Lodouici
1310 2128 1389 2187 atque
1412 2122 1540 2182 Lotharii,
1563 2136 1610 2185 per
1632 2136 1683 2185 que
1705 2115 1895 2172 ιιοιιῒιιΙιιιιιιιιΕ
1918 2137 1951 2171 ex

1157 2228 1212 2276 suis
1241 2227 1320 2277 rebus
1345 2227 1372 2274 in
1397 2225 1528 2290 prefatum
1551 2226 1738 2273 monasterium
1760 2240 1792 2274 ac
1814 2223 1953 2274 confirma«

1158 2310 1273 2379 rerant‘³
1296 2345 1337 2379 res
1360 2333 1386 2378 et
1407 2328 1587 2393 possessiones
1609 2328 1646 2376 ibi
1665 2328 1860 2392 aprincipibus
1878 2328 1951 2377 duci·

1156 2437 1207 2485 bus
1238 2435 1399 2500 reliquisque
1427 2433 1551 2484 fidelibus
1578 2432 1701 2495 collatas,
1735 2431 1806 2482 unde
1833 2432 1951 2496 prefatus

1158 2540 1241 2588 abbas
1263 2544 1380 2588 nostram
1403 2539 1522 2588 exoravit
1544 2536 1710 2586 clementiam
1732 2541 1763 2584 ut
1784 2535 1876 2586 eadem
1894 2551 1950 2599 pre·

1157 2647 1235 2706 cepta
1257 2656 1288 2690 ac
1310 2641 1409 2705 legales
1436 2641 1592 2703 scriptiones
1615 2654 1664 2688 nec
1686 2633 1762 2689 n0n⁰
1791 2638 1883 2702 predia
1905 2654 1952 2702 per

1158 2745 1275 2794 diversos
1292 2742 1358 2793 fines
1373 2744 1447 2808 regni
1462 2742 1549 2792 Italici
1565 2743 1731 2791 coniacentia
1746 2722 1853 2790 eidemf
1874 2757 1951 2790 ceno·

1157 2849 1201 2898 bio
1225 2847 1323 2897 collata
1344 2862 1391 2910 per
1413 2852 1502 2895 nostre
1525 2844 1730 2894 confirmationis
1753 2850 1906 2908 preceptum
1923 2845 1950 2892 in

1156 2951 1288 3016 prefatum
1304 2948 1481 2999 venerabilem
1503 2948 1591 2997 locum
1615 2946 1837 2997 confirmaremus.
1867 2946 1950 2996 Cuius

1157 3055 1330 3120 petitionibus
1358 3053 1477 3102 faventes
1503 3067 1550 3116 pro
1574 3050 1616 3101 dei
1638 3066 1728 3100 amere
1751 3052 1950 3114 animarumque

1157 3163 1305 3208 nostrarum
1334 3156 1449 3206 remedio
1480 3169 1527 3219 per
1555 3155 1606 3204 hoc
1634 3159 1723 3203 nostre
1746 3151 1952 3203 continuationis

1157 3267 1318 3326 preceptum,
1341 3266 1420 3324 prout
1441 3261 1509 3308 iuste
1533 3263 1559 3308 et
1581 3257 1701 3323 legaliter
1718 3271 1867 3321 possumus,
1890 3270 1951 3305 con·

1157 3365 1291 3414 firmamus
1307 3380 1337 3414 ac
1353 3365 1458 3428 penitus
1475 3361 1675 3412 corroboramus
1691 3362 1718 3408 in
1735 3359 1853 3424 predicto
1874 3374 1951 3409 ceno-

1157 3470 1201 3519 bio
1220 3468 1317 3518 Christi
1341 3467 1464 3529 martyris
1479 3463 1613 3514 Uincentii
1638 3465 1726 3513 omnia
1746 3468 1872 3528 precepta
1894 3477 1950 3527 pre-

1157 3587 1290 3621 cesserum
1325 3577 1473 3620 nostrorum
1505 3571 1692 3633 imperatorum
1723 3572 1749 3617 et
1780 3583 1870 3632 regum
1904 3582 1951 3617 seu

1157 3680 1295 3739 parentum
1324 3680 1486 3735 nostrorum,
1521 3671 1645 3722 videlicet
1673 3669 1820 3732 Desiderii,
1853 3669 1950 3731 Caroli,

1158 3777 1286 3828 Lodouici
1310 3784 1388 3843 atique
1411 3777 1545 3838 Lotharii,
1575 3791 1667 3825 verum
1694 3776 1773 3825 etiam
1796 3790 1887 3825 omnes
1909 3790 1951 3824 res

1157 3888 1184 3931 et
1205 3882 1384 3945 possessiones
1407 3896 1454 3944 per
1476 3879 1595 3929 diversos
1617 3877 1682 3927 fines
1705 3879 1779 3943 regni
1795 3876 1882 3926 Italici
1905 3893 1951 3941 po·

1157 3987 1222 4034 sitas
1237 4000 1283 4049 per
1299 3984 1390 4034 eadem
1410 3988 1535 4048 precepta
1551 3982 1594 4032 vei
1616 3980 1736 4047 quolibet
1756 3980 1850 4045 legalis
1873 3980 1950 4030 titulo

1157 4089 1308 4152 scriptionis
1330 4103 1347 4136 a
1368 4087 1533 4152 principibus
1556 4085 1669 4134 ducibus
1690 4084 1850 4148 reliquisque
1868 4083 1950 4133 fideli·

1156 4192 1207 4241 bus
1235 4191 1332 4240 ibidem
1359 4190 1470 4240 collatas
1492 4206 1541 4241 nec
1563 4206 1616 4239 non
1639 4188 1798 4237 monasteria
1822 4191 1848 4237 et
1870 4187 1951 4237 ceilae

1157 4295 1266 4344 inferius
1295 4295 1457 4344 nominatas:
1486 4293 1672 4342 monasterium
1700 4290 1828 4356 siquidem
1855 4291 1882 4338 in
1905 4290 1950 4338 ho-

1156 4414 1220 4450 nore
1242 4415 1258 4446 a
1281 4405 1371 4447 sancte
1398 4380 1450 4446 dei
1478 4381 1642 4464 genitricis
1672 4394 1756 4443 Maris
1785 4379 1893 4462 posita
1924 4393 1950 4440 in

1156 4501 1246 4550 Penne
1268 4485 1341 4549 loco
1361 4499 1474 4549 Musam
1490 4492 1522 4547 et
1537 4480 1652 4546 cellam
1670 4489 1817 4545 sanctam
1833 4478 1950 4543 Ansui-

1156 4611 1249 4670 num,
1277 4585 1428 4652 videlicet
1450 4587 1682 4651 monasterium
1705 4583 1809 4647 sancti
1832 4580 1950 4664 Angeli

1155 4692 1188 4754 in
1213 4689 1344 4770 Canale,
1373 4706 1400 4754 in
1422 4704 1535 4755 abrutio
1558 4703 1650 4753 cellam
1673 4716 1753 4750 unam
1775 4716 1827 4766 que
1849 4715 1949 4749 nuncn-

1155 4815 1235 4875 patur
1250 4815 1341 4859 sancta
1355 4809 1441 4858 Maria
1457 4809 1485 4857 in
1499 4807 1557 4857 loco
1574 4807 1619 4871 qui
1634 4811 1745 4856 vocatur
1760 4803 1839 4853 Arole
1856 4820 1872 4850 a
1890 4818 1949 4852 curn

1156 4912 1279 4961 omuibus
1307 4909 1426 4961 ecclesiis
1455 4916 1481 4959 et
1508 4909 1582 4960 cellis
1610 4908 1661 4957 sibi
1689 4908 1815 4956 subiectis
1841 4911 1867 4955 et
1890 4922 1950 4955 cum

1156 5015 1278 5064 omnibus
1297 5014 1463 5078 pertinentiis
1488 5012 1530 5062 vel
1559 5011 1714 5061 adiacentiis
1737 5026 1826 5061 eorsum
1849 5026 1873 5071 s,
1896 5024 1950 5059 ima

1156 5132 1216 5165 cum
1238 5116 1331 5165 caenis
1353 5114 1481 5179 cappellis
1504 5113 1588 5163 titulis
1606 5115 1674 5162 casis
1689 5115 1766 5162 terris
1781 5113 1865 5162 vineis
1881 5127 1949 5161 cam·

1155 5221 1196 5284 pie
1219 5221 1301 5283 pratis
1324 5221 1430 5284 pascuis
1452 5219 1526 5268 silvis
1551 5218 1672 5281 piscariis
1695 5217 1851 5267 molendinis
1874 5218 1949 5281 aquis

1156 5317 1361 5387 aquarumque⁸
1384 5323 1539 5374 decursibus
1561 5322 1644 5372 servis
1667 5327 1694 5371 et
1715 5320 1819 5370 ancillis
1840 5319 1874 5368 ed
1892 5335 1949 5384 pre-

1185 5510 1256 5564 ttae.
1277 5509 1384 5579 [sicle]
1460 5513 1485 5576 a)
1502 5512 1553 5562 site
1571 5508 1602 5561 A‘
1672 5511 1699 5574 b)
1716 5510 1750 5560 eb
1770 5516 1885 5562 noenum
1903 5526 1948 5560 au·

1275 5581 1350 5631 diens
1372 5579 1404 5631 A*
1486 5581 1510 5645 c)
1527 5580 1675 5631 contulerat
1697 5576 1728 5629 A'
1810 5580 1837 5646 d)
1857 5578 1949 5630 confir·

1274 5655 1393 5700 maverat
1404 5647 1436 5701 A‘
1506 5650 1531 5711 e)
1550 5664 1603 5700 non
1614 5647 1684 5711 fehlt
1698 5648 1727 5698 in
1738 5644 1769 5697 A'
1838 5649 1861 5709 f)
1879 5647 1949 5698 idem

1273 5716 1305 5768 A‘
1382 5715 1410 5785 g)
1426 5720 1502 5784 aquis
1523 5732 1650 5785 equorum
1672 5715 1710 5767 A'.
