4298 6414
891 416 1123 473 HEINRIOH
1146 418 1168 471 1.
1194 412 1264 470 932.

1044 598 1107 675 32.

264 767 440 865 ΗεὶπνιθιΙ
457 769 535 867 qibt
567 769 647 843 dam
672 770 819 845 Kbstcr
844 770 1015 870 Hersfeld
1047 771 1284 869 Besitzaapeu
1319 773 1369 844 ira
1401 772 1536 871 Altpcu
1562 773 1642 846 aad
1667 773 1831 872 Westpca
1858 800 1902 847 zu

269 888 405 964 Tomos.
1526 932 1620 991 Reos
1642 936 1707 993 932
1728 932 1809 992 Juas
1831 938 1859 996 1.

358 1131 610 1207 Oricinoldsplom
630 1134 672 1192 im
694 1134 722 1194 lc.
745 1135 947 1196 Stootaorcbiv
967 1153 1008 1195 aa
1030 1135 1177 1210 Morbum
1202 1134 1264 1215 (A).

356 1287 530 1347 &business
544 1288 629 1349 Mon.
652 1289 742 1350 Has.
758 1293 789 1361 2,
807 1291 872 1350 657
884 1296 952 1351 aar
978 1310 1034 1351 aas
1050 1292 1078 1349 Α
1101 1314 1142 1346 =
1165 1291 1278 1366 Iarrzey
1293 1293 1326 1350 ia
1341 1291 1529 1352 ActcPalot.
1546 1297 1575 1363 7,
1592 1297 1652 1353 131
1669 1295 1904 1368 30231369.-

360 1392 469 1453 Weack
483 1393 570 1454 Heus.
586 1393 798 1468 tuncassos.
822 1389 864 1467 3⁶,
887 1401 932 1458 27
952 1403 986 1455 πθ
1000 1401 1043 1459 29
1066 1415 1122 1456 itas
1138 1396 1175 1458 A.
1197 1430 1238 1439 -
1260 1396 1347 1455 Fors.
1371 1396 1405 1453 ia
1419 1394 1558 1454 Berlioer
1572 1394 1688 1456 Abbild.
1712 1430 1753 1439 —
1777 1395 1905 1455 Bdlemer

357 1495 432 1569 Rea.
457 1498 510 1558 62.
532 1530 575 1540 -
596 1496 725 1572 Stampf
742 1499 815 1574 Rea.
839 1503 891 1560 37.

358 1650 553 1711 Gaecbriebca
574 1669 631 1712 coa
651 1653 717 1714 PB.
751 1653 871 1714 Diescm
896 1655 961 1714 aad
986 1655 1043 1713 den
1070 1655 1135 1714 circi
1163 1655 1319 1729 soluendae
1339 1652 1411 1715 DD.
1440 1652 1507 1727 liept
1530 1653 1577 1712 dic
1596 1652 1705 1727 pleiclee
1727 1655 1846 1713 Foroael
1866 1673 1906 1713 au

360 1753 500 1827 Made,
531 1755 705 1830 disjectas
724 1774 786 1815 aar
807 1759 852 1817 bis
875 1759 1016 1819 Iussimus
1040 1760 1156 1819 reiclrte.
1173 1792 1215 1802 —
1237 1759 1288 1818 Do
1310 1758 1363 1816 der
1380 1758 1434 1816 Ort
1455 1758 1530 1817 Reot
1552 1759 1614 1817 siclt
1635 1759 1714 1816 uiolet
1737 1761 1906 1818 beatiotmco

357 1858 440 1929 laser,
464 1858 551 1918 bleibt
572 1860 649 1919 auct
671 1859 925 1920 cavernosos
948 1862 1001 1920 der
1021 1862 1240 1936 Aasfertiquay
1261 1880 1318 1921 oca
1331 1860 1405 1921 DH.
1421 1864 1465 1922 32
1485 1879 1525 1920 aa
1547 1861 1600 1920 der
1621 1881 1675 1921 aaa
1697 1863 1769 1922 ΒΗ.
1785 1867 1828 1922 33
1849 1880 1906 1921 wn-

359 1961 541 2036 aafyelclort,
563 1981 588 2022 s.
612 1964 712 2025 Woita
734 1963 841 2025 Jahrb.
866 1965 907 2025 H.
927 1977 951 2028 Ι.
974 1968 1166 2026 147-150.

362 2165 422 2246 (C.)
446 2169 461 2252 ᾖ
483 2166 522 2229 In
544 2169 675 2232 nomine
698 2177 833 2234 sanctae
856 2177 888 2234 et
910 2169 1099 2234 individuae
1120 2170 1285 2234 trinitatis.
1317 2169 1491 2235 Heinricus
1507 2168 1619 2235 divina
1635 2169 1828 2255 disponente
1844 2167 1908 2235 cle·

271 2269 380 2332 ruentia
394 2292 466 2333 rex.
543 2270 680 2336 Noverit
696 2273 838 2337 omnium
854 2271 999 2337 fidelium
1014 2282 1199 2338 nostrorum
1215 2275 1434 2357 praesentium
1459 2272 1583 2337 scilicet
1598 2282 1631 2337 et
1648 2272 1770 2339 futuro·
1784 2271 1799 2356 ᾖ
1812 2282 1909 2338 rum⁸

270 2369 419 2436 industria
425 2422 435 2454 ‚
470 2372 609 2458 qualiter
637 2397 697 2440 nos
728 2396 803 2440 cum
833 2374 1152 2440 Heroluesfeldensis
1181 2374 1330 2441 coenobii
1359 2374 1479 2440 abbate
1508 2378 1560 2441 cui
1588 2399 1706 2442 nomen
1734 2376 1907 2462 Megingoa

234 2480 257 2527 lt
270 2473 426 2558 quoddam
450 2476 677 2543 concambium
700 2478 847 2544 fecimus.
881 2477 1033 2544 Tradidit
1054 2480 1153 2563 igitur
1174 2479 1270 2545 nobis
1293 2479 1439 2564 prefatus
1462 2479 1549 2544 abba
1572 2502 1645 2545 cum
1669 2500 1831 2545 consensu
1845 2480 1909 2545 fra-

269 2586 343 2642 trum
366 2588 400 2642 et
423 2602 522 2645 manu
544 2580 699 2647 advocati
722 2584 772 2647 sui
793 2581 983 2647 Theotharii
1006 2585 1040 2647 in
1063 2605 1148 2668 pago
1164 2580 1402 2648 Friesonoueld
1423 2583 1457 2646 in
1480 2585 1637 2648 comitatu
1653 2582 1797 2668 Sigifridi
1821 2585 1909 2669 quic-

267 2679 336 2764 quid
363 2683 398 2746 in
420 2683 504 2749 locis
527 2664 724 2770 fistmhnsa,
748 2686 927 2769 Ascndorf‚
950 2685 1099 2770 Uuntza,
1129 2685 1331 2771 Hompergi‚
1361 2683 1596 2770 Seorebininga
1626 2685 1909 2771 Sitechenbahque

267 2786 386 2850 vocatis
416 2788 562 2854 eiusdem
591 2788 740 2855 coenobii
769 2790 943 2875 potestatis
972 2812 1044 2855 esse
1074 2789 1263 2871 videbatur,
1297 2809 1371 2853 cum
1402 2788 1573 2854 curtilibus
1603 2787 1743 2853 ecclesia
1772 2789 1910 2873 aliisque

266 2887 419 2955 aediliciis
443 2893 658 2979 omnibusque
680 2892 877 2979 appenditiis
901 2902 933 2958 et
955 2893 1149 2959 adiacentiis
1172 2893 1249 2958 suis.
1283 2891 1489 2957 Donavimus
1512 2893 1598 2956 enim
1621 2900 1755 2958 econtra
1771 2889 1815 2955 ad
1829 2888 1911 2955 illud

229 3004 253 3052 to
266 2992 457 3059 coenobium
479 2997 513 3060 in
535 2999 630 3083 pagis
653 2996 816 3081 Altgeuue
839 3006 872 3062 et
893 2996 1104 3082 Uuestgeuue
1125 2997 1301 3062 nominatis
1323 2996 1357 3060 in
1380 2994 1589 3060 comitatibus
1608 2993 1855 3080 Meginuuarcbi
1878 3002 1912 3059 et

267 3096 409 3182 sigifridi
431 3097 506 3164 loca
527 3100 714 3182 Tenuistat,
739 3097 1004 3185 Chirihbaringa,
1027 3098 1327 3184 Uuolucsbaringa‚
1350 3097 1498 3182 Paringi,
1521 3098 1773 3181 Bisenuuinida,
1796 3097 1911 3162 Hursi·

265 3199 485 3287 legemundil‚
515 3202 645 3286 Asbah,
675 3201 963 3286 Eckihartesleba,
992 3183 1129 3290 ilsgari,
1158 3202 1331 3285 Saltaaha‚
1355 3200 1538 3267 Durniloha
1561 3211 1594 3266 et
1617 3200 1767 3266 Germari
1789 3221 1911 3265 nuncu-

264 3313 356 3389 pata,
392 3328 467 3371 eum
496 3306 690 3372 curtilibus⁰
717 3305 887 3372 aecclesiis
915 3309 1097 3394 ceterisque
1125 3307 1262 3392 edificiis
1289 3307 1461 3392 mancipiis
1488 3307 1582 3372 terris
1606 3304 1702 3370 cultis
1725 3314 1758 3369 et
1779 3302 1911 3369 incultis

264 3409 349 3492 agris
372 3411 478 3495 pratis
500 3413 627 3497 campis
648 3413 781 3497 pascuis
806 3409 896 3475 silvis
919 3411 1013 3496 aquis
1036 3433 1260 3497 aquarumque
1289 3409 1481 3475 decursibus
1508 3409 1703 3475 molendinis
1726 3409 1788 3471 viis
1810 3407 1912 3472 etin·

226 3521 250 3568 to
264 3513 324 3576 viis
353 3513 498 3579 exitibus
529 3522 561 3579 et
587 3513 747 3580 reditibus
778 3514 912 3600 quesitis
941 3523 974 3578 et
1001 3515 1200 3599 inquirendis
1231 3523 1263 3580 et
1292 3513 1442 3580 omnibus
1471 3536 1555 3600 quae
1584 3513 1649 3578 dici
1672 3521 1730 3576 aut
1751 3510 1911 3576 nominari

264 3626 402 3699 possunt
428 3617 637 3704 appenditiis.
674 3617 834 3682 Iussimus
863 3638 992 3703 quoque
1022 3619 1085 3683 hoc
1112 3629 1324 3704 praeceptum
1347 3619 1422 3685 inde
1445 3616 1608 3683 conscribi
1630 3639 1689 3702 per
1712 3614 1800 3701 quod
1822 3614 1912 3679 volu-

264 3741 335 3784 mus
357 3720 556 3806 firmiterque
579 3719 739 3804 iubemus‚
763 3705 924 3806 quatenus
946 3732 1145 3788 memoratus
1168 3722 1342 3807 Megingoz
1365 3721 1453 3787 abba
1475 3720 1682 3786 venerandus
1705 3722 1818 3805 suique
1842 3740 1912 3783 suc-

264 3845 412 3888 cessores
435 3823 632 3889 liberrimam
655 3825 730 3890 inde
753 3824 888 3889 ulterius
910 3825 1056 3891 habeant
1078 3835 1275 3912 potestatem
1301 3826 1433 3892 tenendi
1461 3825 1683 3892 commutandi
1711 3822 1912 3910 possidendi.

265 3925 307 3989 Et
321 3936 359 3990 ut
373 3925 456 3992 hacc
480 3936 612 3992 nostrae
634 3930 899 3994 commutationis
923 3931 1102 3995 auctoritas
1124 3930 1218 3995 firma
1241 3929 1432 4016 stabilisque
1455 3940 1655 4017 permaneat,
1679 3952 1777 3994 manu
1799 3937 1913 3993 nostra

222 4036 250 4085 ³0
266 4029 380 4093 subtus
402 4052 475 4096 eam
498 4031 700 4097 firmavimus
722 4031 885 4118 anuloque
906 4041 1019 4098 nostro
1043 4033 1189 4116 insigniri
1212 4035 1450 4119 praecepimus.

367 4182 382 4269 ξ
403 4185 541 4271 Signum
564 4186 674 4253 domui
698 4187 845 4253 Heinrici
867 4189 957 4269 (MP.)
983 4188 1179 4253 serenissimi
1201 4189 1298 4272 regis.
1320 4186 1335 4268 ll

366 4303 381 4385 l
402 4307 515 4394 Poppo
531 4309 678 4374 notarius
693 4308 844 4386 advicem
859 4309 1027 4394 Hiltiperti
1042 4309 1320 4396 archicappellani
1336 4310 1513 4395 recognovi
1529 4310 1589 4392 etl
1606 4310 1676 4390 (sn
1693 4309 1769 4388 NN.)
1795 4309 1852 4388 (SI.
1870 4308 1912 4388 2.)

368 4461 458 4527 Data
473 4461 541 4529 kal.
557 4465 624 4530 iun.
640 4487 725 4530 auno
741 4466 976 4531 incarnationis
995 4464 1116 4530 domini
1139 4481 1362 4549 nccccxxxu,
1385 4476 1542 4551 regnante
1561 4466 1706 4551 piissimo
1723 4487 1798 4548 rege
1815 4464 1913 4528 Hein-

266 4567 332 4629 rieo
356 4588 443 4630 anno
467 4584 563 4649 x11113
585 4576 695 4633 actum
718 4570 751 4633 in
774 4568 847 4634 loco
870 4570 955 4634 Reot
977 4569 1082 4651 dict03
1105 4570 1138 4633 in
1161 4568 1213 4633 dei
1237 4570 1366 4634 nomine
1389 4568 1541 4652 ffeliciter
1562 4569 1681 4653 almeri.

222 4829 252 4876 ss
1061 4812 1124 4891 33.

268 4987 440 5063 Heinrich
463 4988 540 5085 pibt
565 4986 645 5060 dem
671 4983 817 5058 Kloater
842 4946 1014 5083 Ilerq‘eld
1039 4984 1109 5057 den
1137 4982 1205 5059 Ort
1229 4984 1380 5056 Ileosca
1406 5010 1451 5056 zu
1482 4983 1629 5057 Touscla.

1519 5124 1631 5195 Erfort
1654 5126 1719 5184 932
1740 5122 1820 5182 June?
1842 5127 1871 5181 1.

370 5335 548 5409 Oopiclbucli
570 5353 625 5394 eon
648 5335 789 5406 Hersfelo
810 5353 867 5395 aas
889 5336 942 5395 der
964 5337 1053 5395 Mitte
1081 5335 1130 5396 (tes
1159 5341 1209 5397 12.
1233 5335 1286 5394 Jlr.
1309 5335 1333 5405 f.
1359 5337 1398 5394 55
1430 5335 1472 5391 ior·
1494 5332 1521 5390 k.
1546 5330 1748 5391 Stcrotsorcbic
1768 5347 1808 5388 za
1830 5328 1915 5388 Mor-

372 5441 447 5512 bury
471 5436 533 5516 (B).

226 5616 256 5663 4⁰
373 5623 414 5679 ³2.
443 5624 537 5693 [Folta]
625 5627 652 5688 a)
669 5632 751 5676 saera
769 5626 897 5686 lutnroro,
913 5625 987 5676 ἅωη
1004 5642 1034 5676 ro
1050 5625 1137 5688 petilpl
1224 5625 1252 5688 b)
1269 5642 1319 5676 ocu
1335 5624 1459 5689 jia'rrqercr
1476 5623 1559 5674 Hand
1575 5621 1663 5673 warde
1680 5621 1737 5671 bier
1754 5618 1918 5672 Falchiuaba

442 5693 620 5759 atspescbabet
707 5697 733 5761 c)
751 5712 816 5748 corr.
834 5712 882 5745 oras
899 5696 1024 5746 curtibus.

1673 5794 1711 5855 9*
