4500 6420
952 468 1077 525 ΟΤΤΟ
1100 470 1122 524 Ι.
1147 466 1219 524 961.
1845 456 1907 523 307

349 649 438 715 Data
462 666 550 713 vnn.
574 647 641 713 kal.
668 650 743 713 mai.
767 670 852 713 anno
877 642 1059 713 dominicae
1195 648 1286 712 Data
1307 664 1355 712 lx.
1374 647 1441 713 kal.
1465 648 1543 712 maii
1566 669 1652 711 anno
1676 646 1838 712 dominice
1860 649 1908 713 in-

246 754 496 818 'inearnationis
509 767 690 834 Dccccurn,
703 749 879 817 indictione
891 769 955 834 1111,
973 774 1058 816 anno
1111 753 1309 816 carnationis
1327 764 1509 833 Dccccuxl,
1533 750 1710 815 indictione
1732 768 1796 833 1u1,
1819 773 1905 817 anno

262 855 414 921 videlicet
450 857 542 940 regni
580 855 775 920 serenissimi
808 857 894 939 regis
929 852 1059 920 Ottonis
1111 876 1188 918 vero
1204 856 1294 938 regni
1313 856 1509 919 serenissimi
1530 854 1639 919 domni
1656 853 1787 919 Ottonis
1803 873 1906 937 xxm

262 976 367 1042 xxvl3
401 968 511 1024 actum
533 956 766 1040 Uuolohusun3
799 960 834 1025 in
857 955 977 1022 Christi
1005 979 1061 1021 no·
1112 967 1220 1023 actum
1237 957 1455 1041 Walahusen3
1478 959 1512 1021 in
1535 957 1587 1022 dei
1609 959 1739 1024 nomine
1762 980 1867 1022 amen.

229 1063 348 1128 omine
371 1072 502 1128 amen.¹’

1041 1298 1129 1376 223.

271 1456 352 1534 Ouo
378 1458 456 1555 pibt
484 1458 615 1530 scibam
646 1457 812 1530 Vasatica
840 1455 979 1555 Billiuq
1008 1455 1065 1543 dic
1094 1454 1344 1554 Dorfmurdco
1374 1455 1573 1554 Aseodorf,
1608 1455 1806 1529 Dormstcdt
1830 1456 1910 1530 und
1941 1474 1963 1543 fl

262 1577 445 1651 Lobbzscb
471 1603 516 1650 zo
546 1577 693 1651 Tomcb.
1402 1613 1592 1673 uacuum
1614 1615 1674 1673 961
1699 1613 1791 1686 spru
1810 1615 1863 1674 aa.

367 1801 613 1876 Onbinuldiplom
634 1803 677 1860 tm
699 1802 726 1860 b.
751 1801 953 1861 Stuotsarobiv
977 1819 1018 1860 su
1040 1801 1225 1876 Mcheburp
1247 1800 1307 1880 (A).
1338 1835 1380 1845 -
1410 1801 1629 1876 Muqdeburyer
1651 1799 1829 1874 Copialbacb
1857 1802 1907 1860 des

213 1916 245 1964 10
365 1909 415 1966 15.
433 1905 485 1965 Jb.
510 1905 534 1977 f.
558 1903 587 1965 1¹
612 1903 754 1984 ebeuda(
784 1903 804 1982 ).

367 2042 446 2116 Orio.
467 2041 567 2114 duell.
592 2046 622 2113 4,
646 2044 707 2102 559
730 2048 765 2100 n⁰
788 2045 807 2102 6
830 2042 1048 2116 ucoollstdudiy
1070 2061 1126 2102 uus
1144 2041 1308 2103 Oburtulor
1331 2066 1370 2094 =
1394 2042 1557 2117 Sobaulceql
1575 2043 1677 2116 Spica'l.
1694 2042 1827 2116 Billunq.
1844 2046 1907 2102 314

361 2153 395 2205 bd
410 2151 439 2207 3.
464 2180 506 2189 -
528 2145 626 2217 Hbfcr
644 2147 783 2205 Zeitscbr‚
800 2149 831 2215 2,
846 2149 910 2206 339
925 2150 960 2204 u⁰
975 2148 1018 2207 52
1032 2163 1088 2205 aas
1103 2145 1141 2204 A.
1165 2180 1207 2189 -—
1230 2147 1359 2205 Bbbmcr
1372 2149 1445 2223 Itcy.
1460 2152 1534 2210 241.
1550 2181 1593 2190 -
1609 2147 1737 2220 Stamps
1747 2147 1817 2221 Rq.
1832 2149 1907 2207 283.

370 2286 433 2345 Wic
454 2286 542 2344 sebon
563 2284 630 2344 Do.
650 2288 712 2345 198
733 2285 896 2343 Kenntoiss
918 2301 974 2342 von
995 2283 1061 2344 DO.
1078 2286 1143 2344 152
1164 2284 1221 2356 fiir
1242 2285 1395 2345 desselben
1416 2284 1594 2344 Destiuotdr
1613 2286 1746 2355 oerrbtlr,
1769 2302 1801 2344 so
1823 2285 1909 2358 lupen

361 2386 427 2444 dem
442 2387 580 2445 Dictator
593 2387 657 2445 aad
672 2387 824 2447 Sobreiber
837 2387 931 2445 dieses
945 2387 985 2445 D.
996 2389 1064 2461 jane
1079 2388 1182 2446 beiden
1197 2388 1351 2447 ddalicbcn
1365 2389 1481 2447 Iubolts
1495 2405 1555 2447 eor.
1584 2387 1757 2461 Vorsbplicb
1771 2389 1909 2447 urbeitetc

360 2509 392 2549 er
418 2492 494 2549 oacb
520 2489 586 2550 DO.
609 2494 682 2560 198,
717 2490 847 2549 welcbem
869 2490 924 2549 das
945 2491 1093 2550 Protolroll
1115 2493 1159 2549 bis
1182 2493 1214 2549 iu
1236 2491 1293 2550 ulle
1316 2492 1517 2550 Eiaselbciten
1539 2488 1573 2568 (e.
1597 2490 1765 2549 diesceret
1784 2495 1909 2565 perside

361 2592 616 2670 Rburersiussobl)
638 2595 725 2652 sowie
746 2593 794 2651 dic
816 2598 912 2652 ersten
935 2591 1176 2653 Gomemcswortc
1205 2595 1332 2653 callebat
1362 2593 1447 2666 siud,
1479 2596 1551 2666 cinq
1580 2593 1660 2651 dubia
1687 2594 1757 2652 uber
1780 2612 1821 2652 aa
1843 2594 1909 2652 dem

362 2698 509 2759 Wortluut
524 2715 580 2756 oon
594 2696 661 2755 ΒΟ.
679 2698 743 2758 152
764 2694 867 2775 (dulcor
888 2698 964 2755 oucb
986 2698 1016 2757 re'
1039 2695 1216 2774 winderholt)
1236 2699 1317 2768 tiber,
1341 2715 1393 2756 uuo
1415 2698 1592 2757 scbliesslicb
1609 2697 1657 2755 die
1671 2699 1806 2756 uellerea
1821 2698 1908 2757 Sdtae

362 2800 430 2859 bold
453 2801 505 2857 der
527 2802 611 2859 einen
633 2799 702 2858 bold
724 2799 776 2857 dor
797 2799 912 2857 raudera
932 2799 994 2859 VU.
1018 2819 1059 2858 su
1081 2802 1260 2861 calnebmen.
1305 2800 1374 2860 Do.
1398 2805 1462 2860 198
1492 2801 1588 2859 dicate
1615 2803 1677 2859 ilem
1704 2800 1835 2873 cupicicb
1862 2801 1907 2860 als

363 2903 610 2974 Scbreibvorlopc:
634 2902 688 2960 due
713 2902 870 2960 Clerismou
893 2905 931 2961 ist
952 2904 1020 2961 seb-r
1039 2921 1137 2977 pecua
1158 2904 1361 2976 reprobabim-
1389 2906 1444 2962 euic
1467 2906 1498 2962 irs
1519 2902 1587 2963 Do.
1604 2908 1668 2964 198
1691 2907 1723 2962 ia
1745 2905 1907 2978 Ermuupe-

362 3007 433 3080 tarny
455 3007 586 3065 urrdcrcu
607 3007 740 3066 Ruumes
763 3005 817 3064 clos
840 3004 901 3065 SR.
924 3024 965 3064 uu
987 3006 1043 3064 dora
1065 3006 1184 3066 Sclrluss
1207 3007 1259 3065 dcr
1280 3008 1436 3066 vorletstcu
1460 3007 1653 3066 Cordeotreilc
1674 3009 1814 3080 beratheri
1835 3026 1906 3078 war,

361 3110 461 3169 sourdc
483 3127 512 3168 es
535 3111 611 3168 uuolr
632 3110 696 3167 bier
717 3127 758 3166 uu
777 3109 886 3181 yleicbe
909 3108 996 3168 Stella
1015 3113 1140 3182 casatam
1166 3111 1211 3169 bei
1233 3110 1328 3168 ‹liescr
1350 3111 1529 3182 dmstlicbeu
1549 3111 1765 3183 Nucbubmuuq
1788 3112 1826 3168 ist
1848 3128 1909 3169 aar

359 3232 400 3272 su
421 3214 614 3272 vocandam
637 3212 707 3270 dass
729 3211 781 3270 der
802 3212 964 3284 Inpressist
986 3212 1040 3272 dus
1063 3213 1217 3271 Hundmul
1238 3213 1440 3283 voreicbnde,
1467 3214 1568 3271 tudem
1591 3230 1622 3271 er
1644 3213 1700 3271 deu
1725 3213 1909 3289 Querbalbeu

359 3318 447 3386 nicht,
471 3318 525 3374 rme
539 3316 645 3385 bibliot,
669 3315 841 3385 librisbutol,
864 3315 992 3373 condem
1013 3316 1117 3388 sebrdq
1139 3315 1219 3388 lepte.
1259 3316 1315 3375 Um
1338 3316 1429 3375 dieses
1452 3317 1537 3373 einen
1556 3316 1712 3374 Vorseberc
1727 3316 1823 3374 urillen
1844 3315 1909 3374 aad

359 3422 425 3479 weil
447 3423 502 3478 wir
524 3421 581 3478 dea
603 3419 754 3479 Sobrcibrr
781 3423 862 3477 soost
887 3419 967 3476 uicbt
995 3418 1216 3476 rmoltcuwetseu
1243 3424 1409 3490 veruebqen,
1444 3418 1553 3475 mbcbte
1576 3418 1621 3475 ioli
1642 3417 1690 3474 die
1716 3416 1908 3490 Ombimlitdt

360 3524 434 3582 cocle
454 3524 534 3581 abolet
556 3525 589 3580 bn
608 3521 730 3592 maisel
751 3522 860 3580 eteberi.
895 3521 961 3579 Das
984 3521 1047 3579 bier
1066 3524 1220 3593 peccante,
1244 3538 1302 3579 aas
1317 3521 1503 3580 decembre
1523 3520 1693 3593 Biscopstat
1715 3519 1825 3591 befond
1845 3522 1908 3580 sicli

360 3628 465 3685 beroits
487 3629 549 3686 965
572 3623 606 3703 (s.
631 3624 760 3697 Stuomf
777 3625 849 3698 Rep.
875 3622 949 3702 581)
971 3625 1014 3682 im
1036 3623 1153 3682 Besitae
1174 3641 1230 3682 raon
1250 3625 1445 3698 lliuqdcburq.

1607 3741 1618 3795 i

360 3830 417 3913 (Ο.)
438 3831 452 3912 }{
472 3829 512 3894 In
534 3832 664 3894 nomine
688 3839 820 3894 sanetae
839 3840 871 3894 et
888 3827 1077 3894 individuae
1099 3829 1260 3894 trinitatis.
1296 3826 1374 3893 Otto
1392 3828 1502 3893 divina
1518 3827 1715 3893 concedente
1733 3827 1906 3893 clementia

258 3955 326 3996 rex.
413 3947 543 3998 Noverint
565 3942 680 3997 omnesa
702 3947 793 3998 fideles
815 3948 899 3996 nostri
921 3951 1057 4011 presentes
1080 3946 1182 3996 scilicet
1204 3950 1230 3994 et
1251 3945 1343 4009 futuri,
1365 3929 1379 4015 Ξ
1400 3946 1514 4011 qualiter
1536 3963 1584 3996 nos
1607 3962 1668 3996 cum
1690 3945 1805 4012 quodam
1827 3945 1906 3995 nobis

258 4050 354 4101 dilecto
378 4051 492 4100 vassallo
515 4050 616 4116 Billiug
637 4056 790 4115 nuncupato
813 4049 946 4115 quandam
968 4050 1118 4114 prediorum
1141 4049 1251 4099 faciurum
1273 4051 1513 4112 commutationem,
1536 4064 1569 4099 ea
1582 4049 1708 4100 videlicet
1726 4031 1779 4098 reb
1802 4053 1833 4098 ut
1850 4050 1907 4113 ipse

206 4157 240 4204 30
259 4173 275 4206 a
296 4156 374 4206 nobis
396 4161 501 4206 nostrae
523 4158 693 4220 proprietatis
715 4157 775 4205 loca
796 4171 909 4221 quorum
930 4156 1038 4204 nomina
1059 4155 1248 4215 subnotantur,
1278 4154 1423 4217 acciperet,
1452 4152 1479 4202 id
1506 4159 1546 4203 est
1572 4137 1743 4203 Asundorf
1761 4159 1906 4202 marcam

258 4255 290 4309 et
311 4245 504 4309 Dorustcti⁰
531 4267 691 4326 marcam,
720 4244 878 4309 Liubisici
909 4266 1038 4330 quoque
1066 4241 1260 4323 nuncupatisd,
1288 4260 1316 4308 in
1345 4259 1436 4308 eodem
1466 4257 1579 4308 confinio
1603 4263 1630 4308 et
1651 4258 1678 4307 in
1700 4272 1769 4324 pago
1792 4243 1907 4307 Hassi-

258 4349 354 4432 geuui
377 4364 405 4411 in
428 4363 554 4412 comitatu
577 4365 680 4414 comitis
703 4346 878 4432 Sigiuuridi
902 4365 960 4413 sitis
971 4358 990 4426 ⁰,
1014 4379 1074 4412 cum
1097 4362 1237 4412 curtilibus
1260 4362 1370 4412 edificiis
1392 4364 1532 4427 mancipiis
1555 4364 1625 4428 agris
1649 4361 1727 4412 cultis
1750 4367 1777 4412 et
1799 4362 1906 4413 incultis

257 4466 341 4531 pratis
369 4468 475 4530 pascuis
497 4468 573 4531 aquis
596 4482 777 4532 aquarumque
800 4467 955 4518 decursibus
977 4467 1136 4518 molendinis
1158 4484 1174 4515 ι
1196 4469 1247 4517 viis
1271 4473 1297 4516 et
1318 4468 1398 4517 inviis
1420 4469 1531 4533 quesitis
1554 4473 1580 4518 et
1602 4467 1767 4533 inquirendis
1790 4468 1906 4518 exitibus

259 4575 285 4618 et
307 4569 436 4619 reditibus
459 4571 613 4635 cunctisque
635 4571 692 4619 iure
715 4571 883 4636 legitimeque
906 4573 940 4621 ad
963 4571 1110 4636 predictum
1132 4570 1253 4636 predium
1275 4571 1465 4633 attinentibus,
1495 4588 1554 4621 cum
1584 4569 1667 4636 regali
1695 4572 1853 4621 auctoritate
1878 4573 1907 4620 in

208 4682 241 4730 35
260 4672 371 4738 legalem
394 4675 572 4724 concessimus
596 4676 834 4725 commutationem.
872 4676 990 4725 Econtra
1006 4691 1068 4725 vero
1090 4667 1202 4723 noster
1225 4657 1361 4724 dilectus
1384 4659 1477 4724 miles
1504 4674 1602 4724 Billinc
1624 4673 1733 4724 tradidit
1751 4674 1785 4723 ad
1800 4678 1906 4724 nostrae

257 4760 449 4841 proprietatisf
470 4776 613 4839 dicionem,
636 4779 663 4826 iu
685 4777 829 4843 legitimam
847 4779 950 4830 scilicet
972 4779 1212 4840 commutat-ionem,
1234 4776 1362 4843 quicquid
1384 4761 1550 4826 ereditatis
1573 4776 1667 4827 habuit
1689 4778 1716 4826 in
1738 4777 1797 4826 loco
1821 4770 1906 4846 que⁶

257 4875 399 4928 Vocaia⁰
422 4875 470 4928 est
491 4864 680 4949 Biscopstat
702 4885 729 4930 et
751 4883 778 4931 iu
801 4897 870 4947 pago
892 4866 1045 4950 Aligeuui
1068 4883 1097 4932 iu
1119 4883 1247 4932 comitatu
1269 4882 1373 4932 comitis
1391 4864 1591 4930 Uuillihelmi
1615 4882 1665 4930 sito
1678 4875 1700 4947 Β,
1725 4895 1784 4929 cum
1808 4878 1906 4930 curtili-

257 4985 307 5033 bus
331 4982 441 5033 ediiiciis
464 4984 535 5048 agris
559 4983 637 5032 cultis
661 4989 687 5033 et
709 4984 817 5034 incultis
840 4987 922 5049 pratis
945 4987 1050 5049 pascuis
1073 4987 1150 5051 aquis
1172 5001 1353 5051 aquarumque
1376 4985 1562 5035 decursibus*
1578 4985 1628 5034 viis
1647 4989 1673 5033 et
1694 4983 1774 5032 inviis
1797 4983 1907 5046 quesitis

258 5091 284 5135 et
305 5086 470 5151 inquirendis
493 5087 608 5135 exitibus
631 5092 657 5136 et
678 5087 807 5137 reditibus
831 5090 985 5154 cunctisque
1007 5089 1066 5137 iure
1087 5088 1256 5154 legitimeque
1279 5089 1313 5138 ad
1335 5089 1482 5153 predictum
1509 5089 1628 5152 predium
1657 5086 1845 5146 attinentibus,
1873 5100 1906 5135 ea

206 5197 240 5245 40
259 5191 360 5240 ratione
383 5195 412 5238 ut
435 5195 544 5254 uterquc
573 5194 722 5241 nostrorum
751 5190 861 5242 liberam
889 5208 921 5241 ac
950 5207 1069 5242 securam
1100 5192 1132 5242 de
1160 5192 1251 5257 predio
1281 5194 1332 5244 sibi
1361 5192 1395 5242 ab
1423 5192 1505 5242 altero
1535 5191 1596 5241 dato
1625 5191 1722 5240 habeat
1748 5193 1906 5254 potestatem

257 5294 364 5345 tenendi
387 5294 466 5344 dandi
489 5294 621 5344 vendendi
644 5296 822 5345 commutandi
845 5302 872 5346 at
893 5297 1020 5362 quicquid
1042 5296 1104 5345 inde
1127 5296 1257 5360 placuerit
1279 5298 1303 5347 ei
1326 5295 1445 5346 satiandi.
1483 5296 1519 5344 Et
1537 5300 1567 5344 ut
1589 5295 1640 5345 hoc
1661 5299 1767 5344 nostrae
1790 5309 1906 5344 commu-

342 5480 417 5535 22²⁶,
436 5486 464 5550 p)
483 5493 570 5535 actum
589 5486 706 5552 Ordorp;
724 5488 751 5536 iu
767 5486 864 5538 Christi
883 5491 988 5539 nomine
1006 5489 1120 5540 feliciter
1137 5505 1214 5540 amen
1231 5487 1263 5540 G.

342 5601 402 5656 223.
431 5601 539 5672 [Siclrel]
643 5607 670 5665 a)
688 5622 765 5656 zuoor
781 5607 894 5658 rodirtee
915 5624 934 5657 n
1037 5606 1066 5671 b)
1085 5606 1108 5658 A
1125 5615 1186 5660 slctt
1209 5612 1310 5661 ratione
1413 5610 1436 5671 c)
1457 5625 1474 5658 n
1491 5608 1553 5660 iiber
1569 5607 1617 5658 der
1634 5605 1703 5657 mue
1719 5604 1906 5670 mcbyetrayeu

428 5673 456 5734 d)
475 5673 506 5734 A,
524 5673 702 5739 daraasfolpt
721 5691 764 5724 om
780 5676 874 5728 Raude
891 5675 939 5727 ber
954 5679 981 5728 3.
998 5675 1068 5726 Zeila
1084 5677 1244 5729 sesomires
1261 5679 1349 5729 indem
1442 5680 1468 5739 e)
1485 5678 1509 5729 A
1601 5677 1623 5740 i)
1641 5675 1691 5727 dar
1706 5677 1792 5726 maile
1809 5692 1826 5741 p
1844 5675 1907 5725 iiber

205 5745 239 5793 45
427 5740 475 5792 ber
491 5741 561 5793 aare
577 5742 764 5809 nocchlraqen
861 5748 889 5812 g)
909 5763 924 5796 o
942 5761 1008 5796 corr.
1027 5761 1074 5795 ceu
1092 5747 1124 5796 is.

1634 5848 1700 5913 39*
