4298 6414
708 485 1158 545 xalsaauaxunnan.

890 666 977 742 364.

124 830 203 905 Otto
236 841 394 927 postottct
425 827 490 899 cler
515 825 650 901 Kircbe
676 849 748 896 von
774 823 953 920 Bergomo
989 822 1094 894 cinea
1120 821 1338 896 Jatrmarlo
1368 849 1415 895 za
1435 806 1488 898 ’8.
1514 819 1636 898 Sicinio
1661 831 1717 902 aad

114 953 217 1023 circen
244 949 370 1047 Hersen
397 974 442 1021 za
471 947 708 1019 llooastoeto
737 945 933 1041 anzrrlopen
961 941 1039 1014 rond
1065 943 1160 1015 weist
1187 943 1245 1015 ilar
1271 942 1331 1016 die
1358 969 1427 1016 aas
1453 943 1576 1018 beiden
1589 945 1713 1041 sliestor-

115 1071 185 1143 dcn
211 1068 415 1166 Eialtlafto
441 1094 497 1140 zu.
1314 1084 1464 1142 anem
1484 1085 1548 1145 968
1585 1117 1623 1129 -
1656 1121 1686 1132 -

215 1314 306 1371 Liber
329 1311 475 1371 censualis
499 1312 627 1383 episcopi
645 1310 762 1367 Borotti
784 1326 841 1367 oua
864 1308 916 1366 der
937 1310 1057 1366 stoeitca
1072 1306 1180 1378 Halftc
1202 1307 1252 1366 des
1275 1311 1327 1367 15.
1345 1306 1399 1366 Jt.
1425 1306 1449 1378 f.
1473 1306 1546 1368 302
1568 1311 1605 1366 iss
1623 1311 1735 1384 tinelli-s

215 1417 308 1474 lichen
331 1415 502 1474 Aretissa
524 1414 670 1486 Beroeam
695 1412 759 1489 (Β),

217 1570 359 1630 caesano
374 1570 511 1628 Historia
534 1568 565 1625 di
590 1568 735 1640 Bcrpomo
756 1562 801 1637 2¹,
825 1570 889 1625 412
910 1584 967 1624 aas
991 1567 1020 1624 B
1045 1588 1082 1618 =
1105 1565 1217 1657 Uettidi
1239 1565 1334 1624 Italia
1355 1583 1446 1625 sacro
1467 1565 1511 1624 ed.
1531 1573 1555 1636 1,
1577 1570 1604 1636 4,
1624 1570 1715 1627 621:

217 1674 259 1732 ed.
281 1682 321 1741 ΙΙ,
338 1676 367 1742 4,
385 1676 455 1731 437.
479 1704 523 1714 -
544 1671 628 1742 Lupi
644 1668 706 1729 OD.
725 1670 858 1742 Boream.
875 1674 906 1739 2,
922 1672 988 1728 2237
1008 1686 1065 1728 oras
1081 1669 1119 1728 B.
1143 1700 1186 1712 —
1210 1668 1272 1727 01).
1296 1668 1431 1742 Danaeia
1457 1672 1538 1728 1241
1562 1676 1592 1726 η*
1613 1673 1664 1729 712
1678 1689 1716 1730 aar

216 1777 253 1835 B.
278 1809 320 1819 —-
344 1774 473 1847 Sta-inps
490 1775 561 1846 Rep.
587 1776 649 1832 453
672 1791 712 1830 su
737 1772 862 1833 Olttobcr
884 1776 913 1832 6.

217 1931 328 1990 Dirttrt
351 1930 414 1989 und
437 1930 510 1988 wohl
531 1929 607 1987 narb
626 1928 811 2002 canteriatas
832 1944 888 1985 roa
910 1928 948 1985 It.
965 1926 1004 1985 D.
1028 1960 1070 1967 -
1091 1925 1182 1985 Ueter
1203 1925 1251 1983 dic
1272 1925 1373 1998 Froae
1394 1927 1429 1985 ob
1453 1925 1509 1985 dos
1523 1926 1562 1986 D.
1578 1944 1627 1986 oon
1640 1926 1687 1986 oro
1700 1937 1715 1987 1.
1727 1946 1747 1991 ιο

217 2034 307 2092 alteia
330 2034 399 2092 oder
421 2050 476 2091 sorr
499 2033 559 2090 ihm
581 2032 645 2090 aad
671 2034 782 2090 scissem
810 2030 904 2091 Sotae
931 2029 1062 2102 respiciet
1090 2027 1206 2086 crttcilt
1234 2028 1352 2087 worden
1379 2030 1428 2100 ist,
1458 2046 1483 2088 s.
1508 2029 1605 2088 Mara.
1626 2030 1667 2089 dtr
1682 2035 1716 2089 ost.

218 2139 291 2196 Iast.
316 2137 389 2210 are.
413 2141 442 2206 1,
467 2139 538 2195 139.

321 2357 359 2420 In
382 2359 511 2420 nomine
535 2366 647 2420 sancte
670 2365 702 2418 ct
725 2352 890 2417 individue
912 2354 1075 2418 trinitatis.
1117 2351 1197 2417 Otto
1222 2351 1333 2416 divina
1354 2352 1488 2417 favente
1510 2353 1669 2419 clementia
1684 2355 1721 2418 in·

116 2472 247 2548 perator
274 2468 442 2543 augustus.
456 2469 469 2496 ¹
570 2457 604 2522 Si
628 2459 750 2521 sanctis
774 2478 813 2521 ac
836 2454 1078 2520 venerabilibus
1107 2455 1168 2520 deo
1199 2455 1280 2521 locis
1311 2455 1429 2521 dicatis
1461 2457 1586 2544 aliquid
1610 2459 1721 2523 contem

115 2576 213 2652 atque
242 2562 306 2628 eab
335 2572 546 2647 augmentare
576 2560 809 2640 studuerimus,
845 2560 958 2645 procul
988 2559 1087 2624 dubio
1117 2561 1372 2645 omnipotentem
1406 2560 1505 2626 deum
1535 2560 1725 2627 retributorem
1737 2582 1755 2629 u

115 2665 300 2733 omnimode
330 2666 425 2731 nobis
453 2666 545 2729 fore¹
573 2687 639 2728 non
666 2663 852 2727 titubamus.
900 2663 1108 2748 Quapropter
1138 2665 1281 2728 omnium
1313 2674 1425 2748 sancte
1449 2664 1503 2729 dei
1525 2666 1656 2750 ecclesie
1673 2662 1726 2729 fide

116 2772 194 2837 lium
216 2780 465 2853 nostrorumque
488 2769 686 2852 presentium
709 2789 747 2830 ac
771 2767 951 2831 futurorum
970 2768 1099 2832 noverit
1118 2765 1272 2848 sollertia,
1295 2765 1456 2832 Ubartum
1474 2779 1622 2834 nostrum
1635 2771 1730 2854 episeo-

116 2897 193 2961 pum
221 2872 351 2938 fidelem
377 2881 589 2956 nostrumque
617 2869 940 2933 archicancellarium
972 2868 1093 2934 adiisse
1127 2881 1272 2934 nostram
1306 2870 1513 2954 augustalem
1548 2871 1733 2949 clementiam,

117 2976 255 3064 qualiter
277 2997 335 3059 pro
361 2975 411 3038 dei
436 2985 468 3038 et
489 2973 575 3037 beati
600 2972 781 3038 Alexandri
811 2976 952 3038 martiris
981 2997 1092 3039 amore
1119 2984 1293 3060 nostreque
1316 2977 1424 3040 anime
1446 2975 1593 3041 remedio
1615 2997 1670 3041 nec
1689 2994 1736 3040 non

115 3081 273 3146 fidelitate
290 3078 431 3143 Olderici
456 3087 568 3160 sancte
592 3077 818 3160 Pergamensis
841 3076 979 3160 ecclesie
1002 3079 1148 3161 episcopi
1172 3077 1323 3162 Pergami
1346 3078 1485 3162 ecclesie
1509 3079 1565 3144 ubi
1585 3079 1669 3144 beati
1683 3078 1773 3143 Alea

115 3185 234 3250 xandri
259 3206 378 3268 corpus
401 3184 495 3246 iuxta
517 3203 626 3245 muros
650 3183 793 3246 civitatis
817 3182 984 3246 humatum
1008 3184 1157 3267 quiescit,
1185 3182 1361 3248 hedificare
1385 3193 1568 3249 mercatum
1590 3184 1743 3249 annualem

116 3293 149 3354 in
179 3288 286 3354 insula
315 3288 524 3373 Pergamcnsi
555 3289 588 3351 iu
615 3287 690 3352 loco
720 3290 773 3372 qui
806 3287 923 3352 dicitur
951 3297 1099 3350 sanctum
1130 3284 1319 3368 Sisiniuml,
1351 3288 1385 3350 in
1409 3287 1592 3353 festivitate
1614 3286 1748 3352 videlicet

116 3396 220 3478 ipsius
242 3393 421 3457 beatissimi
446 3392 602 3473 martiris,
633 3414 707 3455 cum
731 3392 818 3456 omni
842 3389 971 3455 teloneo
994 3400 1025 3453 et
1048 3389 1264 3455 reddibitione
1287 3392 1391 3475 ipsius
1415 3394 1568 3474 mercati,
1592 3401 1625 3456 et
1647 3392 1750 3458 consti·

116 3508 206 3561 tuere
229 3506 359 3581 portum
382 3497 415 3559 in
437 3494 511 3559 loco
535 3506 567 3559 et
589 3494 724 3559 abbatia
746 3517 808 3581 que
832 3493 950 3558 dicitur
965 3493 1198 3559 Monasteriolo
1213 3504 1234 3575 ¹,
1259 3517 1322 3580 que
1345 3493 1480 3558 abbatia
1496 3516 1517 3559 a
1532 3498 1672 3580 paganis
1687 3496 1755 3560 olim

117 3601 283 3665 destructa
306 3609 337 3663 et
359 3620 445 3663 nunc
469 3597 511 3662 ab
535 3600 606 3681 ipso
630 3600 785 3682 episcopo
809 3606 1022 3677 restauratur,
1059 3595 1204 3661 stabilire
1228 3606 1357 3680 portum
1379 3608 1411 3660 et
1432 3599 1611 3662 stationem
1632 3599 1756 3663 navium
1774 3595 1798 3649 2¹

117 3702 242 3766 scilicet
271 3703 469 3766 venientium
499 3723 539 3764 ex
563 3700 709 3766 Uenetiis
733 3710 765 3764 et
790 3697 984 3780 Clumaclis,
1013 3697 1237 3763 Ferau'ensis‘
1264 3699 1411 3785 partibus
1442 3702 1510 3765 sive
1539 3701 1759 3789 undecumque

117 3805 314 3869 venientium
327 3813 351 3884 Β,
386 3825 459 3866 cum
483 3804 569 3866 omni
593 3804 731 3886 ripatico
755 3802 879 3887 prefate
903 3802 1039 3885 ecclesie¹
1063 3801 1185 3866 donare
1208 3813 1306 3888 atque
1335 3802 1515 3869 concedere
1545 3804 1759 3890 dignaremur.

117 3910 218 3973 (Juius
247 3906 398 3992 precibus
426 3928 595 3970 assensum
619 3905 790 3990 prebentes
814 3916 846 3969 et
868 3908 1084 3970 interventum
1107 3907 1196 3990 apud
1219 3906 1315 3970 deum
1338 3905 1519 3972 beatissimi
1543 3910 1687 3973 martiris
1709 3930 1760 3992 op·

116 4024 224 4078 tantes
247 4034 306 4075 nec
328 4033 394 4074 non
417 4020 449 4073 et
471 4009 658 4074 fidelitatem
682 4008 819 4094 predicti
850 4011 995 4093 episcopi
1025 4008 1269 4073 considerantes
1299 4010 1460 4074 donamus
1488 4009 1648 4095 largimur
1670 4021 1762 4096 atque

116 4115 328 4182 (concedimus
358 4112 581 4178 constimere¹
611 4122 817 4198 pretaxatam
845 4125 1022 4177 mercatum
1052 4122 1083 4176 et
1111 4111 1286 4177 hedificare
1316 4122 1446 4197 portum
1473 4115 1507 4177 in
1530 4115 1799 4198 prenominatis}

116 4223 197 4286 locis
221 4241 295 4284 cum
321 4219 407 4283 omni
432 4216 581 4282 theloneo
606 4227 638 4281 et
660 4218 798 4302 ripatico
822 4217 924 4300 ipsius
948 4214 1100 4280 videlicet
1122 4217 1256 4280 mercati
1280 4226 1311 4280 et
1333 4227 1463 4301 portus,
1494 4226 1531 4281 ut
1553 4219 1628 4302 ipsa
1652 4227 1762 4282 sancta

116 4326 167 4391 dei
193 4322 333 4387 ecclesia
356 4320 477 4384 habeat
499 4330 608 4384 teneat
631 4331 662 4384 et
683 4321 809 4383 furatur
830 4319 1028 4402 firmiterque
1051 4318 1219 4403 possideat
1248 4321 1316 4383 iure
1346 4320 1578 4404 proprietario,
1608 4330 1642 4384 et
1671 4342 1762 4386 omne

116 4439 261 4494 nostrum
285 4427 441 4508 regnique
464 4426 567 4487 nostri
590 4425 641 4487 ius
665 4447 684 4488 a
708 4433 819 4487 nostro
844 4426 912 4487 iure
935 4433 967 4487 et
989 4423 1132 4487 dominio
1158 4431 1398 4509 sequestrantes
1414 4426 1447 4488 in
1463 4423 1612 4488 eiusdem
1628 4424 1762 4508 ecclesie

113 4532 201 4598 iure¹
230 4540 262 4595 ct
292 4530 436 4594 dominio
466 4527 722 4591 transfundimus
746 4536 844 4612 atque
874 4526 1078 4609 delegamus,
1115 4528 1202 4589 omni
1226 4537 1338 4590 nostra
1361 4537 1614 4612 nostrorumque
1637 4538 1762 4593 contra·

115 4635 257 4701 dictione
280 4641 312 4694 et
335 4629 558 4715 inquietudine
581 4638 716 4692 remota.
763 4629 948 4696 Statuentes
977 4634 1087 4717 itaque
1117 4631 1313 4715 precipimus
1337 4640 1372 4694 ut
1394 4631 1501 4696 nullus
1525 4630 1595 4696 dux
1619 4631 1799 4699 marchias

113 4761 224 4803 cerum
247 4737 431 4797 vicecomes
461 4730 669 4795 sculdasiusk
697 4732 879 4816 gastaldius
909 4746 965 4798 aut
988 4733 1098 4818 aliqua
1120 4735 1211 4817 regni
1236 4736 1336 4798 nostri
1360 4755 1480 4817 magna
1503 4757 1673 4821 parvaque
1696 4759 1762 4822 per

116 4866 198 4908 aesna
221 4840 262 4905 de
287 4836 441 4923 predictis
464 4837 615 4900 mercatis
638 4837 690 4900 vel
714 4837 848 4901 teloneis
872 4848 968 4922 atque
992 4847 1086 4921 portu
1110 4846 1142 4899 ct
1160 4839 1306 4920 ripaticis
1321 4839 1354 4901 in
1369 4838 1502 4902 flumine
1519 4836 1592 4903 Olei
1616 4840 1764 4904 statutis¹

115 4949 258 5033 aliquam
285 4940 472 5005 violentiam
502 4941 627 5023 prefate
658 4953 769 5023 sanctq
794 4940 844 5004 dei
868 4939 1003 5022 ccelesiq
1028 4940 1235 5022 Pergamensi
1260 4941 1377 5004 inferre
1399 4950 1456 5004 aut
1480 4940 1764 5007 diminorationem

116 5058 223 5119 tacere
248 5049 316 5109 sive
340 5043 483 5128 aliquam
507 5042 672 5127 publicam
695 5044 896 5107 functionem
918 5044 1048 5126 exigere
1071 5042 1200 5107 audeat.
1236 5045 1359 5129 siquis
1378 5043 1484 5127 igitur,
1509 5042 1599 5129 quod
1622 5044 1764 5110 futurum

112 5182 184 5221 aaran
203 5176 266 5217 nou
288 5149 450 5213 credimus
464 5159 494 5227 ¹¹,
519 5147 585 5212 ulla
608 5151 698 5232 regni
721 5150 822 5211 nostri
846 5170 966 5231 magna
990 5169 1155 5232 parvaque
1179 5168 1320 5231 persona
1341 5146 1436 5210 huius
1459 5156 1569 5231 nostre
1593 5148 1800 5212 institution

113 5266 162 5330 uia
187 5266 378 5349 preceptum
400 5251 523 5316 violare
547 5253 658 5315 autin
682 5251 790 5337 aliquo
823 5250 1046 5315 contradicere
1076 5252 1296 5333 temptaverit,
1332 5251 1414 5313 sciat
1444 5272 1477 5313 se
1506 5252 1762 5335 compositurum

110 5370 180 5433 ,ruri
207 5361 320 5450 optirni
346 5357 446 5423 libras
470 5366 610 5433 centum,
634 5354 842 5419 medietatem
865 5375 992 5417 camere
1016 5362 1125 5436 nostre
1150 5364 1182 5418 et
1197 5354 1403 5418 medietatem
1419 5354 1544 5439 prefate
1562 5366 1675 5440 sancte
1690 5355 1761 5418 Per·

199 5572 257 5625 m,
288 5563 529 5631 uritque-nemen}
619 5565 645 5622 a)
665 5562 727 5612 Otto
748 5568 774 5611 et
791 5561 853 5611 Otto
873 5561 897 5610 d.
917 5561 934 5608 f.
953 5562 984 5609 cl.
1005 5564 1175 5626 imperatores
1194 5562 1297 5623 angusti
1312 5559 1337 5609 B
1425 5562 1452 5615 bl
1473 5577 1518 5612 eas
1532 5561 1557 5611 B
1644 5564 1670 5620 c)
1687 5561 1761 5612 nobis

287 5624 341 5688 ion·
359 5634 430 5699 selle
449 5637 477 5683 ia
497 5633 521 5683 B
621 5632 648 5691 d)
668 5633 811 5681 Sisininum
830 5629 856 5678 B
955 5648 978 5687 e)
999 5631 1201 5680 blonasteriolos
1220 5629 1245 5678 Β
1343 5629 1407 5692 013
1505 5632 1533 5696 g)
1553 5630 1720 5681 venientibus
1736 5628 1761 5679 B

288 5710 314 5769 b)
336 5703 511 5756 restitueroB
598 5704 617 5763 i)
631 5698 699 5764 sellt
718 5702 746 5748 ta
762 5699 788 5748 B
874 5699 902 5761 k)
921 5699 1068 5748 sculdasios
1082 5698 1108 5748 B
1196 5700 1214 5760 l)
1233 5698 1265 5747 de
1284 5698 1416 5763 predictos
1435 5706 1565 5750 mercatos
1583 5699 1626 5750 val
1644 5699 1759 5750 talem
1775 5695 1800 5743 tl

287 5786 367 5845 atique
385 5782 462 5843 portu
482 5779 508 5825 ct
526 5773 651 5837 ripaticos
669 5773 686 5820 i.
706 5770 723 5819 l.
742 5768 773 5821 0.
792 5773 905 5819 statutos
922 5767 949 5816 Β
1037 5768 1072 5832 m)
1091 5767 1168 5817 credo
1188 5766 1220 5817 B.
