4500 6420
237 416 304 505 4834
834 444 1281 503 nnrsnauasunosn.

239 645 348 710 reliquis
370 644 583 709 possessionibus
605 644 749 708 presignati
771 641 884 692 ducatus
906 657 957 706 que
980 642 1049 690 infra
1071 645 1227 705 potestatem
1250 641 1353 704 imperii
1376 640 1459 689 nostri
1486 641 1536 689 site
1564 654 1621 689 esse
1647 645 1809 702 noscuntur,
1835 641 1884 691 ini-

239 764 318 815 quam
341 750 460 814 ingerere
482 752 617 812 presumat
637 726 874 812 inquietudinemll
903 745 1133 794 diminorationem
1156 760 1202 794 seu
1228 744 1418 793 calumniosam
1441 744 1676 793 contradictionem
1698 749 1745 792 aut
1767 744 1885 794 subtrae-

239 855 337 902 tionem
360 851 515 914 nefandam,
545 850 591 900 sed
612 850 692 900 liceat
714 864 759 899 eas
782 848 884 913 prefato
908 849 968 897 duci
992 864 1023 897 ac
1046 848 1195 912 patriarche
1218 847 1349 910 episcopis
1371 862 1402 896 ac
1424 847 1524 911 populo
1546 847 1597 896 sibi
1619 847 1738 896 subiecto
1758 862 1805 897 seu
1826 863 1883 897 suc-

239 956 388 1006 cessoribus
412 969 501 1003 eorum
525 968 556 1002 ac
579 952 721 1003 heredibus
743 953 832 1017 quiete
855 953 955 1016 absque
979 953 1106 1016 cuiusque
1135 950 1288 999 insultantis
1316 949 1511 1000 machinatione
1539 956 1586 999 aut
1613 950 1720 999 sinistra
1747 951 1884 1015 quippiam

238 1058 371 1108 molientis
393 1057 610 1123 tergiversatione
634 1057 690 1105 iure
712 1056 860 1120 gubernare
884 1060 910 1103 et
931 1054 1113 1119 gubernando,
1136 1059 1216 1119 prout
1237 1053 1364 1118 liquidius
1386 1055 1414 1102 in
1432 1056 1584 1120 presignato
1603 1054 1708 1105 decreto
1727 1056 1885 1117 continetur,
1904 1054 1921 1103 ὅ

239 1162 359 1227 legaliter
381 1160 523 1224 possidere.
566 1140 619 1208 Eti
642 1165 672 1208 ut
693 1159 743 1209 liec
765 1166 854 1207 nostre
877 1157 1084 1207 confirmationis
1107 1164 1185 1223 atque
1209 1157 1418 1208 coroborationis
1442 1160 1586 1208 auctoritas
1609 1173 1626 1207 a
1648 1156 1771 1207 fidelibus
1793 1163 1884 1207 sancte

240 1264 282 1315 dei
305 1264 415 1314 ecclesie
439 1268 465 1313 et
487 1264 584 1312 uostris
606 1264 695 1312 verius
717 1262 840 1312 credatur
862 1268 889 1311 et
911 1275 927 1309 a
948 1262 1045 1310 nostris
1068 1261 1266 1311 successoribus
1287 1276 1334 1324 per
1356 1266 1476 1325 tempora
1498 1261 1615 1311 labentia
1643 1262 1714 1310 omni
1740 1261 1885 1311 munimine

240 1367 403 1429 scibiliatur,
427 1382 506 1416 manu
530 1367 637 1430 propria
660 1349 771 1414 subter
792 1365 955 1414 firmavimus
977 1372 1004 1415 et
1026 1365 1118 1414 annuli
1141 1365 1225 1413 nostri
1248 1365 1419 1428 impressione
1442 1363 1576 1429 adsignari
1598 1364 1732 1413 iussimus.

343 1490 479 1572 Signum
502 1487 624 1552 domini
648 1485 779 1551 Ottonis
802 1488 866 1568 (M.)
889 1488 1087 1552 serenissimi
1111 1486 1318 1570 imperatoris
1342 1488 1482 1570 augusti.

343 1591 536 1655 Ambrosius
561 1589 776 1654 cancellarius
807 1589 956 1653 advicem
987 1587 1149 1674 <domini>
1180 1588 1321 1653 Huberti
1350 1590 1497 1674 episcopi
1524 1600 1556 1653 et
1579 1587 1885 1655 archicancellarii*
1904 1605 1937 1653 ιο

240 1716 428 1778 recogncm.

343 1831 433 1896 Data
462 1849 526 1895 1111.
554 1853 659 1895 nonas
689 1828 852 1894 decembr.
889 1853 974 1895 anno
1010 1831 1173 1896 dominice
1207 1829 1443 1894 incarnationis
1478 1844 1690 1893 uccccnxnu
1702 1827 1719 1911 ¹,
1757 1830 1886 1914 imperii

241 1956 320 1999 vero

1020 2103 1105 2178 352.

253 2258 332 2335 Otto
361 2260 521 2359 bestit'ta‘pt
545 2261 676 2333 senam
710 2259 886 2335 Getreuea
919 2258 1105 2357 Garcsfred
1138 2260 1485 2357 stellatamque,
1521 2257 1734 2331 norncatlich
1762 2256 1819 2330 die
1845 2258 1885 2329 ia
1906 2287 1938 2333 ιι

244 2380 314 2452 dea
340 2380 597 2479 Grofschoftoa
619 2381 754 2453 Arene
781 2380 862 2453 arad
886 2379 1009 2456 Ollius
1032 2381 1231 2478 peleyoaen,
1260 2379 1339 2451 ared
1364 2379 1510 2451 verleidt
1532 2379 1608 2450 ιἸιιιι
1630 2373 1757 2451 Sedena
1783 2377 1889 2449 sowie

248 2500 313 2573 dos
339 2500 546 2575 Recessim
561 2501 645 2598 frca'
671 2503 776 2574 eirico
803 2500 891 2599 Vopt
915 2527 960 2573 zo
986 2500 1134 2572 camden.
1422 2519 1526 2578 Ossam
1549 2521 1614 2577 967
1634 2517 1794 2575 December
1816 2520 1844 2574 7.

348 2708 594 2781 Originaldiplom
618 2710 659 2765 im
681 2708 708 2766 lc.
732 2708 934 2767 Staatsarcliia
955 2725 996 2765 aas
1018 2705 1151 2765 Flo-reae
1172 2703 1232 2785 (A).

346 2846 506 2905 Mittorelli
521 2845 601 2905 Ana.
621 2840 813 2914 Carrrold.1‘¹,
828 2851 872 2913 78
887 2852 920 2903 n⁰
935 2849 979 2906 32
1000 2863 1055 2905 aas
1071 2842 1108 2902 A.
1134 2879 1175 2886 —
1198 2844 1413 2916 Euemeriam.
1431 2847 1503 2902 340.
1523 2874 1565 2885 -—
1584 2841 1712 2914 Sta-rapt*
1725 2843 1797 2914 lica.
1816 2846 1888 2901 437.

349 2983 482 3055 Versosst
512 2984 576 3042 aad
600 2984 784 3056 pesclrricbca
810 3001 867 3041 arou
895 2983 936 3041 It.
967 2982 1006 3041 D.
1035 3015 1077 3024 —
1105 2982 1165 3039 Dic
1196 2981 1372 3051 Bedentunp
1402 2979 1451 3037 des
1479 2981 1543 3037 dier
1569 2980 1678 3037 auletzt
1709 2978 1889 3036 nerliclrcnen
1908 2987 1941 3034 20

346 3087 467 3145 Recttes
491 3086 590 3144 erlrellt
613 3103 669 3144 aas
692 3087 757 3143 dem
780 3087 889 3157 aoeaipe
912 3085 1036 3145 Woclicn
1058 3102 1149 3143 eaeor
1173 3086 1204 3141 ιἰι
1224 3084 1338 3142 Verona
1361 3083 1526 3141 erlassencn
1548 3084 1668 3141 (lascire
1692 3081 1769 3159 (LL.
1792 3086 1824 3152 2,
1848 3085 1890 3140 33

347 3206 411 3262 cap.
435 3192 464 3248 8.
489 3187 553 3266 10),
586 3188 650 3246 leat
678 3189 744 3246 dean
766 3205 822 3246 aon
844 3188 900 3245 (len
922 3188 1020 3247 Lutea
1041 3205 1102 3245 aar
1121 3187 1238 3258 (iresca
1261 3187 1413 3260 beeclrtipt
1436 3188 1500 3245 seia
1521 3186 1625 3245 sollten
1647 3187 1731 3242 cinea
1757 3185 1828 3258 Vopt
1850 3202 1891 3242 aa

348 3295 450 3352 licien.
1764 3295 1765 3298 ’

351 3477 410 3557 (O.)
434 3478 447 3559 5
470 3476 507 3540 ln
530 3477 660 3539 nomine
683 3484 817 3539 sanctae
846 3483 879 3539 et
906 3473 1073 3539 individue
1102 3475 1265 3538 trinitatis.
1312 3473 1389 3539 Otto
1419 3474 1530 3538 divina
1559 3472 1691 3538 favente
1718 3472 1892 3537 clementia

245 3583 422 3665 imperator
438 3588 605 3662 augustus.
694 3576 729 3642 Si
745 3577 822 3662 quid
838 3579 979 3641 muneris
1002 3577 1123 3641 nostris
1146 3575 1275 3642 devotis
1298 3577 1448 3643 fidelibus
1471 3579 1682 3663 impertimur,
1709 3579 1890 3662 promptius
1909 3593 1942 3640 25

247 3706 303 3748 eos
331 3685 365 3746 in
393 3683 496 3747 nostri
528 3681 684 3766 obsequio
715 3682 862 3745 acuimus
891 3689 924 3745 et
951 3679 965 3764 5
993 3684 1084 3764 regui
1112 3682 1215 3744 nostri
1246 3690 1368 3745 statum
1395 3683 1428 3746 in
1450 3681 1514 3747 hoc
1536 3681 1695 3766 proficere
1718 3681 1890 3746 credimus.

247 3787 373 3851 Idcirco
399 3786 541 3850 omnium
565 3793 676 3867 sancte
700 3785 751 3849 dei
776 3784 910 3868 ecclesie
933 3783 1078 3847 fidelium
1101 3807 1140 3848 ac
1163 3793 1350 3849 nostrorum
1372 3786 1572 3870 presentium
1596 3784 1719 3849 scilicet
1742 3806 1783 3848 ac
1806 3784 1890 3848 futu-

247 3912 355 3954 rorunr
370 3890 498 3954 noverit
514 3888 655 3970 solertia,
680 3887 842 3952 Adalheid
859 3897 1005 3952 nostram
1022 3887 1176 3952 dilectam
1192 3890 1365 3972 coniugem
1388 3889 1578 3974 imperatrix
1603 3897 1767 3972 augustaa
1789 3887 1891 3950 hurni-

248 3994 321 4058 liter
344 3993 517 4058 nostramb
540 4015 696 4058 exorasse
719 3992 941 4067 clementiam,
976 3992 1127 4076 quatinus
1151 3990 1281 4056 cuidam
1303 4000 1414 4056 nostro
1438 3990 1526 4054 fideli
1552 3989 1737 4054 (iausfredo
1760 3992 1891 4054 nomine

248 4097 349 4161 lilium
372 4090 538 4182 quondam
560 4095 747 4161 Ildebrandi
778 4104 841 4179 pe⁰
870 4095 964 4158 huius
995 4096 1098 4159 nostri
1127 4096 1272 4180 precepti
1301 4094 1582 4158 confirmationem
1612 4093 1804 4157 continuare
1835 4116 1892 4157 scu
1911 4110 1944 4158 30

248 4197 486 4265 corroborared
515 4199 724 4282 dignaremur
755 4220 866 4263 onmes
895 4199 1112 4282 proprietates
1142 4221 1217 4262 suas
1248 4221 1287 4262 ac
1314 4197 1455 4262 familias
1478 4198 1645 4282 utriusque
1669 4219 1767 4260 sexus
1790 4219 1893 4281 usque

248 4324 333 4369 nunc
357 4304 399 4368 ab
423 4304 493 4368 eis⁰
515 4305 599 4367 iuste
621 4310 653 4366 et
675 4300 822 4384 legaliter
845 4323 1016 4385 possessas
1045 4301 1227 4387 adquisitas
1257 4300 1310 4365 vel
1339 4301 1574 4386 adquirendae,
1607 4299 1738 4364 omnies
1766 4321 1893 4386 quoque

248 4407 463 4471 instrumenta
491 4415 610 4469 suum⁸
639 4416 818 4485 cartarum,
850 4414 973 4485 cortes,
1005 4404 1156 4469 videlicet
1179 4403 1325 4469 Suonam
1347 4407 1488 4489 positam
1510 4406 1543 4467 in
1567 4405 1723 4468 comitatu
1747 4402 1892 4485 Aretino,

249 4521 370 4573 cortem
393 4507 545 4589 Uinaria,
581 4518 703 4571 cortem
727 4505 766 4571 de
791 4504 958 4591 Conputo,
994 4510 1172 4572 certamin
1197 4505 1399 4588 Olotiniano,
1434 4518 1558 4571 cortem
1590 4507 1630 4571 de
1662 4507 1805 4572 Sennina
1834 4508 1867 4570 in
1879 4503 1893 4544 ¹¹

249 4613 405 4676 comitatu
427 4609 572 4693 Clusina,
596 4621 720 4676 cortem
742 4611 883 4676 Paterno
907 4623 940 4675 ct
963 4611 1082 4675 (laeam
1105 4611 1262 4676 maiorem
1286 4634 1342 4675 seu
1365 4612 1488 4675 foresto
1513 4612 1552 4675 de
1575 4610 1706 4675 Tribleo
1732 4610 1819 4695 qnod
1843 4619 1892 4674 est
1911 4626 1943 4671 aa

248 4716 281 4777 in
303 4715 368 4778 iam
391 4715 479 4779 dicto
504 4716 660 4779 comitatu
676 4715 809 4778 Aretino
834 4717 867 4777 in
890 4736 1001 4778 massa
1017 4713 1150 4779 Uerona
1173 4725 1205 4780 et
1227 4714 1328 4780 habet
1350 4715 1392 4778 ab
1415 4738 1480 4779 uno
1504 4717 1604 4779 latere
1627 4715 1785 4779 forestum
1806 4713 1893 4799 quod

249 4818 369 4882 dicitur
383 4817 525 4902 Caprile,
550 4818 591 4883 ab
615 4818 679 4882 alio
703 4818 805 4882 latere
827 4827 970 4881 montem
997 4816 1105 4899 Feltri,
1129 4840 1149 4880 a
1171 4821 1266 4883 tertio
1291 4819 1393 4883 latere
1416 4818 1585 4899 Balneum,
1610 4841 1629 4881 a
1653 4828 1768 4903 quarto
1792 4817 1893 4882 latere

250 4932 442 5007 percurrunt
469 4924 539 4986 eius
567 4921 648 4985 fines
677 4943 780 5006 usque
810 4923 841 4984 in
872 4922 1070 4985 Petrauerua
1093 4930 1125 4985 et
1148 4920 1293 4986 Caluane
1323 4946 1384 5008 quq
1414 4923 1454 4986 de
1477 4924 1549 5006 ipso
1571 4922 1695 4985 foresto
1720 4923 1891 5005 pertinent,

249 5047 314 5088 una
337 5047 410 5088 curn
434 5024 580 5110 portibus
604 5033 635 5087 ot
657 5026 866 5104 massariciis,
890 5024 1048 5089 forestum
1071 5025 1192 5110 pariter
1214 5026 1255 5089 do
1278 5023 1404 5091 Corezo
1429 5027 1463 5089 in
1485 5025 1611 5108 prefato
1636 5024 1792 5087 cantitata
1815 5022 1893 5087 Are·

250 5131 328 5210 tine,
353 5131 405 5193 cui
428 5130 540 5195 aderet
564 5128 604 5191 ab
630 5151 692 5191 uno
717 5127 818 5191 latere
841 5127 933 5191 locus
956 5129 1010 5212 qiu
1035 5129 1152 5192 dicitur
1174 5127 1313 5210 Balnea,
1345 5128 1387 5193 ab
1416 5127 1480 5192 alio
1510 5137 1597 5191 terra
1628 5130 1731 5191 sancti
1758 5128 1892 5207 Donati,
1912 5147 1946 5192 ru

252 5232 318 5295 adg
346 5232 441 5295 tertio
470 5233 525 5295 via
555 5254 615 5316 quq
645 5229 763 5294 dicitur
791 5239 877 5294 terra
907 5230 1063 5314 Rubiola,
1096 5253 1116 5295 a
1145 5242 1260 5318 quarto
1289 5232 1391 5296 latere
1414 5252 1508 5293 mons
1531 5230 1584 5314 qni
1610 5230 1727 5293 dicitnr
1751 5239 1895 5293 castrum

337 5401 395 5453 351.
421 5401 695 5468 h)inqniotit1nlinem
717 5401 740 5453 0
838 5402 857 5467 i)
870 5401 940 5465 fehlt
958 5400 1030 5452 inO
1129 5406 1157 5463 k)
1178 5405 1213 5466 D,
1233 5405 1399 5456 kanzelarius
1418 5402 1477 5453 adv,
1498 5403 1521 5453 d.
1542 5403 1631 5451 Vberti
1652 5420 1674 5450 c.
1695 5410 1720 5451 ct
1739 5403 1895 5452 archichan-

423 5471 512 5520 celarii
534 5471 557 5521 0
648 5473 667 5533 l)
688 5484 735 5521 1111
753 5469 820 5519 wohl
838 5470 987 5520 mareotiden
1005 5488 1052 5520 cres
1070 5485 1122 5522 vll.

336 5554 395 5606 352.
424 5553 531 5622 [siclrel]
637 5559 662 5621 a)
680 5555 772 5623 augit
878 5558 905 5615 b)
923 5556 984 5605 ι’ὶΙιει·
1000 5556 1047 5605 der
1065 5558 1134 5608 Zeila
1151 5558 1337 5622 rmcdpetrapen
1439 5560 1462 5615 c.)
1484 5554 1503 5603 A
1529 5561 1589 5604 suat-t
1616 5573 1662 5620 per
1768 5555 1795 5617 d)
1814 5556 1895 5615 sosort

423 5658 489 5692 corr.
507 5659 554 5690 arcs
577 5642 731 5761 aenigmate
835 5643 860 5703 e)
881 5628 945 5691 ciri
1050 5644 1071 5707 f)
1090 5660 1149 5692 orna
1174 5641 1238 5691 ohne
1258 5639 1526 5705 Abkdncrrqazeiclren
1631 5650 1657 5703 g)
1677 5640 1699 5689 A
1804 5641 1831 5700 li)
1849 5658 1895 5690 cor·
1913 5643 1946 5690 45

424 5727 450 5759 ιιι
469 5725 511 5759 ean
527 5726 630 5760 vernone
660 5726 686 5760 es
704 5728 726 5759 c,
