4500 6420
995 501 1120 557 ΟΤΤΟ
1143 502 1167 558 Ι.
1191 496 1263 556 963.

1085 679 1171 753 256.

318 833 397 912 Otto
425 836 586 934 bestdtipt
610 836 681 909 dea
707 835 938 911 Oanoailcera
966 835 1030 909 cler
1055 836 1188 910 Kirclre
1213 862 1258 909 aa
1284 837 1418 935 Reppio
1446 837 1514 910 alle
1541 837 1788 934 Besitzrarpen,
1817 835 1950 907 Besitz-

309 958 382 1032 titel
405 958 485 1031 aad
510 957 568 1031 die
598 957 820 1030 innectebat.
1535 977 1566 1038 s.
1586 977 1646 1036 Lao
1668 979 1732 1037 aaa
1754 975 1835 1034 νυνι·
1855 979 1907 1035 27.

343 1245 345 1248 Α
412 1165 658 1241 Oricinaldiplom
679 1168 722 1225 im
745 1165 959 1239 Capitelarcbiv
979 1184 1020 1225 aa
1041 1167 1153 1239 Reqqio
1178 1164 1240 1243 (A).

274 1316 291 1365 ὀ
410 1307 563 1364 Μνναίονὶ
584 1303 655 1362 Ant.
678 1304 749 1362 Ital.
774 1306 803 1374 5,
828 1306 890 1364 9⁶5
914 1321 970 1363 cres
992 1304 1028 1362 A.
1053 1337 1096 1347 -
1120 1304 1289 1363 Paratonio·
1310 1305 1400 1362 Mem
1424 1308 1494 1364 ator.
1519 1305 1672 1364 Alodeacsi
1689 1299 1731 1374 1⁶,
1755 1307 1820 1363 127
1836 1310 1870 1361 a⁰
1889 1305 1951 1362 105

410 1428 466 1469 aas
488 1409 526 1468 A.
550 1441 592 1452 -
615 1409 744 1467 Babrrrcr
764 1410 838 1481 Rea.
861 1412 935 1468 271.
958 1440 1000 1452 -
1022 1406 1150 1480 Staoqrs
1167 1409 1240 1481 Rea.
1265 1411 1337 1468 328.

411 1547 603 1607 Geacbricben
623 1563 679 1604 stoa
701 1548 741 1605 It.
757 1545 797 1606 A.
819 1546 1009 1605 matrinam
1028 1542 1168 1618 concepte
1190 1545 1223 1624 (s.
1247 1545 1313 1605 DO.
1329 1543 1405 1623 242)
1428 1545 1559 1604 walchem
1582 1545 1636 1603 dae
1654 1545 1693 1603 D.
1714 1545 1791 1602 Kurt
1809 1556 1865 1605 111.
1888 1563 1952 1603 cora

411 1649 443 1708 J.
460 1652 523 1708 883
548 1647 688 1726 (ΒόΙνννινν
708 1649 781 1721 Rey.
798 1648 873 1705 Kar.
891 1646 966 1726 959)
989 1666 1030 1707 aa
1049 1647 1172 1707 Grande
1191 1649 1282 1722 petat
1305 1649 1415 1708 warde.
1454 1649 1566 1708 aaa
1587 1648 1722 1708 sclraltete
1744 1649 1795 1707 aa
1816 1649 1953 1708 Dictator

411 1753 561 1811 einerser'ts
583 1753 646 1809 ciac
669 1749 897 1824 Ausaeiclmaap
919 1752 992 1809 ater
1013 1751 1070 1809 dea
1092 1751 1284 1811 Beaitastaacl
1306 1754 1354 1810 eiu
1375 1753 1440 1827 eard
1462 1754 1596 1810 beaatate
1618 1752 1797 1811 aadrcrseits
1820 1752 1876 1823 sar
1897 1752 1953 1810 den

412 1856 529 1915 Scblusa
554 1853 615 1932 (sed
639 1855 725 1912 liceat
746 1852 812 1932 etc.)
837 1855 913 1912 arrclr
935 1853 1000 1914 ΒΟ.
1016 1858 1083 1914 242
1104 1855 1174 1913 oder
1195 1856 1297 1915 dassen
1318 1856 1392 1926 VU,
1416 1857 1515 1914 soraee
1538 1856 1585 1912 dte
1607 1855 1748 1928 Fassuaq
1771 1856 1867 1914 ‹lteser
1888 1855 1953 1914 deni

411 1960 551 2031 Bisclrofe
574 1960 725 2018 ertlreiltca
745 1959 817 2018 DD.
841 1960 903 2018 sicle
924 1961 958 2017 in
980 1960 1061 2016 einer
1082 1958 1301 2032 Aasscrtiaaap
1324 1960 1379 2031 fiir
1408 1960 1456 2018 die
1478 1958 1644 2019 Oaaeailcrr
1665 1959 1756 2017 alteia
1777 1960 1955 2018 verwertlren

411 2065 489 2123 liess.
535 2064 675 2123 Masstca
696 2064 757 2122 alsa
780 2064 874 2136 eiaipc
897 2062 1005 2122 Stellae
1026 2062 1204 2135 selbstttadip
1226 2064 1345 2122 stilisirt
1367 2065 1497 2134 werden,
1532 2081 1563 2122 so
1593 2064 1707 2121 aenaea
1728 2047 1796 2121 aa
1809 2065 1843 2122 ia
1864 2063 1955 2136 Foloe

411 2185 467 2225 eea
482 2167 706 2240 Beschddipanp
729 2166 778 2225 des
796 2165 944 2239 Oriciaals
967 2165 1054 2224 (terea
1073 2183 1208 2240 peneum
1229 2167 1377 2226 Wartlcat
1398 2169 1477 2226 aicta
1499 2167 1563 2226 aad
1584 2173 1703 2226 britasca
1725 2184 1782 2225 aas
1804 2168 1859 2224 orit
1875 2167 1954 2226 Aus-

413 2271 534 2344 satians
556 2271 610 2330 der
630 2271 753 2329 Lttclrea
774 2271 850 2329 necle
872 2270 937 2352 clera
960 2269 1052 2330 Sirene
1074 2269 1214 2340 reuersa.

262 2475 292 2522 15
411 2461 426 2541 ξ
447 2457 486 2520 In
501 2458 632 2520 nomine
656 2465 788 2520 sanctae
810 2466 841 2520 ct
858 2455 1045 2520 individuae
1069 2442 1233 2522 trinitatis.
1270 2456 1348 2521 Otto
1372 2457 1483 2521 divina
1505 2458 1634 2522 favente
1656 2456 1830 2520 clementia
1855 2457 1954 2540 impe-

310 2571 399 2625 rator
432 2568 600 2642 augustus.
703 2575 832 2624 Omnibus
862 2575 985 2625 fidelibus
1015 2583 1122 2626 srurctae
1152 2576 1193 2625 dei
1224 2577 1368 2627 aecclesiae
1398 2577 1547 2640 nostrisque
1578 2592 1682 2640 presen-
1708 2560 1722 2640 ξ
1753 2577 1824 2624 tibus
1853 2574 1954 2623 scilicet

310 2696 342 2729 ac
365 2680 461 2728 futuris
482 2684 573 2728 netum
597 2680 645 2739 sit,
668 2679 781 2743 qualiter
804 2663 1042 2729 Hermonaldlls
1065 2680 1223 2730 venerabilis
1247 2686 1353 2730 sanctae
1376 2681 1504 2745 Rrgensis
1527 2679 1672 2729 aecclesiae
1694 2680 1834 2742 episcopus
1857 2677 1954 2742 optulit

310 2784 387 2832 nobis
416 2788 541 2847 precepta
564 2782 641 2832 divae
664 2785 804 2832 samariae
834 2777 1020 2833 nostrorum
1049 2778 1293 2832 antecessorum
1323 2788 1435 2852 regum
1466 2790 1522 2831 sen
1553 2768 1783 2850 imperatorum
1807 2782 1833 2829 in
1856 2782 1953 2846 «priona

311 2888 503 2948 continebatur,
527 2886 640 2951 qualiter
663 2870 791 2934 illorum
815 2887 982 2935 roboratione
1005 2888 1159 2936 canonicam
1182 2885 1300 2936 eiusdem
1322 2886 1466 2935 aecclesias
1482 2901 1560 2950 quam
1576 2884 1728 2947 Sigefredus
1743 2900 1759 2930 a
1774 2884 1824 2933 loci
1844 2886 1954 2933 rurtistcs

260 2990 294 3036 20
312 2989 345 3039 ad
368 3005 445 3038 risum
468 2989 654 3038 carronicornnr
677 2987 775 3037 ibidem
799 2988 847 3039 deo
870 2989 1040 3037 militantium
1062 2988 1152 3037 divina
1175 2988 1348 3052 inspiratione
1371 2973 1523 3054 instituit,
1555 2987 1737 3047 reformasset,
1765 2986 1902 3050 postulans
1925 2991 1955 3035 ut

311 3099 337 3143 et
359 3109 407 3142 nos
430 3108 477 3156 pro
508 3091 596 3156 divinq
624 3093 843 3141 remunerationis
871 3093 971 3156 premio
1000 3093 1104 3156 plenius
1128 3092 1154 3140 id
1176 3091 1399 3141 confirmaremus.
1437 3085 1544 3139 Cuiusa
1566 3091 1691 3154 peticioni
1720 3090 1833 3139 libenter
1863 3088 1954 3138 adscu-

311 3198 410 3246 cicntes
438 3211 485 3260 per
507 3196 557 3243 lroc
579 3199 684 3244 nostrae
706 3196 886 3244 renovationis
909 3202 1061 3260 preceptum
1083 3195 1139 3245 lieri
1162 3197 1287 3245 iussimus
1309 3211 1355 3259 per
1377 3194 1448 3259 quod
1471 3194 1635 3244 decemimus
1657 3200 1736 3259 atque
1759 3176 1955 3255 sturrrccimusb,

311 3305 341 3348 ut
364 3316 453 3349 ornnes
476 3300 526 3348 res‘
546 3314 612 3362 (pras
641 3298 758 3363 prefatus
782 3298 932 3363 sigefredus
956 3298 988 3348 de
1016 3299 1072 3347 suis
1100 3300 1193 3348 usibus
1216 3299 1249 3348 ad
1272 3299 1403 3347 utiliorem
1433 3313 1569 3346 servorum
1597 3297 1638 3346 dei
1668 3312 1745 3345 usum
1773 3295 1908 3345 transtulit
1930 3301 1957 3345 et

312 3406 380 3469 parti
409 3404 536 3468 canonicq
564 3419 643 3467 quam
672 3404 727 3467 ipse
750 3418 767 3451 a
788 3402 965 3451 fundamentis
993 3403 1141 3452 construxit
1163 3419 1179 3449 e
1202 3419 1262 3452 crim
1288 3401 1442 3466 plenissima
1465 3403 1621 3476 'integritate
1648 3408 1709 3449 nec
1738 3407 1802 3449 non
1833 3394 1865 3448 ot
1886 3385 1956 3449 reli·

261 3504 293 3550 ⁸25
313 3513 393 3578 quas
418 3499 522 3575 quas⁰
544 3490 586 3554 ab
609 3489 740 3570 Acone,
763 3490 858 3553 Petro
880 3501 912 3554 et
934 3489 1101 3555 Adalardo
1125 3491 1227 3575 ipsius
1250 3499 1384 3555 sanctae
1408 3489 1494 3553 sedis
1518 3485 1709 3573 aepiscopid
1732 3510 1752 3551 a
1773 3489 1955 3573 ceterisque

313 3593 496 3679 presulibus
530 3615 587 3679 per
617 3593 761 3678 aliquam
796 3595 1044 3677 conscriptionis
1078 3595 1232 3678 paginam
1266 3591 1370 3657 eidem
1405 3595 1562 3656 canonice
1595 3595 1663 3655 iure
1697 3613 1854 3655 concessa
1884 3613 1955 3655 esse

312 3696 488 3781 v[identur,
518 3694 645 3778 velrurn
674 3697 771 3760 etiam
801 3704 924 3759 ceteras
953 3718 1005 3758 res
1034 3692 1140 3780 quasd
1166 3695 1303 3760 abonis
1331 3695 1517 3761 hominibus
1547 3696 1769 3780 prenominata
1798 3696 1955 3759 canonice

312 3800 412 3863 inlata
435 3800 504 3864 fere
527 3808 762 3863 noscuntur-
778 3798 858 3862 haec
880 3808 968 3863 sunt:
992 3799 1191 3863 Pirinianurn
1204 3808 1224 3881 ⁰,
1248 3799 1371 3882 Massa,
1395 3796 1566 3883 Oampilia,
1590 3796 1679 3862 Uilla
1701 3820 1776 3863 cum
1798 3799 1865 3862 suis
1887 3820 1955 3882 pcr-

311 3903 477 3984 tincnciis,
508 3900 709 3983 Octabiano,
739 3900 919 3985 Oasaliclc,
947 3901 1056 3966 casale
1082 3900 1147 3986 [qui
1170 3901 1298 3986 dicitur]
1322 3902 1478 3987 Augusti,
1501 3900 1666 3966 Ucrniane
1691 3912 1723 3966 ct
1745 3898 1954 3982 Cadriniano,

260 4018 292 4065 30
311 4006 442 4091 Ripalta
472 4028 600 4091 quoquc
623 4015 655 4069 et
676 4005 771 4091 plebe
793 4006 954 4071 Nuuelare
978 4015 1009 4070 et
1032 4004 1171 4088 Canale,
1205 4003 1355 4068 Mandrie
1378 4006 1411 4068 in
1433 4006 1569 4089 ipsoque
1599 4002 1672 4067 loco
1704 4000 1879 4087 campumf
1901 4004 1955 4086 qui

311 4111 429 4175 dicitur
451 4107 588 4174 Centum
611 4110 708 4193 luges
732 4132 805 4174 curn
828 4111 895 4173 suis
918 4111 1141 4195 pertinenciis,
1170 4111 1204 4172 in
1226 4107 1355 4193 Argene
1379 4129 1510 4172 manses
1533 4107 1630 4190 duos,
1659 4108 1764 4171 rivum
1786 4104 1954 4189 Frigidum

311 4223 342 4277 ct
370 4236 480 4277 ornnes
509 4236 560 4276 res
590 4234 672 4299 quac
695 4236 715 4275 a
737 4212 891 4276 Bertaldo
923 4214 1041 4276 comite
1071 4221 1103 4276 et
1125 4235 1145 4276 a
1167 4210 1322 4276 Rotberto
1353 4210 1421 4274 filio
1453 4212 1521 4276 cius
1551 4220 1582 4274 et
1605 4232 1625 4274 a
1647 4210 1770 4274 Bertila
1799 4210 1954 4292 genitrice

311 4318 412 4401 ipsius
444 4326 476 4380 et
499 4315 540 4379 ab
563 4315 773 4400 Amernperto
808 4315 1004 4400 presbitero,
1040 4314 1074 4378 id
1103 4323 1152 4378 est
1183 4324 1312 4398 parturn
1346 4337 1446 4378 unum
1480 4316 1534 4400 qui
1568 4313 1686 4377 dicitur
1707 4314 1846 4378 Fossato
1880 4335 1954 4377 curn

312 4419 488 4483 tlrcloneoss
511 4428 543 4482 et
566 4418 825 4503 piscacionibus,
859 4421 891 4482 in
916 4418 1103 4483 Coruiatico
1127 4418 1335 4481 masariciam
1358 4438 1473 4499 unam,
1507 4419 1540 4480 in
1563 4415 1726 4481 Nuuelare
1749 4417 1953 4480 masariciam

260 4541 293 4586 aa
311 4546 423 4604 unam,
457 4524 488 4586 in
513 4521 636 4586 Canale
658 4522 769 4586 modia
792 4534 872 4606 tres,
904 4526 937 4586 in
960 4520 1038 4585 villa
1060 4521 1212 4584 Fontana
1235 4521 1440 4584 masariciam
1464 4541 1578 4601 unam,
1607 4520 1641 4582 in
1663 4517 1735 4583 loeo
1760 4521 1814 4604 qui
1839 4518 1955 4582 dicitur

312 4626 413 4688 sancti
431 4624 594 4688 Dalnracii
617 4626 824 4689 masariciam
848 4648 956 4708 unam,
981 4628 1014 4689 in
1030 4624 1199 4690 Sustilicrc
1222 4626 1429 4688 masariciam
1452 4646 1560 4706 unam,
1584 4626 1617 4687 in
1633 4622 1711 4686 villa
1727 4620 1815 4708 queh
1836 4622 1954 4687 dicitur

311 4728 445 4791 Fazano
468 4731 674 4794 masariciam
698 4752 805 4809 unani,
830 4731 863 4792 in
884 4728 963 4793 villa
987 4728 1121 4794 Sableta
1142 4728 1253 4793 modia
1276 4739 1351 4811 tres,
1375 4731 1407 4792 in
1432 4726 1571 4813 eampoi
1596 4729 1650 4813 qui
1674 4729 1860 4791 nominatur
1876 4725 1953 4790 Gal·

311 4831 389 4894 liani
412 4833 503 4913 iuges
527 4834 708 4916 sexaginta,
733 4830 940 4896 Pradetidulo
966 4855 1021 4897 seu
1038 4834 1071 4896 in
1087 4832 1246 4917 Magrada
1260 4841 1293 4896 et
1308 4834 1341 4897 in
1356 4832 1540 4897 Montirone
1564 4830 1734 4894 castellum
1757 4852 1857 4894 unum
1880 4851 1953 4893 cum

311 4932 477 5019 aliquanta
501 4943 586 4997 terra
602 4945 634 4997 ct
648 4936 681 4997 in
696 4934 911 4998 Fosscdunde
934 4934 985 4998 vel
1009 4935 1205 5021 ubicumque
1227 4959 1286 5021 per
1307 4935 1391 5017 loca,
1415 4957 1472 4998 seu
1494 4933 1567 4998 illas
1590 4957 1641 4997 res
1658 4955 1739 5019 quas
1757 4955 1777 4996 a
1796 4932 1954 5017 Litgarda

261 5056 294 5102 to
313 5038 480 5100 comitissa
502 5048 533 5101 ct
549 5060 569 5100 a
584 5036 742 5105 Uuifrede
766 5040 884 5101 cernite
906 5038 973 5103 filio
997 5040 1075 5120 eius,
1098 5038 1132 5103 id
1154 5051 1204 5104 est
1227 5037 1374 5106 domno*
1397 5037 1506 5103 cultile
1522 5048 1554 5101 ct
1568 5035 1780 5119 masariciis1,
1803 5037 1836 5098 in
1855 5038 1953 5099 comi·

309 5151 379 5203 tatu
402 5138 620 5204 illotincnsis‘l
643 5143 675 5204 in
698 5141 778 5205 locis
802 5142 854 5225 qui
884 5140 1115 5226 nuncupaturtl
1137 5141 1243 5226 Isula,
1273 5138 1471 5222 Pulianello,
1503 5139 1599 5205 Serra
1621 5139 1802 5224 Apuliana,
1831 5136 1955 5200 Monte-

310 5244 451 5327 pasario,
474 5243 576 5308 altero
600 5253 708 5309 monte
732 5247 785 5330 qui
810 5243 927 5308 dieitur
949 5242 1052 5310 Caluo
1075 5254 1108 5309 et
1130 5247 1165 5309 in
1187 5246 1259 5311 loco
1284 5248 1338 5331 qui
1362 5244 1481 5309 dician-
1504 5254 1617 5307 sancta
1638 5243 1744 5306 Maria
1767 5263 1825 5305 seu
1846 5240 1954 5305 Buida

395 5411 453 5464 25⁰.
482 5411 646 5480 [Zimcnnan]
750 5418 775 5478 a)
796 5416 910 5466 cdarclr
927 5416 1015 5468 Bucar
1032 5433 1098 5468 corr.
1116 5418 1199 5467 cuch
1302 5418 1330 5478 b)
1349 5417 1379 5476 A,
1398 5416 1448 5467 aas
1465 5416 1536 5465 atae
1554 5433 1568 5464 c
1586 5414 1639 5479 aas
1650 5414 1738 5465 Raeur
1842 5417 1867 5475 c)
1887 5430 1954 5480 quas

479 5483 541 5531 tiber
566 5482 613 5533 der
630 5481 700 5534 Zeila
725 5484 910 5550 nacbqetropea
1013 5485 1083 5546 d)A
1187 5490 1210 5549 e)
1230 5484 1312 5535 durch
1338 5483 1587 5550 uterqacirtebmes
1609 5485 1618 5533 i
1640 5500 1705 5532 corr.
1730 5499 1777 5532 ara
1798 5484 1953 5533 Prinianum

258 5550 291 5598 45
481 5552 501 5610 s)
521 5555 589 5615 capri
607 5551 638 5614 A,
656 5553 722 5603 altae
739 5552 1006 5619 Abln'traanaraeielreu
1022 5554 1085 5604 tiber
1102 5571 1119 5604 a
1205 5557 1231 5621 g)
1252 5554 1269 5603 h
1286 5554 1348 5604 tiber·
1365 5555 1412 5604 der
1429 5552 1498 5602 Zeila
1514 5552 1701 5617 oachpetraqen
1788 5551 1815 5614 b)
1832 5551 1855 5601 A
1874 5569 1889 5616 q
1907 5553 1954 5602 me

483 5619 715 5672 ‹larclutm‘cbenem
735 5622 840 5686 Saltafle
858 5621 1009 5673 weletabi
1027 5628 1105 5673 crater
1124 5621 1200 5672 Liuio
1217 5625 1261 5688 qui
1280 5622 1406 5683 berterad,
1422 5620 1519 5687 jedoet
1537 5638 1586 5671 aaa
1604 5619 1782 5671 aeliotaelren
1801 5619 1955 5672 Schrader-a

483 5688 549 5737 arceb
560 5688 610 5751 su'r
628 5707 679 5755 qua
694 5698 786 5755 perstat
804 5692 871 5741 wird
957 5693 976 5753 i)
995 5708 1061 5757 capo
1080 5690 1145 5741 oliae
1156 5690 1425 5757 Ablcltrzuaqszeicben
1513 5690 1541 5756 lt)
1560 5691 1591 5754 A,
1609 5696 1670 5740 statt
1688 5691 1766 5740 <loma
1849 5689 1868 5753 l)
1888 5705 1953 5739 corr.

481 5773 529 5805 aaa
547 5773 706 5811 masariciae.
