4500 6420
857 452 983 509 ΟΤΤΟ
1005 453 1029 508 Ι.
1054 448 1243 508 936-973.
1808 402 1871 510 587

228 635 399 701 adiuvetur
421 645 453 699 et
475 644 542 699 tam
564 636 681 699 vestris
703 634 890 699 hominibus
914 656 1012 720 quam
1035 644 1067 699 et
1090 634 1227 699 caballis
1249 635 1387 721 aliisque
1410 637 1443 699 in
1464 637 1579 700 itinere
1601 635 1699 701 rebus
1722 658 1871 700 neeessa-

226 742 299 821 riis,
332 750 454 825 quanto
478 740 612 824 propius
636 739 754 823 possit,
786 738 972 823 Vngrorum
1005 738 1146 803 confinio
1176 738 1353 804 honorifice
1382 761 1422 802 ae
1451 740 1638 803 cautissime
1665 738 1872 823 perducatur.

226 842 330 908 Nobis
354 846 439 908 enim
462 843 539 906 illuc
563 844 623 906 erit
645 841 854 927 delegandus,
884 865 947 929 quo
971 866 1031 906 rex
1053 841 1229 907 eorundem
1251 854 1364 908 nostro
1389 866 1487 928 quam
1511 866 1648 928 propere
1672 845 1806 908 arbitrio
1831 847 1873 910 sit

227 946 443 1030 colligandus.
481 946 586 1012 Vobis
610 968 686 1030 ergo
710 944 934 1032 magnopereb
957 947 997 1009 sit
1021 946 1164 1010 studium
1186 946 1271 1010 hanc
1294 949 1450 1012 citissime
1473 946 1542 1011 fieri
1565 947 1772 1031 legationem,
1796 972 1872 1014 nam

192 1061 208 1108 5
228 1053 264 1131 si,
293 1059 329 1114 ut
352 1049 440 1136 apud
462 1073 523 1115 nos
548 1050 648 1133 sedet,
677 1049 931 1135 prosperabitur,
958 1048 1052 1114 vobis
1075 1051 1109 1112 in
1131 1049 1193 1114 hoe
1216 1052 1397 1135 vestrisque
1421 1050 1570 1115 omnibus
1595 1051 1772 1117 admodum
1794 1074 1872 1116 con·

227 1153 358 1220 sulatur.
392 1152 518 1220 Valete.

1005 1340 1093 1417 435.

961 1496 1138 1575 (00000οι0.)

235 1635 315 1711 Otto
343 1635 503 1732 bestuttpt
528 1633 586 1706 die
613 1630 776 1730 rS'tiftunp
803 1631 881 1704 und
906 1634 1139 1729 40000000000οφ
1167 1632 1226 1704 (les
1253 1632 1413 1705 Klostars
1440 1632 1663 1730 Rittpelltcim
1689 1633 1769 1706 rand
1792 1662 1870 1708 000-

178 1785 208 1830 10
227 1757 310 1830 leiltt
335 1754 530 1828 0000000000
557 1752 615 1825 die
642 1752 863 1824 lm-nuonitttt.
1414 1773 1521 1830 ,000000
1543 1776 1605 1833 900
1629 1772 1754 1832 ,100000
1776 1779 1826 1832 17.

328 1979 480 2050 Abschrtft
502 1996 558 2038 000
581 1979 646 2037 aem
668 1977 754 2037 aaut
776 1977 826 2036 des
852 1981 902 2037 17.
918 1976 971 2036 Jh.
1002 1994 1058 2036 aas
1086 1976 1152 2035 000
1180 1977 1325 2036 Nacldass
1347 1995 1403 2036 000
1431 1977 1585 2051 Armentis
1614 1955 1648 2037 00
1668 1978 1869 2049 Ηοϊο0000000,

320 2088 396 2160 petat
417 2086 459 2141 tm
482 2084 599 2143 Besitee
622 2082 674 2141 cler
697 2081 877 2154 0000000000
898 2078 958 2157 (Α).

327 2224 457 2283 100οΙ00νο
480 2223 558 2279 Htst
579 2238 645 2293 pen.
671 2220 779 2280 30000.
798 2216 900 2291 praes.
925 2219 944 2275 6
967 2234 1024 2275 000
1047 2215 1210 2287 Aescrrift.
1234 2251 1275 2258 —
1300 2216 1428 2290 Stunms
1445 2218 1517 2291 Rep.
1542 2223 1591 2279 79.

327 2363 370 2422 Es
395 2363 432 2420 ist
454 2361 679 2419 unvertnnnbar
701 2358 770 2416 dass
794 2358 841 2415 dic
863 2374 918 2415 roa
940 2355 1072 2414 Eckburt
1094 2356 1228 2413 benutatc
1251 2353 1405 2426 Absclrrist
1428 2373 1552 2415 unsercr
1573 2356 1728 2428 Abscbre'ft
1743 2357 1772 2415 A
1792 2376 1872 2431 prens

326 2467 403 2524 0000
424 2465 497 2523 steht
520 2463 584 2522 und
604 2462 666 2520 0ον
686 2478 742 2520 von
765 2462 825 2519 0100
848 2465 935 2518 00000
959 2458 1102 2517 0000000000
1125 2459 1242 2517 worden
1265 2461 1312 2528 ist,
1337 2461 1426 2517 00000
1448 2477 1479 2517 er
1497 2461 1573 2518 0000
1591 2465 1653 2520 900
1674 2463 1705 2518 in
1724 2465 1786 2522 940
1805 2480 1870 2519 000-

324 2566 581 2641 pestanensem
602 2581 678 2637 maa.
716 2564 810 2624 chn
833 2564 933 2634 feriter
954 2564 1083 2622 10000000
1102 2561 1203 2621 Gessit.
1227 2580 1282 2621 000
1301 2562 1483 2621 Hildesbeim
1505 2569 1534 2634 1,
1560 2568 1597 2622 41
1623 2566 1687 2621 ente
1710 2568 1797 2622 00000
1820 2567 1870 2623 00-

326 2669 485 2729 0σί000000
508 2665 596 2740 Copta
618 2667 790 2739 0000000000
812 2668 921 2738 0000000,
951 2685 983 2726 00
1005 2667 1182 2724 oenanthen
1205 2683 1237 2723 er
1257 2666 1345 2724 selbst
1368 2668 1431 2724 cine
1453 2667 1638 2725 obstclttli'elre
1660 2669 1870 2741 Verbesseruup

327 2773 481 2831 derseibea.
527 2771 614 2829 Kure
642 2769 671 2829 A
700 2773 893 2842 representare
924 2772 972 2828 die
999 2772 1110 2842 0000000
1139 2772 1214 2828 00000
1243 2770 1284 2825 im
1306 2769 1429 2827 Kloster
1455 2769 1595 2827 00100000
1622 2769 1868 2842 Ucbertieferunp.

331 2877 401 2935 Was
424 2875 502 2933 disse
522 2891 587 2931 000
609 2890 650 2931 an
672 2874 928 2931 Persoacnnamen
950 2872 1014 2930 000
1040 2873 1238 2945 aestumator
1267 2873 1367 2941 000000,
1402 2872 1473 2929 10000
1503 2872 1557 2930 ctos
1578 2872 1617 2930 D.
1642 2873 1686 2930 uls
1710 2872 1771 2942 fast
1795 2872 1871 2942 [rete

328 2977 497 3050 Erfinduap
521 2976 694 3046 0000000000,
719 2974 775 3046 000
796 2976 844 3034 die
866 2976 1000 3049 ledtplieb
1021 2975 1509 3048 0000οΓ0000100ιί000νὶ00εο
1530 2975 1753 3034 Verstc'tndatsse
1776 2978 1870 3034 00000

326 3081 392 3141 Do.
417 3080 544 3140 callebat
566 3078 683 3138 0000000
705 3079 783 3138 sind.
817 3078 924 3150 Dcftr
941 3096 1030 3138 0000
1049 3078 1283 3152 sternacium
1305 3079 1479 3138 0000000000
1501 3082 1566 3138 sein
1587 3098 1664 3153 mup,
1687 3080 1787 3151 findat
1809 3082 1871 3140 siclt

327 3187 359 3243 in
382 3185 433 3244 der
453 3183 620 3244 Gesehichtc
642 3182 692 3241 des
714 3183 850 3242 Klosters
872 3184 957 3242 100000
978 3180 1227 3254 Anbcltspualtte.
1283 3224 1290 3239 .

429 3386 468 3450 In
496 3386 626 3450 nomine
655 3392 789 3449 sanctae
817 3394 849 3448 00
878 3382 1065 3448 individuae
1094 3382 1259 3453 trinitatis.
1305 3380 1383 3446 Otto
1407 3382 1519 3448 divina
1544 3385 1675 3452 favente
1698 3387 1871 3452 clementia

224 3517 292 3556 rex.
379 3490 539 3555 Noverint
561 3501 629 3556 tam
652 3497 840 3576 praesentes
864 3511 963 3573 quam
984 3489 1084 3553 futuri
1108 3488 1208 3552 etiam
1229 3485 1353 3568 fideles,
1378 3487 1516 3572 qualiter
1531 3511 1641 3554 eomes
1658 3491 1791 3556 Ymmat
1809 3515 1868 3577 pro

172 3612 205 3656 ‘25
225 3595 366 3660 remedio
396 3596 523 3658 animae
552 3616 631 3660 suae
659 3604 691 3659 et
713 3594 812 3658 totius
837 3615 914 3657 suae
938 3592 1140 3683 posteritatis
1163 3591 1396 3656 monasterium
1418 3593 1452 3655 in
1474 3592 1597 3657 honore
1622 3593 1744 3658 domini
1767 3597 1868 3659 nostri

224 3701 298 3763 lesu
315 3696 434 3761 Christi
458 3699 591 3782 eiusque
614 3699 779 3781 genitricis
795 3696 920 3760 Mariae
943 3704 975 3759 et
998 3692 1187 3760 sanctorum
1208 3701 1389 3777 martyrum
1404 3693 1525 3759 Abdon
1544 3705 1576 3759 et
1592 3695 1716 3761 Sennes
1738 3700 1772 3761 in
1794 3699 1867 3763 loco

224 3801 393 3884 Ringelem
416 3812 603 3885 nuncupato
627 3802 811 3866 construxit
837 3798 1021 3884 ibidemque
1045 3799 1132 3862 etin
1156 3798 1250 3882 pagis
1273 3795 1509 3879 adiacentibus,
1535 3798 1761 3865 Wendthusen
1785 3802 1868 3866 seili-

223 3914 274 3968 cet
297 3915 329 3968 ot
352 3902 570 3986 Ottfredescn,
595 3903 764 3985 Gerstede,
788 3901 985 3983 Wallmode,
1009 3901 1143 3983 Nawen,
1175 3899 1296 3983 Selida,
1327 3898 1473 3986 Gustete,
1503 3900 1678 3984 Haverlae,
1700 3903 1867 3988 Vepstete,

223 4018 254 4072 00
283 4007 437 4093 quicquid
466 4007 678 4073 haereditatis
707 4007 836 4088 habuit,
871 4014 937 4069 tam
964 4006 998 4070 in
1028 4003 1160 4069 familiis
1190 4026 1288 4088 quam
1316 4005 1349 4068 in
1376 4007 1464 4088 agris
1487 4005 1645 4069 aedificiis
1669 4009 1753 4071 areis
1777 4009 1867 4073 silvis

172 4134 205 4179 30
225 4112 325 4196 pratis
348 4112 481 4194 pascuis
505 4113 598 4198 aquis
620 4110 816 4177 molendinis
840 4107 1077 4194 piscationibus
1099 4108 1337 4190 venationibus,
1363 4131 1437 4172 cum
1462 4110 1609 4175 omnibus
1634 4114 1700 4175 suis
1724 4113 1867 4178 utilitati-

222 4214 284 4281 bus
314 4235 407 4279 sacro
438 4214 532 4279 altari
562 4217 595 4278 in
622 4214 746 4280 honore
773 4213 945 4279 beatomm
972 4221 1152 4297 martyrum
1175 4210 1296 4276 Abdon
1320 4220 1352 4275 00
1375 4210 1498 4277 Sennes
1527 4212 1678 4279 dedicato
1706 4238 1867 4281 consensu

222 4318 361 4383 filiorum
378 4340 527 4383 suorum:
549 4316 719 4400 Vollwart,
738 4317 880 4397 Ymmat,
905 4315 1029 4397 Sibeth,
1052 4315 1178 4380 vocatis
1202 4335 1313 4379 coram
1336 4314 1475 4379 testibus
1498 4315 1648 4399 tradidit3
1672 4319 1867 4402 praebendis

221 4444 298 4486 vero
328 4431 360 4486 et
389 4419 613 4486 mansionibus
643 4421 847 4485 dominarum
875 4419 975 4484 libere
1004 4418 1125 4483 ibidem
1155 4417 1216 4482 deo
1245 4417 1472 4482 famulantium
1500 4423 1658 4485 canonice
1688 4421 1865 4506 dispositis,

222 4522 366 4587 Eimholt
395 4522 537 4587 eiusdem
566 4523 630 4588 loci
660 4522 832 4587 abbatissa
860 4532 891 4586 et
920 4520 1106 4606 praedictus
1135 4520 1267 4585 Ymmat
1296 4532 1388 4607 pater
1419 4524 1487 4588 eius
1517 4546 1590 4588 cum
1621 4527 1687 4589 suis
1709 4527 1865 4594 fratribus

170 4649 202 4694 :as
220 4634 367 4690 nostram
390 4626 539 4691 adierunt
561 4629 795 4711 praesentiam,
831 4634 1000 4710 precantes
1024 4634 1185 4710 quatenus
1208 4624 1337 4689 illorum
1360 4626 1491 4692 traditio
1516 4637 1627 4692 nostro
1651 4629 1867 4696 affirmaretur

221 4739 407 4816 praecepto.
452 4730 521 4795 Nos
545 4752 674 4816 quoque
697 4752 809 4795 eorum
839 4730 986 4814 petitioni
1018 4730 1258 4794 consentientes
1287 4728 1424 4794 eandem
1453 4730 1662 4796 traditionem
1691 4735 1865 4799 autoritate

220 4841 332 4897 nostra
355 4832 594 4898 confirmamus.
639 4832 832 4919 Placuitque
854 4832 951 4897 nobis
974 4842 1009 4898 ut
1031 4843 1219 4918 praesentes
1243 4835 1297 4919 qui
1321 4834 1457 4899 aderant
1480 4837 1642 4920 episcopi:
1671 4836 1865 4903 Wilhelmus

220 4936 462 5019 Moguneensis,
497 4935 706 5000 Burehardus
730 4938 950 5018 Treverensis,
986 4936 1081 5001 Anno
1104 4936 1360 5021 Wormacensis,
1392 4937 1551 5002 Altfridus
1576 4939 1865 5024 Hildeshemonsis,

220 5038 405 5105 Berhardus
434 5039 728 5122 Halverstatcnsis,
763 5039 797 5103 id
825 5042 933 5124 ipsum
964 5062 1023 5103 sua
1052 5041 1227 5105 autoritate
1256 5041 1488 5106 confirmarent
1517 5052 1548 5106 et
1575 5043 1635 5108 sub
1659 5043 1866 5108 anathemate

170 5165 201 5209 to
220 5143 460 5225 interdicerent,
484 5166 525 5208 nc
549 5146 620 5230 quis
644 5145 829 5210 mortalium
850 5148 884 5211 in
909 5147 1093 5232 postfutura
1117 5146 1249 5211 saecula
1273 5145 1417 5210 eiusdem
1440 5145 1598 5211 ecclesiae
1617 5146 1705 5212 bona
1724 5170 1782 5232 per
1796 5150 1863 5211 vio-

219 5247 353 5312 lentiam
381 5247 513 5332 diripiat
541 5248 593 5313 vel
622 5247 743 5313 ibidem
773 5249 833 5314 deo
864 5253 1041 5315 servientes
1065 5261 1181 5315 contra
1204 5271 1333 5314 sacrum
1357 5272 1515 5313 canonem
1538 5252 1572 5313 in
1595 5250 1693 5314 aliam
1715 5273 1865 5315 normam

220 5373 337 5435 cogere
366 5362 561 5436 praesumat.
606 5353 666 5416 His
696 5354 742 5417 ita
765 5355 906 5437 peractis
930 5353 1053 5438 placuit
1077 5353 1263 5418 abbatissae
1286 5364 1318 5418 et
1341 5354 1424 5439 patri
1448 5355 1516 5418 eius
1540 5364 1572 5417 et
1595 5354 1748 5418 fratribus
1772 5377 1864 5439 prae-

219 5453 323 5519 fatum
353 5456 585 5521 monasterium
616 5478 691 5520 cum
720 5456 869 5522 omnibus
898 5457 941 5523 ad
970 5480 1004 5522 se
1033 5457 1268 5544 pertinentibus
1297 5467 1428 5522 nostrae
1459 5456 1596 5522 subdere
1623 5459 1793 5542 potestati,
1824 5480 1861 5521 eo

222 5555 346 5621 scilicet
367 5568 479 5622 tenore
502 5566 537 5622 ut
559 5559 667 5624 nullus
691 5559 873 5626 advocatus
896 5563 958 5625 nisi
981 5561 1036 5646 qui
1059 5585 1101 5626 cx
1124 5583 1235 5626 eorum
1259 5562 1401 5641 germine
1424 5562 1564 5642 venerit,
1594 5559 1714 5624 ibidem
1741 5559 1862 5625 habea-

168 5728 201 5775 40
305 5724 362 5778 434.
389 5726 417 5787 b)
434 5743 575 5795 manopera
592 5730 625 5780 E.

1595 5838 1653 5897 74*
