4298 6414
223 448 264 513 78
819 455 1269 513 KAISERURKUNDEN.

224 636 369 721 episcopi
399 645 431 699 et
457 633 651 719 martyrisl,
686 645 847 720 potestate
875 638 966 720 regia
995 636 1214 701 contuendum
1238 638 1475 720 susciperemus
1498 635 1722 721 allodiumque
1744 644 1777 699 et
1800 636 1868 720 poa·

224 741 385 804 sessiones
413 738 465 801 vel
494 738 606 823 predia
635 761 697 823 que
727 741 789 802 iam
814 739 920 803 dictus
950 739 1054 802 abbas
1086 763 1142 803 seu
1172 740 1222 803 vir
1252 739 1474 805 nobilissimus
1497 740 1600 805 multa
1624 739 1819 825 possederat
1839 750 1869 803 et

223 864 262 905 ea
290 841 388 905 beato
418 842 514 905 Petro
544 841 586 905 ad
616 841 773 905 solacium
803 842 882 906 inibi
910 842 971 906 deo
1003 844 1210 908 servientium
1239 843 1436 925 contulerat,
1471 845 1504 907 in
1533 854 1646 908 nostra
1669 845 1869 929 protectione.

222 955 470 1029 nostrorumque
500 967 725 1009 successorum
748 945 902 1029 deinceps
925 946 1150 1010 consisterent.
1187 946 1257 1010 Nos
1278 969 1356 1010 vcro
1380 949 1474 1011 iustis
1497 958 1530 1010 et
1552 946 1716 1031 religiosis
1739 948 1869 1031 peticio-

221 1047 317 1111 nibus
341 1069 510 1111 assensum
535 1047 706 1131 prebentes
730 1058 762 1110 ct
785 1072 804 1110 a
828 1071 904 1112 vero
928 1058 1170 1113 remuneratore
1193 1072 1251 1134 pro
1275 1049 1337 1114 hoe
1361 1060 1393 1113 et
1415 1050 1489 1113 aliis
1512 1051 1644 1135 pietatis
1673 1050 1897 1113 commertiist

221 1150 403 1215 mercedem
427 1164 605 1235 sperantes,
630 1151 715 1214 idem
739 1153 970 1216 monasterium
994 1174 1067 1216 erun
1087 1152 1237 1217 omnibus
1253 1176 1315 1237 que
1331 1153 1375 1216 ad
1390 1154 1496 1237 ipsum
1513 1154 1686 1237 pertinent,
1711 1153 1745 1215 in
1760 1162 1869 1215 nostra

221 1254 322 1317 tutela
346 1263 503 1339 perpetuo
527 1254 786 1318 conservamlmu
811 1256 1029 1339 suscipimus‘
1053 1265 1085 1318 et
1102 1257 1274 1319 statuimus
1293 1268 1337 1337 ut,
1363 1256 1519 1340 quamdiu
1542 1254 1634 1319 locus
1651 1254 1706 1319 ille
1723 1254 1785 1318 deo
1801 1276 1869 1338 pro·

221 1367 349 1441 tegente.
372 1357 622 1439 inhabitabitur,
653 1374 736 1423 abbas
759 1373 877 1423 eiusdem
900 1358 1027 1422 cenobii
1052 1376 1141 1423 υιιιιιὶιι
1164 1376 1222 1423 iura
1245 1376 1450 1441 imliciariasque
1472 1381 1617 1439 potestates
1641 1377 1668 1423 iu
1693 1374 1759 1423 villa
1781 1374 1869 1423 Brouii

221 1482 247 1523 et
269 1476 296 1525 iu
319 1482 410 1525 samto
435 1477 578 1525 laurentio
601 1462 634 1524 in
657 1460 818 1543 Maitona,
843 1479 869 1525 iu
892 1485 966 1540 parte
990 1485 1048 1526 sua
1071 1494 1150 1543 ‹qiram
1174 1479 1254 1528 habet
1276 1481 1304 1527 iu
1327 1464 1406 1527 Villa
1428 1479 1572 1541 Leubiuas,
1595 1495 1611 1526 ιι
1633 1479 1662 1527 iu
1683 1478 1819 1527 Montiuio
1841 1474 1870 1524 el

222 1580 248 1627 iu
271 1579 458 1641 blerendreclr,
489 1582 515 1628 iu
539 1588 613 1644 parte
636 1589 695 1630 sua
718 1597 797 1646 ιμιιιιιι
819 1581 900 1631 babet
922 1583 949 1630 in
973 1566 1050 1630 Villa
1074 1567 1114 1631 (ld
1137 1565 1318 1643 Emaoaof,
1347 1584 1374 1630 iu
1396 1583 1452 1631 Feu
1475 1581 1592 1641 (lacerta,
1615 1598 1631 1628 ιι
1654 1582 1681 1629 ἰιι
1702 1574 1871 1643 Βοιιιιιι·,ιίιιιιζ
1887 1576 1913 1621 1⁰

780 1665 794 1707 ¹¹
817 1694 945 1735 exercear.
982 1671 1023 1733 Et
1047 1687 1073 1734 io
1097 1686 1148 1734 uiis
1171 1686 1236 1735 loeis
1259 1693 1286 1735 a
1307 1671 1340 1733 in
1365 1669 1514 1734 omuibus
1538 1692 1600 1755 que
1623 1684 1745 1765 possidet
1759 1690 1871 1733 conce-

222 1770 328 1835 dilulls
351 1781 383 1832 et
405 1770 634 1835 confirmaums
657 1774 685 1835 ci
717 1789 833 1837 bannum
863 1797 888 1837 et
917 1790 1049 1837 iusticiam
1079 1791 1204 1853 impetum
1228 1795 1253 1838 et
1276 1789 1398 1838 buriuam
1422 1791 1502 1837 ictmu
1525 1794 1552 1837 et
1573 1790 1732 1854 sarrguincm
1755 1796 1871 1853 repertu·

435 1871 448 1910 lt

222 1678 254 1730 el
277 1685 302 1731 iu
322 1683 435 1732 storiam
457 1683 539 1732 libere
562 1690 588 1732 et
610 1686 768 1747 potestative

222 1872 296 1937 rami
319 1890 422 1953 pirgum
471 1892 570 1952 regium
594 1891 651 1939 fora
673 1891 791 1940 thelonia
815 1894 1026 1941 vicecomitatum
1041 1910 1058 1939 s
1074 1894 1189 1955 irrigaris
1213 1899 1313 1942 rectum
1337 1900 1363 1942 et
1386 1909 1438 1940 nou
1462 1898 1562 1941 rectum
1586 1892 1731 1956 vectigalia
1753 1901 1778 1941 et
1798 1891 1872 1956 quid-

220 1993 284 2056 quid
307 1995 420 2056 pertinet
442 1993 474 2041 ad
499 1994 642 2042 liulicatum
668 1996 845 2059 iutegritatem
869 1996 1014 2060 reipublice
1037 1996 1288 2045 eti1u·oloniitateui
1311 1991 1344 2044 el
1367 1997 1524 2060 carrrpestria
1544 2002 1571 2045 et
1588 1996 1723 2046 silvestria
1743 1997 1802 2045 iura
1818 2014 1833 2042 a
1849 2005 1872 2044 ct

221 2098 393 2146 ruortimanus
415 2113 477 2146 sucis
500 2104 525 2146 et
547 2099 751 2147 abumtrimouia
767 2117 784 2146 s
802 2106 854 2148 tam
878 2100 960 2149 libere
984 2086 1015 2148 in
1040 2087 1271 2169 selllpiterllllnl
1294 2099 1442 2163 possideat,
1470 2101 1540 2148 sicut
1561 2099 1688 2148 lriridator
1711 2100 1798 2163 ipsius
1822 2099 1914 2147 loelli

221 2200 305 2249 nobili
328 2202 451 2265 prosapia
474 2207 581 2250 exortus
599 2219 614 2249 s
634 2207 693 2251 suite
716 2205 915 2252 conversionem
939 2218 1013 2252 stiam
1037 2203 1190 2267 possederat
1207 2221 1237 2266 s,
1261 2220 1309 2253 uec
1332 2205 1367 2251 sit
1388 2205 1433 2267 qui
1457 2210 1589 2268 presmuat
1614 2204 1713 2253 inicere
1732 2218 1828 2252 suarius
1847 2204 1872 2250 iu

203 2319 311 2353 »servos
334 2311 360 2352 et
382 2304 493 2353 armillas
508 2322 524 2352 s
540 2304 651 2354 ecclesie
668 2304 710 2353 vel
734 2305 760 2354 iu
784 2306 902 2357 lromiues
925 2308 1109 2357 cohabitantes
1132 2310 1159 2356 iu
1183 2309 1254 2357 ouini
1278 2309 1361 2371 ipsius
1384 2309 1590 2371 piaememoriae
1614 2291 1672 2354 sed
1691 2307 1742 2355 soli
1761 2306 1873 2355 ecclesie

221 2406 300 2455 liceat
326 2413 439 2457 tractare
466 2408 575 2471 pacifice
598 2408 630 2457 de
653 2409 776 2457 ouuuhus
799 2411 924 2474 predictis
948 2413 1061 2476 negotiis
1084 2413 1184 2475 absque
1207 2411 1359 2475 calumpnia
1381 2411 1495 2459 alicuius
1518 2393 1600 2460 sere¹
1624 2411 1784 2473 tyrannidis.
1820 2410 1874 2459 Nec

222 2512 256 2559 sit
278 2514 322 2575 qui
347 2511 512 2561 contradicat
540 2512 600 2562 lmic
629 2519 717 2562 nostre
742 2500 829 2581 regit·
853 2517 1051 2571 constitutioni,
1085 2515 1204 2579 alioquin
1227 2515 1249 2563 si
1271 2516 1331 2579 quis
1353 2532 1369 2562 ιι
1392 2501 1423 2562 ill
1447 2498 1508 2562 hoe
1532 2515 1680 2563 obviaverit
1704 2521 1795 2563 nostre
1820 2521 1872 2563 vt)-

223 2598 355 2679 lrmtati,
388 2602 515 2663 noverit
544 2624 602 2685 pro
633 2614 722 2665 certo
754 2626 825 2664 sese
854 2606 998 2686 graviter
1026 2616 1169 2668 nostram
1201 2606 1363 2667 incurrere
1392 2603 1548 2666 offensam
1572 2612 1604 2665 ct
1633 2625 1829 2687 suspensum
1854 2625 1874 2663 a
1891 2614 1913 2658 a

222 2704 328 2785 gratia
351 2715 383 2766 et
405 2703 623 2768 benivolentia
652 2717 774 2771 uestra.
813 2706 1091 2793 successoresque
1115 2719 1244 2771 nostros
1267 2715 1489 2770 contestamur
1510 2707 1695 2769 coulbrmes
1718 2717 1752 2768 et
1775 2706 1873 2769 coad-

223 2807 344 2868 iutores
361 2808 429 2870 fore
445 2809 478 2870 in
493 2806 677 2872 huiusmodi
697 2808 905 2889 stabilitioue,
929 2822 965 2873 ut
989 2797 1198 2895 imperatoria
1222 2808 1380 2893 dignitate
1403 2809 1557 2873 roborata
1582 2812 1651 2873 sine
1673 2812 1779 2889 ruina,
1805 2811 1873 2873 siue

224 2907 442 2985 vacillatione,
467 2911 535 2973 sinc
559 2911 696 2975 alicuius
720 2913 804 2977 male
829 2915 1021 2977 inem-sionis
1046 2912 1239 2977 otl'emliculo
1264 2924 1455 2998 perpetuum
1479 2914 1571 2976 tirma
1595 2912 1689 2977 duret
1713 2915 1745 2976 iu
1766 2936 1873 2976 evum.

222 3012 374 3076 Preterca
403 3015 479 3097 quia
510 3012 601 3077 locus
631 3015 683 3079 ille
712 3018 862 3080 crursistit
892 3019 924 3079 iu
951 3018 1103 3080 viciniam
1127 3017 1225 3079 castri
1250 3017 1482 3092 Nanmccusis,
1518 3039 1690 3102 precamur
1720 3017 1873 3081 coniitem

222 3115 360 3180 Namuci
384 3119 468 3181 sicut
489 3117 618 3183 fidelem
642 3129 673 3182 et
696 3122 836 3185 amicum
861 3131 1017 3199 nostrum,
1041 3131 1076 3183 ut
1100 3122 1264 3204 particeps
1287 3119 1456 3184 uobiscum
1474 3122 1595 3183 existat
1615 3121 1717 3205 ipsius
1734 3120 1872 3183 ecclesie
1891 3126 1913 3171 ‘2³'

225 3223 407 3285 orationum
425 3232 456 3285 et
472 3232 581 3306 grates
598 3246 617 3286 a
635 3223 695 3287 deo
716 3234 747 3288 ot
772 3222 900 3287 laudem
924 3247 943 3286 a
966 3222 1061 3287 uobis
1084 3222 1221 3287 habeat:
1246 3225 1271 3287 si
1295 3232 1423 3307 tempus
1446 3232 1503 3285 aut
1526 3246 1578 3285 res
1601 3223 1872 3307 expostulaverit,

223 3336 309 3387 recta
334 3348 432 3389 mauu
455 3335 487 3388 et
511 3350 586 3390 vero
610 3326 733 3391 arixilio
759 3327 981 3391 subministret
1004 3326 1140 3391 ecclesie
1165 3350 1259 3411 opem
1283 3328 1332 3390 sui
1356 3325 1525 3406 adiutorii3
1555 3328 1580 3389 si
1604 3348 1684 3389 vero
1708 3325 1873 3390 diabolica

223 3430 374 3492 suasione
399 3431 552 3492 incitatus
576 3432 754 3494 excesserit
778 3431 808 3494 iu
832 3430 995 3514 aliquibus
1019 3430 1190 3493 ecclesiam
1217 3431 1403 3514 opprimens
1438 3431 1571 3510 iniuste,
1607 3452 1680 3493 cum
1705 3432 1745 3493 sit
1771 3429 1873 3493 libera

222 3540 254 3593 et
272 3555 323 3595 res
342 3533 444 3615 ipsius
467 3536 659 3607 auctentica
686 3535 710 3596 si
735 3533 779 3597 ad
802 3544 947 3597 iiostram
972 3535 1167 3617 presentiam
1191 3533 1307 3596 tratres
1331 3532 1505 3596 detulerint
1528 3534 1774 3617 querimoniam,
1799 3557 1873 3597 cou-

223 3633 328 3699 sulam
351 3637 398 3697 eis
422 3646 454 3697 et
478 3635 623 3700 liberabo
647 3660 704 3699 eos
727 3635 769 3699 ab
800 3639 1022 3721 oppressione.
1064 3636 1133 3698 lloc
1166 3646 1354 3720 preceptum
1384 3659 1442 3720 pro
1471 3647 1582 3699 eterna
1612 3638 1873 3701 remuneratione
1891 3664 1911 3708 3·

224 3736 370 3820 predicto
394 3741 591 3803 monasterio
615 3739 683 3803 lieri
709 3742 861 3803 iussimus
884 3762 942 3823 per
965 3738 1052 3823 quial
1076 3741 1290 3823 imperamus,
1323 3750 1357 3802 ut
1380 3763 1418 3802 cia
1443 3744 1505 3824 ique
1528 3762 1547 3802 a
1572 3740 1698 3823 prefato
1723 3739 1872 3802 (ierardo

223 3841 267 3904 ad
290 3852 437 3906 sanctum
463 3843 568 3907 locutu
593 3842 643 3907 vel
667 3867 729 3928 qim
753 3844 906 3927 deinceps
930 3866 950 3905 a
973 3842 1123 3905 fidelibus
1147 3842 1331 3906 eluistiauis
1360 3842 1463 3906 eidem
1494 3841 1614 3906 collata
1643 3843 1780 3915 fuerint,
1811 3844 1872 3907 lia·

223 3956 289 4008 trcs
313 3946 414 4029 ipsius
438 3946 500 4010 loci
524 3970 597 4012 cum
627 3948 848 4032 tranquilitate
879 3971 936 4033 per
964 3948 1071 4011 secula
1097 3949 1231 4010 tirmiter
1253 3946 1395 4010 habeant
1418 3956 1550 4010 teneant
1572 3958 1605 4010 et
1628 3946 1820 4031 possideant
1842 3958 1873 4009 et

224 4071 281 4133 pro
307 4049 410 4112 salute
433 4062 546 4114 nostra
569 4061 667 4136 atque
692 4051 870 4115 stabilitate
893 4054 999 4115 tocius
1028 4053 1116 4134 regui
1147 4051 1402 4114 miscricordiam
1434 4050 1556 4114 domiui
1586 4052 1703 4134 iugiter
1725 4062 1872 4114 exorent.

224 4151 266 4213 Et
295 4162 330 4214 ut
358 4174 416 4236 per
444 4154 686 4219 succedentium
716 4166 899 4239 temporum
927 4154 1088 4218 curricula
1116 4156 1224 4216 verius
1253 4153 1406 4217 credatur
1428 4164 1459 4216 et
1482 4155 1643 4217 atteucius
1671 4153 1872 4232 observetur,
1891 4176 1912 4221 a·

224 4254 319 4335 sigilli
355 4259 455 4319 uestri
491 4259 702 4341 impressione
736 4257 1030 4321 corroboravimus.
1074 4259 1158 4336 Quia
1193 4279 1269 4319 vero
1305 4257 1407 4321 isdem
1442 4257 1492 4321 dci
1528 4257 1669 4322 faumlus
1704 4258 1873 4322 Gerardus

224 4360 420 4440 presentiam
445 4359 553 4423 domui
578 4383 663 4446 pape
687 4363 718 4425 iu
748 4361 846 4424 corde
877 4383 935 4424 suo
965 4361 1134 4444 proposuit
1147 4370 1160 4396 ¹¹
1188 4360 1279 4423 adire
1309 4372 1340 4423 et
1369 4360 1412 4424 ad
1442 4361 1660 4425 roborandam
1690 4359 1874 4425 libertatem

223 4460 412 4524 Brouicusis
436 4462 573 4527 ecclesie
596 4465 638 4528 ab
663 4466 734 4550 ipso
765 4464 934 4548 privilegia
964 4463 1033 4527 vult
1063 4475 1232 4547 expetere,
1266 4463 1460 4528 mandamus
1490 4466 1574 4549 patri
1604 4477 1715 4529 nostro
1748 4488 1874 4530 smumo

224 4565 369 4645 pontifici
387 4574 420 4628 ut
437 4566 643 4631 traditionem
667 4590 765 4652 quam
789 4567 829 4630 dc.
853 4566 967 4630 eodem
992 4566 1063 4629 loco
1088 4566 1245 4651 imperiali
1270 4570 1438 4631 sanximus
1461 4568 1666 4647 carretiiritate,
1689 4568 1874 4653 apostolica

223 4667 391 4730 coulirumt
421 4668 661 4753 benedictione,
696 4681 732 4734 ut
762 4671 988 4735 observatores
1018 4681 1127 4733 nostre
1157 4672 1374 4755 preceptionis
1398 4673 1537 4753 gratiam
1561 4682 1593 4734 et
1615 4673 1874 4737 misericordiam
1890 4698 1911 4744 a

221 4771 388 4856 vitamque
413 4774 641 4857 sempiternam
654 4786 666 4809 ⁰
695 4774 799 4838 adeo
824 4784 1074 4859 consequantur.
1119 4775 1181 4854 Qui
1211 4783 1319 4837 autem
1350 4798 1391 4837 cx
1422 4774 1483 4838 lriis
1517 4797 1578 4859 que
1608 4774 1770 4860 prelibata
1800 4785 1874 4840 suut

222 4874 398 4959 quidquam
424 4877 548 4941 irritum
572 4877 684 4940 fecerit
706 4876 757 4939 vel
782 4878 956 4961 infregerit,
980 4875 1197 4941 indissolubili
1221 4878 1439 4941 anathematis
1463 4878 1592 4941 viuculo
1621 4880 1874 4963 constringatur,

222 4977 282 5039 uisi
307 4980 478 5063 resipuerit
502 4991 533 5042 ct
556 4981 729 5063 penituerit
752 4991 782 5043 et
806 4981 848 5044 ab
872 4980 992 5044 abbate
1016 4989 1048 5042 et
1071 4979 1225 5043 fratribus
1249 4982 1375 5044 veniam
1409 4982 1620 5065 promeruerit
1646 4981 1741 5045 etde
1765 4994 1874 5045 cetero

223 5082 453 5146 enieudaverit.

325 5321 366 5375 4³.
394 5324 422 5379 d)
441 5331 465 5371 et
485 5341 518 5372 ιιι.
530 5323 600 5386 selrlt
618 5323 685 5373 aaa
782 5344 806 5385 e}
826 5328 989 5390 suscmsimus
1010 5325 1034 5374 B
1132 5326 1153 5375 sl
1173 5326 1296 5374 llrmeton
1318 5323 1341 5373 0
1428 5325 1456 5387 gi
1474 5324 1610 5374 Roriicrius
1630 5324 1662 5379 B,
1682 5325 1835 5376 Romereias
1856 5325 1880 5376 0
1892 5332 1906 5379 l

393 5392 420 5440 lo
440 5392 500 5449 Bc,
529 5392 677 5458 paciliceA
771 5397 791 5451 i)
810 5401 970 5458 reperturum
992 5392 1025 5454 0,·
1052 5394 1096 5443 aa
1119 5396 1147 5443 -ιίι
1165 5392 1439 5455 Ilercanpe-Heuselrel
1460 5410 1481 5441 a.
1499 5411 1522 5441 e.
1544 5408 1639 5456 pesque
1664 5393 1875 5459 corperclrlaqeuae

395 5460 565 5510 Errreudatioa
584 5469 716 5525 rupturam
734 5461 801 5510 saecla
819 5462 866 5511 der
883 5463 911 5512 U.
930 5481 987 5513 eoric
1004 5463 1029 5513 J.
1050 5466 1109 5512 nar
1127 5466 1159 5511 ist
1177 5480 1220 5512 am
1237 5479 1265 5510 so
1283 5464 1393 5523 rceaiqer
1410 5460 1507 5520 sicher,
1525 5462 1561 5510 do
1578 5462 1648 5511 ‹ttese
1664 5478 1715 5510 ares·
1733 5464 1762 5510 in
1773 5462 1873 5525 sedler-

393 5528 488 5591 distem
506 5530 628 5579 Abdrucl:
645 5531 750 5594 oca-taor
837 5532 866 5590 k)
885 5531 1038 5597 pcrgumO
1128 5534 1145 5585 ll
1167 5532 1199 5591 B,
1218 5534 1274 5580 sive
1293 5531 1341 5579 Ae
1427 5536 1461 5583 uri
1481 5530 1536 5585 ΒΝ,
1556 5531 1682 5579 ricimiri
1772 5540 1801 5589 n)
1821 5533 1872 5583 dis-

394 5600 481 5662 posuit
502 5598 525 5647 0
617 5599 644 5665 o)
664 5609 796 5649 aeternam
817 5600 844 5649 ζ’.
