4500 6420
1000 452 1125 509 ΟΤΤΟ
1147 454 1169 508 l.
1196 449 1267 510 965.
1893 444 1954 510 401

310 635 509 699 monasteria
531 633 592 699 deo
616 643 648 699 et
671 635 793 699 sanctis
816 634 885 699 eius
908 634 1017 698 dicata
1041 634 1084 698 ad
1107 633 1367 699 conservandum
1385 642 1520 698 sauctae
1538 634 1705 718 religionis
1724 645 1845 701 statum
1862 638 1956 701 novis

311 759 439 823 semper
461 738 640 822 privilegiis
664 747 779 803 contra
802 759 915 802 omnes
938 739 1170 802 insectantium
1192 738 1393 802 incursiones
1412 741 1616 804 muniantur:
1640 739 1762 804 idcirco
1779 762 1839 805 nos
1861 740 1956 805 inter·

309 851 409 907 ventu
432 841 571 907 dilectae
594 843 742 926 coniugis
764 851 896 907 nostrae
919 837 1158 922 Adalheidael,
1181 840 1286 904 fidelis
1309 836 1408 907 etiam
1430 845 1532 907 nostri
1555 842 1794 928 archiepiscopi
1811 842 1956 908 Wilelmi

310 947 419 1030 regiae
441 955 573 1011 nostrae
595 947 799 1012 auctoritatis
822 947 980 1029 scriptum
1003 946 1071 1008 sive
1094 953 1306 1029 praeceptum
1328 946 1496 1011 monachis
1520 946 1581 1011 deo
1606 956 1785 1032 sanctoque
1806 947 1954 1031 Remigio

276 1051 430 1114 oeximio
454 1049 657 1114 Francorum
687 1048 814 1114 doctori
844 1048 905 1113 sub
935 1047 1074 1132 regulari
1105 1047 1278 1133 disciplina
1305 1049 1339 1112 in
1363 1049 1519 1115 suburbio
1542 1050 1718 1115 Remorum
1740 1050 1955 1116 militantibus

311 1149 389 1217 clim
416 1173 437 1215 a
465 1151 560 1216 nobis
590 1162 666 1216 anto
696 1173 890 1218 eoncessum
917 1151 1118 1235 imperatorii
1147 1151 1246 1216 etiam
1267 1154 1408 1218 nominis
1431 1156 1626 1219 auctoritate
1649 1177 1669 1218 a
1692 1154 1753 1219 deo
1777 1163 1956 1239 sanctoque

309 1255 404 1319 Petro
428 1253 524 1320 nobis
547 1253 668 1319 collata
690 1254 845 1319 roborare
869 1255 1082 1319 decrevimus.
1116 1253 1212 1318 Unde
1227 1253 1379 1320 volumus
1395 1267 1427 1321 et
1447 1257 1580 1322 firmiter
1602 1257 1750 1322 iubemus
1773 1267 1809 1321 ut
1831 1267 1955 1323 curtem

310 1357 410 1425 Coela
439 1368 591 1425 vocatam
622 1382 696 1425 cum
724 1359 875 1424 omnibus
905 1359 1102 1445 appenditiis
1133 1360 1199 1423 suis
1228 1359 1272 1423 ad
1302 1361 1352 1424 ius
1381 1369 1413 1424 et
1441 1362 1672 1444 proprietatem
1700 1359 1844 1425 eiusdem
1866 1360 1955 1426 beati

309 1463 447 1547 Remigii
470 1466 694 1547 pertinentem,
718 1464 803 1528 infra
825 1464 916 1548 regni
939 1465 1041 1528 nostri
1066 1465 1221 1527 terminos
1245 1465 1466 1545 constitutam,
1490 1486 1588 1549 quam
1609 1464 1759 1529 omnibus
1774 1473 1860 1529 retro
1877 1473 1955 1530 tem·

261 1583 291 1630 10
310 1566 443 1653 poribus
475 1566 534 1631 sub
567 1565 830 1631 antecessoribus
861 1568 981 1631 nostris
1010 1565 1254 1630 beneficiariam
1286 1588 1345 1651 pro
1375 1576 1462 1633 statu
1492 1576 1524 1631 et
1551 1567 1774 1632 incolumitate
1802 1568 1893 1652 regni
1923 1577 1955 1631 et

309 1671 435 1753 imperii
458 1671 561 1734 nostri
583 1691 645 1733 nos
668 1668 711 1732 ad
734 1691 828 1733 usum
852 1669 1010 1755 praedicti
1034 1669 1183 1734 coenobii
1206 1671 1389 1736 remisimus
1412 1681 1445 1736 et
1467 1670 1687 1753 absolvimus,
1721 1671 1874 1736 monachi
1896 1671 1954 1736 ibi-

310 1771 383 1835 dem
407 1771 467 1836 deo
491 1781 523 1835 et
547 1781 660 1837 sancto
684 1772 831 1855 Remigio
856 1771 1051 1837 famulantes
1074 1771 1199 1858 absque
1228 1771 1325 1838 ullius
1354 1771 1614 1837 contradictione
1643 1781 1775 1836 teneant
1798 1780 1830 1835 et
1852 1774 1955 1856 possi-

309 1871 409 1939 deant
431 1884 463 1938 et
486 1874 640 1961 quicquid
663 1875 810 1939 utilitatis
834 1875 953 1940 exinde
975 1878 1169 1960 provenerit,
1193 1877 1261 1940 suis
1284 1885 1320 1939 ut
1342 1876 1471 1941 libuerit
1492 1875 1605 1940 usibus
1623 1875 1813 1959 adiungant.
1837 1874 1955 1939 Nullus

309 1982 407 2045 etiam
423 1979 523 2044 iudex
538 1980 590 2045 vel
607 1981 788 2046 advocatus
804 1981 879 2045 hinc
903 1979 1027 2065 aliquid
1050 1981 1203 2065 exigendi
1227 1979 1348 2045 habeat
1370 1989 1576 2063 potestatem,
1599 1980 1661 2043 nisi
1678 1989 1834 2065 quantum
1851 1978 1954 2043 abbas

259 2098 291 2145 15
309 2092 366 2147 aut
389 2084 539 2148 monachi
562 2084 707 2149 eiusdem
729 2082 879 2148 coenobii
903 2083 1051 2147 dederint
1066 2083 1118 2148 vel
1136 2085 1350 2168 permiserint.
1384 2082 1429 2145 Et
1451 2091 1487 2145 ut
1508 2082 1571 2146 lroe
1594 2092 1726 2146 nostrae
1749 2082 1954 2146 auctoritatis

309 2197 519 2271 praeceptum
541 2185 670 2251 firmum
692 2196 725 2251 et
748 2186 864 2251 stabile
887 2197 1090 2271 permaneat,
1118 2186 1203 2250 hanc
1227 2186 1374 2250 chartam
1398 2185 1560 2249 conscribi
1582 2195 1615 2248 ot
1637 2185 1749 2249 annuli
1771 2186 1875 2249 nostri
1898 2187 1955 2249 im·

309 2292 477 2374 pressione
500 2291 622 2374 signari
645 2291 814 2372 iussimus,
838 2311 937 2375 quam
960 2299 992 2353 et
1015 2291 1148 2375 propria
1170 2312 1269 2353 manu
1292 2288 1403 2353 subter
1424 2288 1635 2354 firmavimus.

413 2427 550 2512 Signum
572 2426 695 2491 domini
720 2425 851 2491 Ottonis
877 2427 986 2511 magni
1010 2435 1043 2491 et
1065 2427 1271 2490 invictissimi
1293 2428 1510 2511 imperatoris.
1581 2448 1584 2455 ·

412 2530 609 2595 Liudolfus⁰
630 2530 846 2596 cancellarius
870 2530 1019 2595 advicem
1042 2531 1206 2594 Brunonis
1230 2530 1484 2615 archicapellani
1508 2531 1694 2614 recognovi.

258 2683 292 2728 20
411 2668 501 2732 Data
525 2687 557 2732 x.
580 2668 712 2733 kalend.
735 2669 813 2733 iunii
838 2692 923 2733 anno
948 2667 1070 2733 domini
1094 2669 1328 2732 incarnationis
1352 2685 1543 2749 nccccnxv,
1566 2666 1743 2730 indictione
1763 2683 1827 2729 V111
1833 2715 1842 2747 ,
1867 2687 1952 2729 anno

308 2782 416 2835 autem
433 2772 554 2836 domini
571 2771 701 2837 Ottonis
716 2790 801 2854 xxx,
824 2772 950 2857 imperii
965 2795 1042 2836 vcro
1059 2789 1129 2853 11113
1153 2782 1262 2836 actum
1277 2770 1457 2855 Ingelhcim
1475 2773 1508 2834 in
1526 2770 1667 2854 palatio,
1691 2771 1725 2832 iu
1748 2768 1799 2833 dei
1823 2770 1954 2833 nomine

309 2898 414 2940 amen.

1089 3080 1175 3153 287.

318 3235 398 3310 Otto
424 3237 568 3334 verfttpt
593 3237 675 3309 duas
701 3236 759 3309 die
781 3236 892 3308 Leute
918 3235 978 3308 des
1001 3236 1163 3308 Klosters
1189 3235 1436 3333 Weisseaburp
1459 3232 1589 3307 diosa-ua
1611 3233 1719 3306 olleia
1742 3232 1889 3304 Diensta
1911 3258 1956 3304 zu

258 3384 291 3432 as
310 3356 431 3429 leviatan
456 3356 582 3429 buben.
1501 3374 1661 3447 Inpettean
1684 3374 1746 3432 965
1772 3372 1838 3429 Μαι·
1858 3375 1910 3431 23.

411 3584 503 3641 Liber
519 3584 598 3655 priv.
624 3583 945 3655 Weissenburocasiam
967 3600 1031 3640 rum
1054 3582 1087 3641 J.
1112 3584 1196 3642 1580
1219 3581 1243 3652 f.
1268 3583 1286 3640 4
1310 3582 1352 3638 im
1373 3581 1401 3641 a.
1424 3581 1451 3637 lc.
1476 3580 1515 3638 H.
1539 3579 1579 3637 H.
1604 3578 1669 3637 aad
1692 3578 1895 3637 Stuotsorclrio
1915 3595 1958 3636 aa

419 3688 504 3746 Wiert
526 3685 590 3765 (B).

412 3842 541 3900 marteri
559 3838 693 3899 Censura
710 3839 882 3912 deplorantis
899 3837 1032 3900 Guroliai-
1048 3843 1088 3898 40
1110 3845 1145 3896 a⁰
1161 3844 1179 3898 4
1203 3840 1423 3913 aarollstctadip
1438 3857 1494 3898 aas
1510 3839 1547 3897 B.
1571 3872 1614 3880 -
1637 3838 1786 3909 Schtprlr'u
1801 3834 1863 3895 Ars.
1880 3835 1953 3908 dipl.

412 3951 441 4015 1,
467 3948 529 4002 118
551 3950 585 4002 u⁰
609 3947 671 4002 146
700 3962 756 4002 aas
785 3943 900 4002 damula
928 3947 961 4003 ia
989 3944 1195 4017 Woisscabury
1222 3943 1423 4014 bed-ruditatem
1449 3940 1585 4013 Or·iqinul
1606 3937 1667 4018 (A).
1691 3973 1734 3981 —
1754 3939 1837 3998 Mora.
1861 3938 1955 3996 Boica

414 4054 480 4119 31⁰,
503 4053 567 4109 200
589 4053 622 4106 u⁰
645 4052 706 4107 104
729 4066 785 4106 aas
808 4048 872 4106 rtem
889 4046 985 4107 Codex
1007 4044 1218 4118 Rauennam
1241 4063 1305 4103 com
1328 4045 1361 4104 J.
1385 4047 1479 4104 1582.
1504 4077 1545 4085 —-
1568 4043 1697 4101 Bolrmer
1719 4044 1791 4116 Περ.
1814 4045 1888 4103 292.
1913 4073 1954 4083 -·

413 4152 542 4225 Sturnpf
558 4153 631 4225 Rea.
656 4155 728 4213 365.

414 4305 548 4376 Ver-susat
570 4306 634 4365 aad
656 4305 893 4365 wulrsclreinliclr
914 4305 989 4363 auctr
1008 4304 1194 4376 ycscbricbea
1216 4320 1272 4360 oon
1293 4302 1364 4361 LH.

514 4506 553 4569 In
577 4509 706 4572 nomine
730 4515 863 4571 sanctae
886 4516 918 4569 et
940 4505 1126 4571 individuae
1145 4505 1308 4570 trinitatis.
1342 4502 1421 4569 Otto
1438 4504 1550 4568 divina
1565 4503 1764 4568 concedente
1782 4501 1954 4567 clementia

310 4612 485 4694 imperator
501 4619 669 4692 augustus.
756 4610 893 4673 Noverit
909 4611 1053 4673 omnium
1067 4608 1212 4672 fidelium
1230 4617 1417 4672 nostrorum
1440 4617 1507 4671 tam
1529 4607 1729 4690 presentium
1753 4627 1851 4690 quam
1872 4605 1956 4669 futu·

258 4727 291 4773 ao
310 4735 419 4776 rorum
443 4713 618 4793 industria,
650 4711 788 4797 qualiter
810 4735 870 4776 nos
892 4735 1015 4777 morem
1039 4722 1283 4776 antecessorum
1303 4720 1490 4775 nostrorum
1512 4731 1625 4793 regum
1648 4707 1700 4771 vel
1722 4709 1954 4791 imperatorum

311 4824 481 4900 sequentes
505 4814 682 4879 aecclesias
704 4814 757 4879 vel
787 4817 985 4879 monasteria
1014 4816 1098 4879 infra
1127 4816 1218 4899 regni
1248 4815 1351 4878 nostri
1381 4813 1535 4878 terminos
1563 4813 1598 4875 in
1626 4810 1785 4875 honorem
1808 4810 1858 4873 dei
1882 4832 1956 4875 con-

311 4928 433 4983 structa
455 4921 575 4983 nostris
599 4921 697 4984 etiam
720 4920 881 5004 preceptis
904 4927 937 4982 et
959 4917 1137 5004 privilegiis
1159 4916 1315 4982 roborare
1338 4915 1552 4980 decrevimus.
1590 4913 1686 4978 Unde
1715 4935 1774 4997 pro
1807 4922 1894 4979 statu
1923 4922 1956 4977 ot

310 5022 532 5088 incolumitate
555 5025 645 5107 regni
668 5022 720 5086 vel
751 5024 879 5106 imperii
908 5023 1026 5102 nostri,
1060 5031 1178 5105 rogatu
1205 5019 1413 5085 dilectissime
1436 5030 1546 5085 nostre
1569 5020 1716 5101 coniugis
1741 5016 1955 5082 adalheidis*

311 5129 483 5191 statuimus
514 5136 545 5190 et
573 5126 737 5208 iubemus,
768 5136 804 5191 ut
833 5127 916 5190 servi
940 5122 991 5188 vel
1021 5122 1076 5187 lidi
1099 5122 1151 5188 vel
1180 5123 1288 5188 coloni
1310 5123 1363 5188 vel
1392 5124 1447 5209 qui
1477 5121 1627 5186 dicuntur
1653 5119 1782 5185 fiscales
1805 5121 1858 5184 vel
1881 5143 1954 5185 cen-

259 5249 293 5296 4ο
312 5230 420 5295 sualcs
456 5231 509 5316 qui
543 5231 576 5293 iu
605 5231 804 5316 proprietate
832 5229 920 5294 beati
948 5227 1036 5290 Pctri
1065 5226 1291 5313 apostolomm
1318 5229 1474 5313 principis
1501 5229 1534 5290 in
1563 5225 1696 5290 abbatia
1724 5223 1954 5310 Uuizinburgb

311 5332 361 5396 vel
384 5332 580 5418 ubicumque
602 5341 844 5397 commorantur
867 5340 898 5395 et
919 5330 1086 5414 habitant,
1121 5354 1178 5397 seu
1200 5332 1244 5398 ad
1273 5355 1355 5419 opus
1384 5331 1619 5397 monachorum
1653 5330 1863 5396 deserviantc
1896 5354 1954 5396 seu

309 5434 460 5499 fidelibus
490 5436 609 5499 nostris
639 5434 846 5499 beneficiales
875 5435 1035 5517 existant,
1065 5433 1108 5498 ad
1130 5435 1254 5500 nullam
1277 5435 1377 5500 aliam
1400 5437 1565 5501 civitatem
1587 5431 1664 5499 vel‘1
1692 5432 1864 5498 castellum
1887 5457 1954 5500 mu·

395 5621 454 5677 28⁸.
482 5626 510 5690 b)
527 5624 693 5678 Adalherdec
711 5626 738 5677 B
840 5629 864 5688 e)
883 5625 1017 5677 Hudolius
1035 5625 1069 5678 B.

396 5726 455 5782 287.
484 5727 638 5797 [Heraberg]
735 5732 761 5796 a)
780 5729 934 5782 Adelheidis
952 5728 979 5779 B
1064 5731 1091 5796 b)
1108 5730 1299 5796 weissenburg
1317 5730 1344 5781 B
1430 5731 1455 5793 c)
1475 5729 1508 5793 Β,
1527 5725 1719 5781 deserviuntrl
1806 5727 1835 5794 d)
1853 5744 1901 5779 sou
1920 5728 1954 5779 B.

360 5839 547 5883 moimmsen
560 5840 578 5882 1.
1498 5878 1507 5887 ,,
1709 5838 1746 5895 51
