4500 6420
1005 472 1130 530 ΟΤΤΟ
1153 475 1176 529 I.
1202 471 1273 529 962.
1895 463 1960 530 355

313 656 459 740 episcopi
490 653 665 740 dilectique
695 655 797 718 nostri
825 654 989 718 fidelicis⁸
1018 676 1076 739 pcr
1097 653 1181 717 hanc
1205 656 1309 719 nostri
1331 656 1474 740 precepti
1498 654 1668 738 paginam,
1698 663 1794 737 prout
1823 654 1906 718 iuste
1929 662 1961 717 et

316 757 475 843 [legaliter
497 780 681 843 possumus,
705 757 926 841 concedimus]
952 756 1183 822 confirmamus
1206 767 1238 822 et
1260 757 1495 822 coroboramus
1518 757 1654 822 ecclesie
1673 767 1784 821 sancte
1803 756 1855 822 dei
1871 757 1961 840 geni-

312 863 402 927 tricis
430 870 462 925 et
484 861 618 945 virginis
647 860 750 925 Maric
772 859 923 926 Astensis
951 861 1109 946 episcopii
1139 868 1235 945 atque
1263 860 1350 924 beati
1380 857 1537 942 Secundi,
1571 860 1627 925 ubi
1657 859 1802 926 eiusdem
1831 882 1959 926 sacrum

314 987 433 1050 corpus
458 964 553 1049 digne
577 973 609 1028 et
630 972 814 1029 reverenter
835 964 1004 1028 humatum
1027 965 1160 1048 quiesit,
1184 966 1236 1029 cui
1262 962 1404 1049 [preesse
1426 963 1555 1030 videtur
1576 964 1791 1048 Brulningu[s
1813 964 1959 1048 ve]nera-

280 1069 389 1134 abilis
412 1070 586 1154 episcopus
608 1076 782 1153 nosterque
806 1066 943 1132 dilectus
966 1064 1081 1148 fidelis,
1106 1088 1218 1131 omnes
1241 1067 1354 1152 plebes
1374 1067 1504 1132 abatias
1519 1078 1626 1133 cortes
1642 1066 1818 1133 senedohia
1834 1089 1960 1132 omncs·

313 1195 375 1260 quc
397 1194 449 1236 res
473 1181 505 1236 ct
527 1172 695 1257 utriusque
718 1192 881 1257 sexusque
904 1171 1047 1236 familias
1075 1172 1137 1235 iuri
1163 1171 1309 1237 eiusdem
1332 1172 1487 1256 ecclesie;
1520 1175 1653 1259 insuper
1674 1174 1777 1238 nostri
1799 1171 1959 1258 imperiali

312 1277 507 1342 hoctoritate
530 1275 761 1341 confirmamus
783 1275 888 1340 eidem
912 1274 1049 1339 ecclesie
1074 1277 1184 1340 omnia
1198 1274 1396 1361 plrivissegia
1411 1287 1509 1364 atque
1527 1276 1707 1363 [pre]cepta
1721 1286 1789 1342 tam
1803 1297 1824 1339 a
1838 1278 1959 1341 nostris

313 1380 557 1467 precessoribus
581 1401 733 1466 quanque
755 1401 776 1444 a
797 1379 894 1445 nobis
918 1380 1048 1445 conlata
1078 1381 1296 1466 precipueque
1324 1378 1396 1444 illut
1422 1402 1481 1465 per
1503 1381 1590 1465 quod
1612 1379 1760 1465 predicta
1782 1388 1887 1444 mater
1908 1400 1959 1443 ec-

313 1485 413 1571 clesia
440 1485 510 1549 iure
538 1484 753 1568 proprietario
786 1483 967 1548 districtum
996 1494 1174 1549 mercatum
1197 1493 1295 1569 atque
1320 1505 1448 1548 omnem
1470 1482 1636 1569 publicam
1657 1483 1858 1548 functionem
1881 1505 1959 1547 suae

263 1597 295 1646 10
314 1587 442 1673 posidet
457 1588 598 1651 civitatis
612 1595 644 1650 et
660 1587 871 1651 circumcirca
892 1587 978 1652 infra
1002 1588 1065 1652 duo
1090 1587 1229 1652 miliaria
1245 1585 1486 1651 coniacentia.b
1521 1586 1728 1672 Quapropter
1743 1586 1959 1671 precipientes

313 1691 460 1756 iubemus
483 1687 631 1754 utnulla
657 1690 749 1773 regni
779 1691 882 1754 nostri
912 1711 1031 1774 magna
1060 1712 1227 1777 parvaque
1256 1712 1397 1775 persona
1425 1689 1607 1776 predictam
1628 1701 1764 1755 matrem
1786 1689 1959 1754 ecelesiam

313 1817 470 1880 suumque
499 1802 707 1878 pretaxatum
735 1793 894 1857 vicarium
921 1803 1133 1879 nostrumque
1161 1792 1315 1858 dilectum
1345 1792 1473 1857 fidelem
1503 1794 1706 1878 Bruningum
1736 1791 1775 1856 de
1804 1791 1959 1877 predictis

314 1898 463 1963 omnibus
494 1897 537 1962 ad
565 1897 702 1961 candem
731 1896 903 1960 ecclesiam
933 1897 1168 1981 pertinentibus
1197 1898 1304 1983 adque
1333 1897 1373 1961 de
1402 1896 1549 1961 districto
1574 1906 1606 1961 et
1628 1897 1760 1982 publica
1782 1897 1958 1980 firnctione,

312 2012 348 2067 ut
370 2002 493 2067 dictum
516 2011 580 2084 est,
615 1999 759 2065 eiusdem
787 2001 931 2064 civitatis
959 2000 1044 2064 iufra
1073 1999 1136 2065 duo
1166 2000 1306 2065 miliaria
1335 2002 1547 2065 circumcirca
1575 2001 1754 2088 inquietare
1785 2000 1959 2064 molestare

263 2123 294 2170 15
314 2116 370 2171 aut
393 2105 563 2171 disvestire
586 2113 794 2190 presummat,
819 2111 869 2167 set
891 2125 949 2188 pro
974 2106 1081 2169 anime
1104 2113 1214 2169 nostre
1236 2103 1379 2169 remedio
1402 2106 1473 2188 ipse
1496 2106 1610 2190 suique
1631 2126 1836 2170 successores
1852 2105 1959 2190 quiete

312 2219 344 2273 ot
367 2208 503 2294 pacifice
525 2207 669 2272 habeant
690 2215 823 2271 teneant
844 2217 877 2270 ct
899 2206 1048 2271 fruantur
1069 2211 1104 2272 in
1125 2217 1332 2293 perpetuum,
1368 2209 1510 2272 omnium
1535 2209 1678 2272 ominum
1701 2207 1959 2273 contradictione

311 2322 446 2377 remota.
487 2311 522 2376 Si
545 2313 616 2396 quis
640 2312 746 2394 igitur,
771 2309 859 2395 quod
881 2310 950 2374 fieri
973 2332 1041 2375 non
1063 2310 1234 2393 oredimus,
1257 2310 1409 2395 ne[fari]o
1434 2333 1516 2375 ausu
1538 2309 1633 2375 huius
1656 2319 1766 2375 nostre
1789 2311 1959 2376 confirmass

312 2416 408 2480 tionis
439 2426 472 2479 ot
501 2414 761 2479 coroborationis
795 2415 950 2498 paginam
983 2415 1157 2498 infringere
1191 2416 1412 2499 temptaverit,
1447 2413 1520 2478 siad
1550 2436 1584 2477 se
1614 2415 1859 2499 conpositurum
1887 2416 1958 2480 auri

313 2521 425 2604 optimi
453 2518 553 2582 libras
584 2527 728 2601 contum,
764 2517 971 2582 medietatem
1005 2518 1137 2582 kamere
1171 2528 1280 2583 nostre
1314 2528 1346 2583 et
1378 2516 1585 2582 medietatem
1618 2517 1778 2602 prelibato
1813 2517 1957 2583 eiusdem

261 2636 294 2683 20
313 2623 449 2687 ecclesie
477 2624 600 2687 vicario
633 2624 764 2708 suisque
793 2621 1053 2702 successoribus3
1087 2623 1220 2706 insuper
1249 2644 1322 2685 cum
1351 2621 1434 2686 Iuda
1456 2631 1488 2685 et
1511 2621 1649 2706 Saphiro
1674 2631 1783 2686 eterno
1807 2621 1957 2687 incendio

312 2729 523 2811 mancipetur.
569 2709 666 2806 Quod
697 2734 732 2790 ut
761 2726 869 2790 verius
899 2725 1049 2790 credatur
1083 2724 1333 2811 diligentiusque
1363 2724 1404 2788 ab
1433 2724 1585 2789 omnibus
1620 2734 1824 2810 opservetur,
1858 2748 1957 2790 manu

312 2832 444 2917 propria
467 2829 660 2894 roborantes
683 2829 794 2894 annuli
817 2832 919 2894 nostri
942 2829 1155 2914 impressione
1179 2828 1318 2913 sulb]tcr
1339 2829 1485 2913 insigniri
1508 2829 1673 2893 iussimus.

414 2967 549 3051 Signum
573 2968 682 3033 domni
706 2969 860 3033 Hottonis
884 2969 1089 3033 invictissimi
1114 2967 1218 3032 Otto⁰
1239 2967 1454 3052 imperatoris.

413 3073 602 3136 Liutkerius
625 3071 828 3136 cancelarius
852 3070 1022 3137 advuicem
1037 3071 1198 3137 Uuidonis
1222 3072 1368 3155 episcopi
1392 3079 1424 3134 ct
1446 3069 1703 3134 arhicancellarii
1727 3073 1902 3155 recognovi
1926 3083 1958 3138 ct

260 3184 293 3232 26
312 3174 499 3260 subscripsi.

412 3312 502 3376 Data
517 3329 576 3376 vn.
593 3312 660 3377 kal.
678 3312 813 3379 octuber
829 3334 915 3377 anno
932 3312 1094 3377 dominico
1117 3312 1374 3397 incarn[aoio]ne
1391 3327 1587 3396 Dccccuxn,
1611 3312 1788 3377 indictione
1805 3335 1864 3377 sex
1883 3310 1955 3395 V1d,

310 3438 396 3480 anno
420 3399 545 3500 imperii
574 3418 771 3481 serenissimi
799 3418 1003 3502 imperatoris
1028 3416 1157 3481 Ottonis
1180 3419 1302 3502 primo;
1336 3424 1445 3481 actum
1467 3417 1572 3502 Papia
1594 3417 1744 3497 civitate,
1777 3417 1811 3479 in
1836 3412 1954 3479 Christi

310 3521 441 3583 nomino
463 3517 600 3584 feliciter
623 3542 728 3586 amen.

1086 3673 1171 3748 248.

260 3855 292 3901 ao
319 3829 399 3907 Otto
426 3831 566 3905 scbcnbt
592 3831 670 3903 deor
692 3831 848 3929 Bisolof
866 3831 971 3904 Wido
997 3858 1068 3904 oon
1091 3830 1252 3903 Medeon
1274 3830 1349 3927 uos
1367 3830 1571 3903 Lebeaszeit
1592 3829 1650 3901 die
1671 3828 1776 3901 Abtei
1797 3829 1954 3901 Nonae·

311 3952 383 4024 tolo
409 3952 489 4025 aad
518 3952 664 4024 verleibt
695 3952 767 4024 ibor
802 3951 860 4024 dio
885 3951 1099 4050 Befuprsisso
1126 3952 1220 4023 circes
1246 3950 1489 4048 Kda‘ipsboteo
1514 3950 1602 4022 iiber
1627 3949 1685 4021 dic
1711 3948 1953 4022 fflosterleote.

1533 4092 1628 4150 Pario
1650 4093 1715 4151 962
1739 4090 1860 4150 October
1882 4093 1910 4150 6.

413 4227 662 4301 Oripiauldiplom
685 4231 726 4285 isa
747 4227 858 4287 Archiv
880 4229 933 4287 der
954 4228 1042 4288 Abtei
1063 4248 1103 4288 au
1125 4231 1295 4289 Normatolo
1319 4228 1383 4308 (A).

414 4365 553 4439 Sigonius
576 4366 655 4424 Hist.
680 4365 715 4423 dc
738 4383 825 4439 rapae
848 4365 958 4425 Italiac
981 4367 1023 4425 ed.
1044 4374 1069 4437 1,
1092 4370 1158 4427 272
1180 4369 1226 4426 cit.
1256 4401 1297 4410 -
1325 4368 1480 4426 Merctor-i
1501 4365 1572 4426 lat.
1597 4367 1668 4426 Ital.
1694 4370 1722 4438 6,
1746 4371 1807 4426 311
1839 4384 1875 4425 cc
1900 4367 1954 4424 od·

411 4471 552 4528 versariis
576 4467 676 4528 Caroli
704 4468 819 4542 Sipooii
842 4494 882 4522 =
907 4468 1079 4543 Coppelletti
1107 4471 1152 4529 Le
1179 4471 1271 4530 chiese
1299 4470 1332 4529 di
1359 4471 1454 4530 Italia
1478 4473 1526 4543 15,
1549 4477 1623 4533 241.
1652 4506 1693 4516 -
1722 4471 1853 4531 Bosmer
1879 4473 1951 4545 Ray.

412 4575 486 4634 264.
509 4605 553 4614 -
576 4571 704 4644 Sturups
721 4572 793 4644 Rey.
818 4576 890 4632 317.

413 4709 547 4780 Vcrfosst
569 4727 625 4767 ooo
646 4709 712 4767 LF.
737 4709 855 4768 welches
877 4711 953 4769 auct
976 4711 1030 4769 clas
1052 4711 1239 4770 Eschotoltoll
1260 4713 1381 4783 sctrieb,
1415 4713 1554 4772 rotbread
1575 4712 1724 4772 Protololl
1746 4711 1809 4771 aad
1833 4708 1954 4772 (lacteat

412 4832 465 4871 rua
486 4815 580 4871 cirtem
602 4813 850 4871 Prioutsclrrciber
868 4814 1004 4887 pelicsert
1026 4815 1157 4875 zoaram.

411 4967 469 5047 (0.)
490 4969 504 5051 it
525 4967 565 5030 In
587 4967 718 5031 nomine
742 4976 874 5031 sanctae
897 4967 1148 5055 individuaeque
1171 4972 1336 5035 trinitatis.
1352 4980 1366 5007 ²
1404 4968 1482 5034 Otto
1502 4968 1613 5033 divina
1634 4968 1765 5033 favente
1781 4968 1953 5033 clementia

257 5085 291 5131 40
308 5071 486 5154 imperator
515 5079 682 5152 augustus.
785 5069 819 5135 Si
848 5071 928 5135 ratis
957 5071 1053 5135 nobis
1081 5072 1309 5138 famulantium
1333 5071 1624 5159 supplicationibus
1648 5093 1817 5138 assensum
1839 5071 1951 5157 prebe-

309 5196 396 5254 muS,
423 5172 586 5238 fideliores
610 5195 665 5237 cos
688 5172 785 5237 nobis
808 5174 877 5238 fore
900 5177 1033 5239 minime
1055 5174 1242 5241 titubamus.
1286 5175 1427 5241 Proinde
1451 5177 1595 5240 omnium
1617 5184 1750 5239 sanctae
1773 5175 1824 5240 dei
1847 5175 1952 5240 eccler

309 5279 378 5341 siae
402 5276 546 5341 fidelium
568 5286 819 5364 nostrorumque
837 5281 1036 5363 presentium
1052 5278 1178 5343 scilicet
1193 5300 1232 5343 ac
1247 5280 1430 5345 futurorum
1445 5280 1572 5344 noverit
1588 5278 1742 5362 sollertia,
1765 5278 1792 5365 {l
1817 5279 1949 5364 qualite·

394 5446 453 5500 247.
480 5450 507 5510 b)
526 5448 613 5498 indeo
635 5448 682 5498 der
700 5447 836 5500 Sobres'bcr
859 5451 915 5500 elac
936 5450 991 5500 aad
1007 5449 1117 5500 dieaelbe
1139 5451 1237 5500 corsiae
1259 5449 1422 5516 Verbiaduaq
1438 5450 1489 5514 fiir
1511 5453 1536 5501 ci
1558 5450 1613 5502 aad
1627 5450 1678 5514 fia'r
1701 5452 1720 5500 ti
1738 5448 1889 5515 petronate,
1917 5453 1952 5501 iet

477 5516 549 5567 nicht
566 5516 677 5582 miipllcb
693 5534 724 5567 aa
742 5518 902 5569 amclades
920 5518 950 5569 ob
968 5534 996 5569 cr
1013 5516 1144 5569 rebreibea
1163 5519 1248 5569 wolltc
1270 5523 1448 5583 coniacentia,
1476 5520 1695 5582 confirmationis,
1719 5520 1872 5585 diligentius
1889 5519 1952 5570 oder

257 5589 289 5636 45
481 5589 663 5649 coniaccncia,
689 5587 912 5651 confirmacionis,
936 5587 1093 5653 diligencius
1110 5604 1172 5639 aare.
1277 5593 1301 5652 c)
1320 5588 1357 5653 A,
1380 5589 1406 5641 d.
1425 5588 1451 5639 b.
1473 5589 1522 5640 dac
1540 5589 1717 5655 Monoqranm
1734 5591 1763 5640 ia
1778 5590 1848 5639 aeine
1866 5588 1952 5639 Bacl-

480 5655 568 5706 stobm
585 5655 710 5720 ousyel'o‘et
813 5657 841 5720 d)
859 5655 890 5721 A,
909 5656 964 5708 oleo
982 5656 1112 5707 hblwort
1129 5656 1184 5708 aad
1199 5656 1375 5710 &tamam

394 5740 452 5794 248.
481 5741 774 5811 [canonicor-sakan]
880 5747 907 5806 a)
924 5743 1107 5810 orrpric'rrqlicb
1125 5745 1290 5807 trininitatis,
1312 5745 1385 5795 duaa
1401 5747 1429 5795 ni
1444 5744 1540 5810 petilqt.

1681 5849 1745 5913 45*
