4298 6414
221 444 262 512 36
813 452 1267 513 Knrsanoannnnnn.

220 635 364 699 fidelium
392 635 564 718 industrie,
599 635 737 720 qualiter
759 658 819 698 nos
842 658 901 720 pro
924 658 1035 699 amore
1057 637 1124 719 vite
1148 644 1257 719 eterne
1283 632 1334 719 <ot
1357 643 1565 717 sacrosancte
1595 634 1772 718 christiano
1798 633 1868 698 reli·

221 740 326 821 gionis
349 761 460 802 amoro
483 737 698 822 preeleginrns
721 736 828 802 locum
850 737 1024 802 Fuldensis
1047 740 1234 802 monasterii
1265 737 1417 823 specialis
1448 739 1654 821 prerogativa:
1684 739 1868 823 patrocina-

220 842 307 903 tiono
338 842 534 905 sanctissimi
564 841 726 904 Bonifaeii
756 841 945 905 defensione
975 843 1091 907 muniri
1125 842 1297 926 locumque
1332 842 1453 925 requiei
1484 850 1558 925 post
1585 841 1684 904 finem
1712 843 1779 903 vite
1808 839 1867 904 deo

220 953 382 1006 annuente
411 945 581 1028 consequi:
616 943 701 1007 unde
725 947 801 1028 quia
824 946 948 1009 incerta
971 956 1021 1009 ost
1041 948 1110 1009 vita
1139 944 1277 1008 hominis
1309 965 1406 1028 super
1440 953 1572 1025 terram,
1608 953 1803 1029 oportunum
1830 966 1868 1006 ac

220 1046 316 1110 vaide
339 1049 558 1111 necessarium
580 1047 709 1111 videtur
731 1058 767 1110 ut
789 1051 1016 1132 preveniamus
1040 1047 1175 1111 districti
1200 1047 1316 1110 indicis
1340 1048 1421 1115 iram
1443 1048 1476 1110 in
1494 1047 1698 1110 confessione
1714 1056 1747 1110 et
1762 1048 1894 1130 puris-5

222 1152 300 1214 sime
324 1160 421 1235 atque
444 1150 656 1214 mundissime
680 1153 877 1235 conscientie
902 1149 1097 1235 oblatione.)
1136 1150 1309 1215 Offerimus
1332 1152 1430 1234 igitur
1452 1160 1484 1214 et
1507 1151 1729 1215 contradimus
1753 1150 1814 1214 deo
1838 1160 1868 1213 et

222 1256 428 1318 sanctissimo
450 1256 519 1317 eius
535 1256 659 1318 martiri
675 1254 847 1318 Bonifacio
872 1255 984 1340 predia
1008 1255 1071 1319 duo
1095 1277 1115 1317 a
1139 1252 1328 1338 parentibus
1351 1255 1470 1318 nostris
1493 1253 1688 1317 hereditario
1712 1255 1781 1316 inre
1805 1252 1868 1316 col·

223 1356 290 1420 lata
318 1356 429 1435 nobis,
464 1357 526 1421 hoc
550 1359 655 1420 estin
677 1358 794 1442 Hagen
818 1369 850 1421 et
873 1358 1030 1423 Snnierde
1052 1380 1126 1421 cnm
1151 1343 1301 1421 omnibus
1325 1359 1391 1420 suis
1414 1357 1634 1442 appendiciis,
1669 1379 1743 1420 cuni
1773 1358 1869 1421 certis

222 1469 380 1523 terrarum
403 1482 442 1522 ae
467 1459 620 1524 silvarum
644 1463 805 1540 temrinis,
841 1484 879 1525 ea
910 1462 1101 1526 condicione
1130 1461 1375 1544 certissimaque
1402 1462 1553 1544 pactione
1575 1472 1611 1524 ut
1633 1460 1771 1545 predicti
1795 1459 1868 1523 Ful·

223 1561 332 1625 densis
354 1565 543 1626 monasterii
566 1564 667 1627 fatres
689 1565 812 1627 vietum
835 1576 867 1627 et
890 1566 1043 1629 vestitum
1065 1564 1139 1627 inde
1162 1562 1306 1627 habeant
1328 1572 1360 1626 et
1382 1585 1441 1646 pro
1469 1565 1577 1627 animo
1605 1571 1715 1627 nostre
1744 1564 1869 1626 matris·
1889 1576 1908 1621 1⁴

224 1688 286 1749 que
308 1674 418 1749 nostre
443 1665 613 1750 Glisniudo
637 1666 828 1731 liberatione
852 1689 965 1751 preces
989 1669 1105 1751 iugiter
1127 1667 1188 1731 (leo
1212 1666 1359 1730 fundant.
