4298 6414
953 123 1077 178 ΟΤΤΟ
1101 124 1124 176 Ι.
1148 120 1219 177 947.
1848 114 1908 176 175

256 324 323 367 cam
348 301 521 383 eiusdem,
556 326 656 388 quam
683 303 849 388 praefatus
881 304 1016 366 antistes
1044 312 1119 365 ante
1150 301 1312 365 sublatam
1334 304 1488 386 restituit,
1524 306 1569 367 sic
1593 313 1625 367 et
1648 303 1810 369 Salsurias
1834 329 1907 369 eum

257 405 388 472 ecclesia
412 416 448 470 et
474 408 563 472 omni
588 406 792 493 appenditio,
827 404 918 470 Silini
944 429 1072 493 quoque
1096 416 1218 470 curtem
1241 429 1314 470 eum
1337 406 1476 471 ecclesia
1504 430 1600 493 quam
1630 409 1777 474 similiter
1804 410 1906 474 isdem

258 513 427 596 episcopus
453 510 644 596 dapsilitate
667 533 727 574 sua
748 510 905 574 hactenus
928 509 1071 573 ablatam
1094 510 1297 592 reformavit,
1322 521 1354 573 et
1377 509 1559 576 Grimauldi
1583 535 1733 577 mansum
1756 537 1830 578 eum
1852 536 1907 599 ap-

260 613 407 701 penditiis
433 616 517 697 suis,
549 623 581 679 et
604 612 791 700 Oripiacum
814 636 889 677 curu
912 613 1109 698 appenditiis
1133 615 1199 676 suis
1222 623 1350 698 praeter
1372 615 1559 697 eeclesiam,
1587 616 1761 681 Mannonis
1785 627 1906 682 curtem

208 734 234 781 τι
261 740 328 783 cum
349 717 495 782 ccclesia
517 741 560 782 ex
583 719 718 801 integro,
744 716 889 781 similiter
912 715 1065 780 Stadonis
1090 726 1122 780 et
1143 717 1323 780 Blandonis
1346 719 1380 781 in
1402 717 1650 785 Bladanacumc
1672 744 1746 784 cum
1769 721 1907 784 ecclesia

262 832 291 885 et
310 820 482 904 Masellos,
516 820 749 885 Martiniacum
772 841 846 884 cum
873 819 1027 902 ecclesia,
1058 820 1114 883 sed
1138 831 1170 884 et
1191 830 1311 907 terram
1332 823 1366 884 in
1388 822 1534 887 Boviaco
1559 846 1601 887 ex
1623 835 1691 888 toto
1716 847 1813 910 quam
1837 823 1907 908 Syl·

263 937 362 990 rester
384 947 444 1010 per
466 925 659 1010 prestariam
682 925 801 1005 tenuit,
831 922 913 986 duos
937 944 1065 1008 quoquc
1088 945 1220 987 mansos
1243 926 1276 987 in
1298 924 1450 987 Mediano
1474 927 1547 989 vico
1570 926 1625 990 ubi
1649 927 1773 991 salinae
1795 950 1907 990 eorum

263 1029 370 1095 usibus
399 1029 508 1094 editae
538 1039 627 1111 sunt,
662 1050 744 1113 quos
767 1036 799 1091 et
821 1028 868 1090 eis
891 1024 1127 1110 Christophora
1151 1025 1315 1112 quondam
1345 1025 1448 1109 dedit,
1483 1037 1516 1091 et
1545 1038 1669 1114 partem
1698 1029 1795 1094 villae
1825 1052 1907 1115 quae

264 1133 377 1198 dicitur
391 1131 596 1215 Alteravilla,
621 1152 831 1218 quamsaepe
849 1130 935 1193 fatus
959 1129 1162 1194 venerandus
1186 1131 1334 1215 pontifex
1357 1153 1469 1196 eorum
1491 1133 1604 1198 usibus
1627 1135 1829 1220 profuturam
1852 1132 1907 1197 ad·

207 1246 242 1293 10
263 1239 347 1317 iecit,
382 1248 502 1301 terram
530 1257 659 1322 quoque
688 1244 720 1299 ct
746 1243 842 1320 prata
870 1255 953 1320 quae
983 1245 1057 1298 sunt
1085 1237 1118 1299 in
1147 1235 1211 1298 fine
1238 1234 1334 1299 villae
1364 1258 1447 1321 quae
1478 1248 1615 1302 vocatur
1636 1238 1842 1321 Ursuvacue,
1876 1249 1908 1302 et

263 1339 392 1404 alodum
422 1342 477 1426 qui
499 1349 636 1404 vocatur
657 1339 830 1403 Nantianis
859 1340 968 1419 curtis,
993 1360 1090 1423 quam
1113 1338 1217 1402 abbas
1241 1338 1414 1404 Odalrieus
1437 1351 1469 1405 et
1492 1353 1595 1407 mater
1616 1345 1684 1408 eius
1707 1344 1780 1408 Eva
1803 1343 1907 1407 eidem

262 1442 330 1508 loco
361 1442 584 1526 contulerunt,
617 1464 767 1507 mansum
790 1451 897 1506 autem
921 1440 1076 1527 Stephani
1100 1444 1133 1505 in
1156 1440 1249 1506 Silini
1273 1452 1363 1506 curte
1392 1465 1465 1507 cum
1497 1445 1646 1511 omnibus
1676 1446 1833 1534 quidquid
1861 1444 1905 1511 ibi

261 1547 377 1612 habere
400 1550 574 1613 visus‘est.
609 1544 826 1612 Concedimus
850 1567 978 1631 quoque
1001 1545 1075 1627 illis,
1100 1547 1183 1609 sieut
1205 1548 1239 1608 in
1262 1545 1438 1631 privilegiis
1462 1549 1690 1633 cpiscoporum
1713 1553 1906 1631 continetur,

262 1654 291 1716 in
312 1650 392 1716 villa
416 1674 501 1738 quae
524 1650 643 1716 dicitur
656 1650 753 1714 Petra
775 1672 818 1713 ex
840 1651 1017 1735 piscatoria
1039 1650 1185 1733 episcopi
1210 1671 1276 1713 una
1299 1671 1427 1734 quaque
1449 1649 1656 1716 hebdomada
1680 1653 1761 1717 duas
1784 1663 1906 1734 noctes,

207 1767 248 1816 ιδ
261 1776 317 1819 nec
345 1758 454 1821 minus
484 1754 561 1819 huic
588 1763 718 1819 nostrae
746 1754 929 1817 autoritatis
959 1762 1133 1838 praecepto
1163 1750 1421 1816 confirmandum
1454 1752 1655 1820 decrevimus
1662 1805 1670 1836 ,
1703 1766 1740 1821 ut
1769 1755 1908 1820 ecclesia

263 1861 361 1924 sancti
385 1858 551 1924 Mansucti
575 1880 657 1944 quac
679 1866 729 1921 est
751 1859 814 1920 sita
836 1858 869 1920 in
893 1855 1047 1920 suburbio
1071 1856 1217 1920 eiusdem
1239 1857 1395 1937 civitatis,
1431 1879 1451 1919 a
1474 1859 1620 1942 praefato
1641 1858 1818 1922 venerabili
1842 1861 1907 1943 epi·

263 1984 358 2048 scopo
382 1985 423 2026 ea
445 1964 572 2027 ratione
594 1959 699 2026 eidem
720 1960 794 2024 loco
818 1959 949 2042 collata,
972 1969 1008 2022 ut
1030 1982 1072 2024 ex
1094 1959 1217 2023 eisdem
1240 1959 1408 2025 monachis
1431 1959 1530 2047 aliqui
1554 1961 1615 2027 deo
1639 1973 1671 2027 et
1686 1974 1798 2027 sancto
1814 1964 1907 2029 Man-

265 2077 348 2132 suete
372 2066 577 2148 deserviant,
600 2087 674 2130 cum
698 2063 848 2129 omnibus
871 2086 954 2149 quae
977 2063 1022 2127 ibi
1045 2063 1196 2145 contulit,
1225 2074 1380 2149 perpetuo
1404 2065 1473 2128 iure
1496 2065 1600 2148 cedat,
1624 2077 1656 2130 et
1678 2065 1807 2130 decreto
1831 2089 1907 2130 con-

264 2169 425 2235 firmamus
449 2179 485 2234 ut
512 2168 619 2233 nullus
649 2168 804 2252 deinceps
835 2165 874 2229 de
902 2167 981 2250 ipsis
1009 2164 1106 2230 rebus
1137 2167 1304 2231 auferendi
1333 2176 1526 2253 potestatem
1553 2170 1688 2253 habeat,
1723 2171 1803 2234 haee
1833 2181 1908 2234 sunt

216 2274 369 2338 aorineae
395 2290 436 2337 111
459 2274 493 2336 in
510 2272 614 2336 Barro
638 2282 670 2336 et
693 2270 840 2336 manselli
865 2286 891 2332 11
914 2279 946 2332 et
968 2269 1106 2333 ecclesia
1128 2271 1161 2333 in
1176 2271 1337 2335 Barrense
1360 2275 1515 2338 comitatu
1534 2275 1568 2337 in
1583 2273 1661 2337 villa
1684 2296 1766 2358 quae
1790 2274 1908 2338 dicitur

263 2375 459 2461 llasangias,
483 2388 515 2441 et
538 2377 640 2441 altera
662 2397 745 2461 quae
768 2383 817 2438 est
838 2376 872 2437 in
896 2372 1027 2437 Silfiaco
1051 2373 1138 2457 villa,
1163 2382 1195 2438 et
1217 2374 1375 2461 quidquid
1399 2378 1441 2442 ad
1465 2400 1520 2442 eas
1543 2380 1685 2463 respicit,
1710 2387 1742 2440 et
1759 2377 1906 2443 homines

262 2501 328 2545 cnm
352 2480 514 2545 uxoribus
538 2490 570 2543 et
593 2481 679 2544 omni
702 2501 813 2543 eorum
837 2479 1027 2562 posteritate
1050 2500 1188 2563 quorum
1209 2478 1290 2543 haec
1315 2489 1389 2543 sunt
1410 2480 1587 2546 vocabula:
1611 2480 1787 2563 Hildulfus,
1803 2482 1907 2546 Vene-

258 2583 394 2667 raudus,
418 2582 573 2648 Albricus
595 2592 627 2646 et
650 2579 849 2663 Rainsrdus,
883 2579 993 2644 Millus
1022 2602 1150 2666 quoque
1179 2603 1253 2645 cum
1282 2604 1384 2647 uxore
1407 2594 1439 2647 et
1460 2583 1535 2647 filiis
1558 2594 1591 2647 et
1612 2606 1726 2648 manso
1751 2608 1808 2647 suo
1833 2607 1906 2649 eum

256 2685 454 2773 appenditiis
484 2688 551 2751 suis
580 2696 612 2749 et
633 2704 646 2749 1
669 2687 773 2748 vinea.
800 2673 990 2746 'Praeterea
1020 2684 1191 2747 statuimus
1224 2693 1260 2746 ut
1289 2687 1454 2750 servitium
1484 2686 1565 2751 illud
1595 2687 1683 2772 quod
1717 2710 1774 2772 per
1803 2709 1906 2750 annos

206 2798 238 2847 2⁶
254 2789 404 2874 singulos
436 2789 479 2854 ab
510 2787 770 2853 antecessoribus
799 2789 867 2851 eius
898 2786 1090 2871 exigebatur
1112 2797 1144 2850 et
1166 2788 1226 2850 iste
1249 2789 1393 2871 ingenita
1421 2789 1567 2853 bonitate
1592 2790 1631 2853 dc
1654 2788 1777 2874 reliquo
1801 2792 1906 2854 remit-

251 2893 389 2959 tendum
419 2896 562 2976 censuit,
597 2903 633 2957 ut
659 2892 792 2957 liberius
821 2892 937 2955 fratres
965 2891 1044 2955 inibi
1069 2889 1129 2955 deo
1155 2893 1326 2975 servirent,
1360 2892 1467 2957 nullus
1497 2893 1650 2978 deinceps
1677 2895 1906 2978 episcoporum

251 3007 446 3083 praesumat
469 2999 609 3080 exigere,
632 2997 694 3059 nisi
718 3003 843 3058 tantum
865 2993 953 3078 quod
976 2995 1045 3078 ipse
1068 3015 1169 3058 causa
1192 2993 1463 3060 demonstrandae
1487 2994 1696 3060 subiectionis
1719 2996 1858 3059 instituit
1875 3005 1908 3058 et

253 3104 378 3187 scripto
409 3099 627 3165 confirmavit.
672 3100 765 3163 Haec
795 3100 892 3183 igitur
922 3099 1031 3161 omnia
1060 3108 1235 3184 praecepto
1265 3098 1466 3163 celsitudinis
1494 3108 1625 3163 nostrae
1653 3097 1804 3163 habenda
1836 3121 1906 3184 per·

252 3203 430 3290 petualiter
459 3205 631 3268 statuimus
662 3212 695 3266 et
725 3200 848 3288 absque
876 3199 1106 3285 inquietudinis
1136 3202 1308 3267 cuiuslibet
1336 3204 1485 3268 molestia
1515 3202 1715 3289 possidenda
1748 3206 1905 3289 perpetim

206 3323 226 3371 o
250 3305 477 3388 decemimus,
512 3315 641 3370 servata
670 3305 712 3369 ad
740 3307 879 3390 primum
909 3312 1042 3368 sanctae
1064 3305 1189 3369 Mariae
1212 3317 1386 3391 perpetuae
1413 3309 1547 3391 virginis
1576 3305 1727 3392 beatique
1751 3307 1905 3393 Stephani

257 3412 508 3494 protomartyris
524 3407 644 3474 Christi
667 3418 764 3492 atque
787 3409 908 3493 proprii
933 3406 1091 3491 praesulis
1115 3407 1280 3490 fidelitate,
1305 3431 1325 3471 a
1347 3411 1440 3472 cuius
1464 3406 1606 3472 dominio
1627 3416 1723 3493 atquc
1744 3410 1906 3472 senioratu

259 3534 319 3576 nec
347 3535 460 3597 regum
490 3510 626 3599 quilibet
653 3534 713 3576 nec
743 3510 875 3575 alterius
906 3511 1088 3596 cuiuspiam
1110 3534 1270 3597 personae
1292 3521 1438 3596 potestas
1461 3512 1600 3598 praefati
1623 3514 1742 3598 poterit
1764 3511 1827 3576 loci
1850 3535 1906 3575 un-

264 3637 357 3700 quam
390 3614 580 3680 subtrahere
613 3614 890 3699 gubernationem.
941 3614 987 3678 Ut
1019 3623 1128 3678 autem
1161 3615 1257 3680 huius
1291 3616 1549 3679 confirmationis
1584 3626 1714 3679 nostrae
1749 3618 1906 3679 autoritas

264 3717 381 3782 firmior
400 3717 561 3783 habeatnr
583 3720 806 3805 potioremque
829 3719 862 3781 in
886 3717 936 3780 dci
960 3719 1090 3781 nomine
1114 3740 1171 3802 per
1194 3718 1403 3782 succedentia
1426 3730 1574 3804 tempora
1601 3719 1763 3782 firmitatis
1784 3741 1906 3782 merea-

205 3837 243 3883 ιῡ
271 3830 316 3884 tur
329 3820 473 3885 obtinere
488 3823 643 3906 vigorem,
666 3843 765 3885 manu
780 3822 913 3905 propria
928 3843 999 3884 eam
1023 3819 1133 3885 subter
1148 3820 1347 3885 firmavimus
1371 3821 1545 3907 annulique
1569 3825 1671 3886 nostri
1696 3823 1905 3907 impressione

273 3923 369 3988 subter
395 3923 530 4010 sigillari
553 3924 715 3988 iussimus.

363 4060 498 4146 Signum
522 4059 633 4125 domni
657 4059 787 4126 Ottonis
811 4063 1006 4126 serenissimi
1028 4062 1123 4146 regis.

360 4167 451 4232 Brun
473 4165 690 4231 cancellarius
713 4166 862 4232 advicem
884 4167 1041 4231 Friderici
1067 4166 1318 4253 archicapellani
1341 4169 1528 4251 recognovi.

362 4303 452 4367 Data
467 4321 518 4367 111.
534 4324 639 4368 nonas
655 4306 783 4388 augusti
800 4326 886 4368 anno
903 4303 1084 4368 dominicae
1100 4305 1336 4369 incarnationis
1355 4304 1501 4368 domini⁰
1524 4319 1746 4367 DCCCCXLVIII
1758 4300 1781 4386 ⁴³,
1804 4303 1904 4366 indie-

220 4402 424 4490 sotionem,
446 4417 603 4492 regnante
627 4404 746 4472 Ottonc
768 4429 844 4492 rege
867 4429 953 4471 anno
978 4425 1033 4490 x13
1057 4419 1167 4472 actum
1189 4407 1386 4490 Tuzahha⁰;
1412 4409 1445 4470 in
1469 4407 1519 4471 dei
1543 4410 1673 4470 nomine
1696 4429 1800 4470 amen.

1052 4615 1113 4692 93.

282 4764 350 4842 Ouo
370 4781 453 4843 setzt
474 4768 541 4843 das
563 4766 707 4844 Kloster
728 4770 952 4844 Ecbteraaela
973 4770 1106 4843 wieder
1127 4771 1168 4842 ia
1190 4769 1260 4841 dea
1282 4769 1399 4843 Besitz
1427 4770 1486 4843 des
1518 4769 1618 4845 Ortes
1641 4768 1808 4842 Biadera
1835 4768 1903 4843 eiu.

1486 4913 1582 4985 Tasey
1605 4915 1668 4970 947
1689 4909 1808 4983 Ausus
1832 4915 1860 4969 4.

366 5099 613 5176 Oriuiaaldiplom
634 5102 668 5159 ia
689 5101 743 5159 der
765 5097 1007 5160 Stadtbibliotbek
1028 5118 1069 5159 aa
1094 5102 1179 5160 Trter
1202 5099 1265 5179 (A).

234 5244 258 5295 a
361 5240 514 5299 Reuertar
534 5238 599 5298 arad
620 5239 745 5299 Moorea
766 5237 991 5299 Die-Eradioec.
1008 5239 1088 5298 Kota
1109 5244 1139 5310 3,
1164 5243 1204 5298 40
1226 5246 1260 5297 πθ
1275 5244 1317 5299 13
1339 5256 1395 5298 aas
1410 5238 1563 5310 Absclsrist
1584 5256 1625 5297 aa
1647 5242 1719 5299 948.
1746 5272 1784 5282 -
1808 5239 1906 5314 Beyer

361 5407 404 5465 02.
433 5407 500 5474 c)A
603 5409 630 5474 d)
648 5408 848 5464 occcctva
953 5412 978 5472 c)
996 5410 1119 5461 Eutahha
1135 5409 1167 5463 A.
