4500 6420
916 445 926 458 ’
1005 451 1131 510 ΟΤΤΟ
1153 454 1178 507 Ι.
1201 449 1273 508 969.
1897 444 1962 509 519

421 632 534 704 Ueseui
555 631 650 689 Itelio
671 648 758 690 secra
780 632 824 690 ed.
844 640 868 702 Ι,
894 636 922 704 5,
948 637 1010 693 173
1032 635 1130 692 errari
1156 658 1195 687 ε
1219 635 1262 692 εᾶ.
1280 642 1321 704 11,
1339 638 1368 705 5,
1386 639 1445 694 501
1466 659 1505 687 =
1524 636 1696 708 Coppelletti
1712 635 1815 696 Gleiese
1832 636 1860 694 ἄ
1870 637 1962 695 Italic

418 738 470 805 10,
494 738 566 795 607.
589 768 632 779 -
654 735 785 794 Betmer
805 737 876 810 Res.
901 740 974 797 361.
998 771 1040 780 -
1062 737 1190 810 &omps
1208 740 1279 811 aee.
1304 741 1378 798 472.

416 870 550 946 Obqieiet
571 873 627 931 retr
649 872 697 931 die
718 870 966 946 Areisiesienetor
987 874 1038 933 dee
1059 891 1116 932 eoa
1138 874 1307 932 Bettmean
1329 875 1485 933 tenutam
1508 875 1629 935 Stetetee
1654 873 1765 954 (eapse
1788 878 1829 935 66
1851 882 1886 934 e⁰
1907 875 1961 955 10)

417 977 588 1048 oneaeeben
608 976 798 1047 εεννιοᾶἄεν,
828 994 892 1035 rear
913 976 962 1035 die
988 976 1130 1037 Urteede
1151 978 1226 1050 jetrt
1246 977 1327 1035 nieht
1349 976 1556 1049 ouseofieden.
1595 981 1634 1037 Ινν
1655 979 1764 1038 diesem
1785 978 1871 1037 Folle
1892 980 1963 1037 oter

416 1098 480 1139 wer
501 1080 539 1149 A,
569 1081 696 1154 obpleicle
718 1081 887 1140 Betismorm
909 1098 938 1139 es
960 1084 1040 1140 secet
1062 1083 1117 1138 mit
1140 1080 1193 1138 der
1215 1079 1394 1154 Setreibeeq
1415 1082 1495 1140 nieht
1517 1082 1585 1140 sehr
1603 1099 1702 1155 penore
1723 1081 1823 1153 eciem,
1855 1100 1909 1140 om
1929 1100 1962 1141 so

344 1216 347 1221 ,
415 1184 670 1244 eccesiehtlietrer
691 1204 732 1244 eu
754 1186 907 1256 hecaleca,
939 1185 979 1243 de
998 1185 1106 1257 perede
1127 1185 1176 1243 die
1198 1184 1458 1258 eicerethe'tmlieieea
1481 1184 1713 1258 Sproetsformen
1740 1186 1774 1243 io
1795 1182 1826 1243 A
1847 1185 1911 1243 end
1933 1185 1963 1244 B

415 1287 478 1360 sest
504 1289 671 1349 sdmmtliet
696 1290 790 1363 9ῑείεᾶ
819 1290 929 1350 leuton.
971 1290 1021 1346 Ανν
1043 1287 1143 1347 diesen
1163 1288 1229 1347 aad
1250 1305 1292 1347 on
1314 1289 1366 1346 der
1388 1287 1603 1359 oebetrolseaea
1626 1286 1740 1359 schrift
1760 1288 1852 1346 eelim
1874 1287 1962 1346 Bett-

415 1409 507 1450 morm
522 1395 637 1465 stetere
651 1391 785 1463 Arctoas,
809 1410 841 1452 se
864 1393 932 1451 dass
956 1409 988 1449 er
1009 1391 1071 1449 sicli
1091 1391 1172 1449 nieht
1194 1391 1355 1465 recedisset
1377 1390 1433 1461 fiir
1454 1390 1502 1449 die
1521 1390 1712 1464 Oripimlitdt
1729 1391 1794 1450 sord
1809 1392 1857 1450 die
1871 1392 1961 1451 Eeiet-

416 1494 475 1551 erit
496 1495 694 1567 eosspreeieea
715 1494 817 1554 wollte.
848 1494 913 1555 Wie
928 1512 958 1553 es
973 1497 1028 1553 mit
1042 1494 1096 1552 der
1111 1498 1239 1553 ersterea
1260 1496 1342 1565 steht,
1366 1500 1487 1553 messere
1509 1497 1565 1553 retr
1584 1495 1736 1554 eottrliele
1758 1495 1961 1569 detiaqestelit

416 1599 481 1654 seire
509 1596 615 1668 laesere,
647 1599 718 1656 eber
744 1615 801 1656 von
829 1598 880 1656 der
902 1598 1046 1667 Ectvttseit
1073 1599 1112 1670 jo
1139 1599 1216 1656 auctr
1236 1616 1292 1657 eon
1315 1598 1368 1657 ἄεν
1389 1597 1532 1657 relativae
1555 1598 1753 1673 demuteteit
1777 1599 1830 1657 der
1851 1596 1962 1672 Copten

414 1700 484 1758 sind
505 1703 561 1759 seir
583 1702 750 1774 r'tbereeoqt.
783 1698 962 1760 dedissem
976 1701 1016 1760 D.
1033 1701 1126 1759 trohen
1143 1701 1283 1772 offertor,
1307 1704 1361 1761 wie
1383 1702 1498 1761 demate
1521 1703 1622 1776 hdefie
1640 1704 1774 1777 ecaritate,
1797 1704 1871 1760 ενεεε·
1892 1702 1963 1761 οᾶεν

415 1803 501 1863 selbst
524 1804 589 1863 ἄνεί
610 1805 760 1864 Persoeee
779 1806 947 1878 qecrbeitet.
984 1804 1049 1863 Der
1073 1803 1196 1863 Coeteet
1217 1805 1283 1881 (oet.
1306 1805 1405 1865 DDO.
1430 1808 1503 1875 384,
1527 1803 1603 1884 390)
1625 1808 1756 1864 eriemrt
1778 1822 1819 1864 ore
1847 1805 1886 1863 It.
1909 1804 1960 1874 D,

415 1907 461 1965 die
475 1907 596 1966 Formel
618 1908 671 1966 der
692 1908 886 1967 teiserliciseo
906 1906 1105 1978 Ueterscltrist
1127 1925 1169 1966 on
1192 1908 1230 1966 It.
1249 1909 1297 1980 B,
1322 1909 1370 1967 die
1384 1910 1539 1983 Detiraey
1555 1910 1682 1983 decepere
1702 1908 1737 1987 (s.
1755 1908 1851 1970 Sietel
1866 1909 1960 1967 Beitr.

415 2028 473 2069 eor
493 2010 577 2083 Dipl.
602 2014 632 2083 8,
656 2009 730 2089 159)
758 2010 830 2070 idest
853 2010 914 2082 ores
936 2013 1021 2069 einen
1043 2010 1153 2069 dritten
1174 2012 1272 2070 Notor
1293 2011 1466 2084 setriiessee,·
1501 2013 1573 2084 folle
1595 2031 1661 2071 nee
1682 2013 1778 2071 dieser
1799 2012 1883 2070 letete
1906 2011 1962 2069 den

417 2111 539 2173 Oonteet
566 2113 702 2172 rrrmsdirt
730 2114 818 2183 britte,
848 2118 923 2172 etwa
948 2115 1025 2172 auctr
1052 2117 1145 2172 εἱννεννι
1165 2116 1246 2173 nictit
1265 2133 1345 2188 eene
1367 2115 1580 2189 oesyesrthrten
1603 2114 1744 2189 Ooocepte
1766 2116 1817 2174 des
1844 2117 1884 2175 It.
1908 2115 1959 2186 D,

415 2217 622 2276 worcester
644 2217 720 2276 oecis
743 2216 791 2276 dte
812 2217 928 2276 ideireo
948 2218 1095 2276 Versttsse
1116 2233 1206 2291 peren
1229 2219 1277 2276 die
1299 2219 1437 2277 Brtoetee
1458 2219 1511 2278 ἄεν
1532 2219 1659 2278 Kanrtei
1682 2219 1825 2278 erkldren.

414 2399 428 2480 i
454 2403 494 2468 In
527 2406 658 2470 nomine
693 2413 804 2469 sancte
833 2414 865 2470 et
893 2401 1060 2469 individue
1094 2405 1258 2469 trinitatis.
1306 2402 1396 2469 Οεο)ι
1429 2406 1536 2488 gratia
1571 2405 1625 2470 dei
1660 2406 1827 2490 inperator
1860 2425 1960 2488 augu-

314 2514 393 2571 stus.
494 2507 579 2587 Quia
608 2507 809 2592 imperialem
838 2505 1073 2571 excellenciam
1103 2505 1252 2570 omnibus
1283 2507 1389 2571 modis
1419 2508 1512 2573 decet
1534 2507 1692 2574 ecclesias
1715 2509 1768 2574 dei
1792 2510 1904 2592 augeri
1927 2517 1960 2573 et

313 2610 390 2672 totis
412 2607 538 2672 nisibus
562 2608 725 2673 sublevari
749 2617 781 2673 et
804 2608 987 2673 sublimari:
1012 2606 1133 2673 idcirco
1158 2611 1286 2673 noverit
1303 2612 1446 2674 omnium
1465 2610 1609 2675 fidelium
1626 2621 1737 2676 sancte
1753 2610 1805 2676 dei
1822 2610 1959 2675 ecclesie

262 2722 295 2770 20
313 2721 561 2798 nostrorumque
589 2713 789 2797 presentium
811 2710 937 2805 scilicet
959 2734 998 2776 ac
1028 2708 1042 2793 Ξ
1069 2711 1251 2775 futurorum
1279 2711 1453 2795 industria,
1488 2715 1566 2798 quia
1595 2715 1778 2778 interventu
1807 2723 1839 2778 et
1859 2714 1957 2778 ,umili

311 2817 474 2899 peticione
488 2815 629 2880 Adeleid
645 2817 811 2901 nostrique
830 2817 1003 2898 coniugem
1016 2825 1029 2852 ¹²
1052 2816 1256 2900 imperatrice
1281 2824 1420 2898 augusta
1442 2815 1652 2880 concedimus
1674 2839 1714 2880 ac
1738 2815 1958 2902 perdonamus

292 2939 351 2981 ·ac
375 2918 514 3004 supplici
537 2919 712 2984 devotione
736 2920 900 2983 offerimus
924 2929 1036 2983 sancte
1059 2918 1346 2983 Tarvisianensish
1376 2919 1514 2984 ecclesie
1541 2922 1576 2984 in
1603 2919 1727 2984 honore
1755 2917 1843 2983 beati
1871 2919 1957 2982 Petri

312 3020 536 3106 apostolerum
566 3022 720 3106 principis
750 3020 900 3086 edificate
929 3025 962 3087 in
993 3045 1057 3109 qua
1084 3022 1176 3087 Rozo
1208 3023 1384 3107 episcopus
1413 3044 1545 3108 preesse
1574 3022 1718 3104 videtur,
1751 3031 1895 3086 castrum
1918 3020 1958 3087 de

310 3124 404 3188 Asilo
429 3148 502 3190 cum
526 3125 666 3189 ecclesia
687 3126 721 3188 in
744 3124 869 3189 honore
891 3125 988 3190 beate
1010 3127 1147 3211 virginis
1170 3125 1275 3189 Maris
1298 3135 1487 3190 constructa
1510 3149 1572 3212 que
1600 3126 1677 3190 olim
1705 3135 1805 3211 caput
1833 3128 1957 3210 episco-

260 3236 408 3312 topatus
430 3229 534 3313 ipsius
556 3227 620 3292 loci
644 3236 676 3291 et
700 3228 815 3293 domus
839 3251 911 3293 esse
933 3228 1116 3310 videbatur,
1141 3251 1198 3293 seu
1220 3237 1254 3291 et
1276 3229 1404 3313 capella
1426 3231 1460 3293 in
1482 3229 1605 3294 honore
1629 3229 1752 3294 demini
1777 3228 1958 3293 Salvatoris

310 3330 448 3395 fundata
476 3354 549 3395 cum
578 3332 739 3396 universis
770 3335 975 3417 pertinentiis
1004 3343 1038 3398 et
1067 3332 1258 3397 adiacentiis
1291 3333 1358 3396 suis
1388 3330 1431 3396 ad
1462 3332 1596 3397 easdem
1625 3332 1783 3397 ecclesias
1812 3333 1896 3396 iuste
1927 3339 1959 3395 et

310 3433 460 3517 legaliter
483 3435 721 3519 pertinentibus
743 3435 796 3499 vel
819 3435 1066 3520 aspicientibus,
1091 3457 1156 3499 una
1179 3456 1254 3498 cum
1276 3432 1427 3518 plebibus
1450 3434 1585 3519 capellis
1608 3435 1701 3499 terris
1725 3434 1877 3498 aratoriis
1901 3454 1958 3497 seu

310 3539 436 3620 vigrisc
459 3540 562 3602 vineis
585 3540 709 3622 campis
732 3539 835 3622 pratis
859 3541 992 3623 pascuis
1017 3537 1106 3602 silvis
1132 3536 1262 3602 salectis
1287 3537 1469 3601 sationibus
1492 3538 1586 3623 aquis
1606 3558 1827 3622 aquarumque
1847 3535 1958 3600 decur-

311 3640 401 3704 sibus
423 3638 617 3705 molendinis
641 3641 877 3725 piscationibus
902 3643 1005 3705 servis
1029 3651 1061 3705 et
1083 3641 1212 3705 ancillis
1236 3639 1422 3704 aldionibus
1440 3639 1492 3704 vel
1515 3639 1656 3704 aldianis
1680 3639 1833 3705 censibus
1852 3638 1958 3704 reddi·

260 3761 294 3809 30
311 3744 398 3808 tibus
428 3744 642 3828 omnibusque
672 3743 769 3807 rebus
797 3745 974 3809 mobilibus
1005 3754 1038 3809 et
1065 3744 1275 3809 inmobilibus
1303 3766 1366 3829 que
1394 3743 1458 3807 dici
1482 3743 1535 3808 vel
1561 3744 1724 3806 nominari
1751 3739 1884 3829 potest‘l
1913 3740 1957 3806 ad

310 3848 441 3913 easdem
467 3849 622 3912 ecclesias
646 3849 881 3933 pertinentibus
904 3848 956 3912 vel
980 3848 1224 3933 aspicientibus,
1252 3847 1295 3912 ad
1317 3845 1504 3912 habendum
1526 3845 1701 3910 tenendum
1724 3843 1956 3910 comutandum

311 3950 545 4034 possidendum
566 3950 618 4014 vcl
642 3951 796 4037 quicquid
819 3953 967 4037 pontifex
991 3954 1093 4036 ipsius
1118 3950 1254 4015 ecclesie
1276 3950 1391 4015 melius
1415 3949 1590 4034 previderit
1618 3949 1810 4013 satiendum.
1850 3948 1957 4012 Preci-

311 4055 436 4137 pientes
467 4055 600 4138 insuper
628 4055 776 4119 iubemus
799 4064 835 4118 ut
856 4055 965 4119 nullus
989 4054 1056 4118 dux
1080 4053 1224 4117 marchio
1254 4074 1364 4116 cemes
1387 4054 1570 4117 vicecomes
1600 4051 1781 4117 sculdassio
1812 4051 1956 4117 decanus

311 4166 368 4219 eut
396 4156 526 4242 puplice
555 4159 659 4241 pertis
691 4167 826 4222 exactor
851 4159 1026 4222 massarios
1049 4157 1227 4221 libellarios
1250 4156 1442 4220 cartularios
1465 4157 1608 4220 censitos
1631 4155 1682 4220 vel
1705 4152 1957 4220 resedentibusd

260 4275 293 4322 co
312 4280 412 4343 supra
434 4269 553 4323 terram
577 4261 679 4344 ipsius
703 4262 807 4325 saneti
831 4261 917 4326 Petri
942 4263 1150 4346 episcopatus
1174 4261 1349 4344 pignerare
1372 4259 1570 4323 calumniare
1594 4268 1651 4323 aut
1673 4260 1792 4323 iniuste
1814 4258 1877 4322 illis
1902 4258 1957 4322 ali-

311 4361 389 4446 quid
411 4384 508 4445 agere
532 4363 653 4427 audeat
675 4386 778 4448 neque
802 4364 845 4427 ad
869 4364 1034 4449 publicum
1057 4365 1213 4448 placitum
1235 4385 1292 4427 eos
1315 4365 1362 4426 ire
1385 4361 1569 4446 compellat,
1595 4361 1652 4426 sed
1676 4364 1702 4425 si
1726 4361 1804 4447 quid
1825 4370 1957 4427 conten·

310 4464 408 4527 tionis
431 4465 515 4528 inter
538 4463 610 4528 illos
634 4475 690 4527 aut
713 4487 812 4549 supra
834 4465 908 4529 illos
932 4467 1099 4529 inventum
1126 4465 1239 4547 fuerit,
1271 4475 1345 4530 ante
1373 4466 1565 4550 episcopum
1594 4466 1697 4549 ipsius
1728 4473 1840 4528 sancte
1869 4461 1956 4527 sedis

311 4565 458 4650 diligenti
482 4567 602 4631 iudicio
628 4567 801 4632 deliniatur
824 4577 936 4632 nostra
960 4568 1148 4653 plenissima
1168 4569 1328 4653 largitate,
1353 4570 1496 4633 omnium
1514 4568 1680 4632 hominum
1698 4566 1957 4632 contradictione

310 4679 446 4734 remota.
492 4672 526 4734 Si
551 4673 622 4756 quis
646 4673 745 4754 igitur
767 4672 828 4736 hoc
851 4682 960 4736 nostre
984 4672 1169 4737 donationis
1193 4682 1225 4736 et
1249 4673 1430 4737 offersionis
1458 4680 1669 4756 praeceptum
1697 4670 1871 4755 infringere
1900 4678 1957 4734 aut

259 4788 293 4837 40
314 4771 483 4858 [milnuerc
507 4774 558 4840 vel
585 4773 857 4858 [εεηεννιᾶἰεενε]Θ
886 4775 1062 4859 aliquando
1094 4777 1261 4861 quesierit,
1297 4774 1388 4840 sciad
1411 4797 1446 4839 se
1468 4777 1726 4860 compositurum
1748 4776 1817 4838 auri
1842 4773 1954 4838 obtimi

310 4875 410 4940 libras
433 4876 530 4958 mille,
555 4879 761 4942 medietatem
785 4898 912 4941 camere
935 4879 1036 4941 nostri
1061 4878 1174 4961 palatii
1197 4888 1230 4942 et
1250 4877 1458 4944 medietatem
1477 4887 1648 4964 pretaxate
1665 4888 1777 4942 sancte
1792 4878 1955 4942 Tarvisia-

310 4979 445 5044 nensisb
469 4981 605 5044 ecclesie
630 4983 761 5065 suisque
785 4980 1003 5067 pontificibus.
1040 4981 1137 5062 Quod
1155 4991 1191 5047 ut
1205 4983 1313 5046 verius
1337 4980 1488 5046 credatur
1503 4991 1535 5045 et
1550 4981 1737 5063 diligentius
1754 4981 1953 5063 observetur,

311 5104 409 5148 manu
432 5093 546 5147 nostra
568 5082 750 5147 roboransl
772 5083 812 5148 dc
835 5084 931 5147 anulo
955 5095 1067 5149 nostro
1092 5084 1201 5149 subter
1224 5085 1361 5168 signiriss
1383 5087 1545 5149 iussimus.

259 5340 293 5386 45
412 5324 425 5406 lt}
448 5323 642 5389 Ambrosius
666 5325 881 5390 cancellarius
904 5324 1054 5389 advicem
1069 5325 1209 5391 Huberti
1230 5327 1376 5414 episcopi
1392 5335 1425 5389 et
1439 5323 1744 5390 archicancellariih
1765 5325 1956 5410 recognovit

309 5437 341 5491 et
365 5427 567 5512 subscripsit.
591 5426 605 5505 ξ
1830 5429 1887 5510 (SI.
1904 5428 1955 5510 D.)

396 5579 454 5632 ets.
483 5579 653 5649 [Lisschitzcr]
758 5582 824 5646 a)A
927 5582 955 5645 b)
972 5581 1002 5645 A,
1022 5583 1198 5634 Tarvisiensis
1216 5585 1242 5634 Β
1345 5584 1369 5646 ε)
1389 5583 1415 5633 Β
1431 5582 1487 5634 und
1503 5583 1611 5650 vetent,
1632 5585 1714 5650 iugris
1732 5582 1755 5634 A
1859 5583 1885 5645 d)
1905 5581 1956 5633 ΑΒ

481 5653 505 5713 c.)
522 5651 665 5715 intringere
684 5657 730 5701 aut
799 5652 942 5715 aliquando
962 5651 988 5701 Β
1005 5652 1059 5702 und
1076 5651 1185 5717 Uplrellr,
1203 5651 1327 5703 νεᾶἄνεεᾶ
1343 5651 1412 5703 neele
1428 5652 1451 5704 A
1469 5652 1536 5703 noeis
1553 5669 1635 5704 nuere
1652 5654 1695 5703 vel
1711 5652 1827 5703 νὶεᾶῶᾶν
1841 5666 1954 5719 qeweeen

479 5720 535 5769 seire
551 5717 601 5766 soll
696 5719 765 5783 DA,
784 5721 939 5770 roboramus
951 5720 978 5770 Β
1064 5723 1091 5787 g)
1108 5721 1141 5783 A,
1159 5728 1248 5773 necno
1266 5723 1388 5788 resigniri
1405 5722 1431 5772 Β
1517 5722 1544 5787 b)
1561 5722 1675 5774 Huberti
1693 5722 1909 5774 archicancelarii
1918 5721 1953 5771 B.
