4298 6414
516 112 558 176 98
1110 116 1566 174 KAISERURKUNDEN.

516 303 617 386 pratis
640 301 772 386 pascuis
796 297 885 364 silvis
908 300 1001 383 aquis
1025 318 1247 383 aquarumque
1271 296 1461 362 decursibus
1489 297 1683 363 molendinis
1711 297 1949 383 piscationibus
1971 297 2108 362 exitibus
2128 323 2143 363 e

514 402 672 469 reditibus
695 405 829 489 quesitis
851 413 884 466 et
905 399 1114 487 inquirendis.
1154 399 1312 464 lussimus
1336 422 1465 485 qnoque
1486 400 1549 465 hoc
1571 412 1759 486 preceptum
1781 400 1858 466 inde
1880 400 2055 483 conscribi,
2077 425 2148 487 qno

516 506 667 571 omnibus
697 506 939 571 succedentium
969 514 1150 589 temporum
1180 503 1348 568 curriculis
1378 503 1506 568 firmum
1534 515 1567 568 et
1594 504 1822 571 inconvulsum
1842 504 1935 570 nullo
1957 507 2147 591 inquietante

516 611 575 675 sed
596 609 658 675 deo
682 609 861 695 opitulante
883 608 1033 673 volumus
1055 607 1252 690 firmiterque
1275 627 1464 690 permanere
1494 606 1703 671 destinamus.
1748 608 1792 672 Et
1814 618 1850 672 ut
1871 608 1936 672 hoc
1957 619 2068 672 nostre
2089 631 2145 673 con

516 719 673 781 cessionis
696 725 885 801 preceptum
906 714 1041 778 firmiter
1067 720 1270 797 permaneat,
1304 733 1404 775 manu
1426 721 1538 775 nostra
1560 710 1674 776 subtus
1696 710 1778 776 illud
1798 711 2002 776 firmavimus
2024 723 2057 776 et
2077 712 2146 777 anul

516 822 618 884 nostri
641 819 844 904 inpressione
866 818 1018 881 iussimus
1041 815 1199 899 insigniri.

620 955 711 1021 Data
732 972 782 1019 111.
806 954 873 1020 kal.
897 957 963 1020 iun.
987 976 1073 1018 anno
1096 956 1329 1019 incarnationis
1357 953 1478 1018 domini
1508 968 1762 1035 Dccccxxxvu,
1794 953 1972 1019 indictione
1995 970 2048 1035 vl,
2079 975 2149 1018 anm

518 1061 630 1126 domni
655 1058 785 1125 Ottonis
808 1060 1003 1123 serenissimi
1027 1060 1113 1143 regis
1136 1076 1167 1139 13
1191 1067 1300 1122 actum
1323 1056 1367 1122 ad
1387 1056 1617 1142 Ingelunhem3
1639 1059 1673 1122 in
1695 1056 1747 1122 dei
1770 1059 1902 1122 nomine
1924 1078 2032 1122 amen.

1315 1247 1374 1318 ll.

527 1402 607 1478 Otto
631 1402 796 1500 bewillipt
813 1402 924 1500 plciclr
946 1402 1068 1474 seinos
1093 1401 1323 1499 Vorpdapern
1339 1400 1404 1474 der
1417 1401 1649 1501 Humbarper
1663 1402 1795 1476 Kirclre
1809 1402 1889 1475 aad
1902 1402 1975 1475 den
1991 1428 2037 1476 za
2055 1403 2126 1476 ibre

518 1519 695 1621 Spreapel
716 1521 909 1620 pebdripea
934 1519 1102 1594 Klb‘stern
1135 1521 1193 1593 die
1225 1520 1438 1595 Immersitdt
1462 1522 1543 1595 aad
1566 1522 1712 1596 verleiltt
1737 1523 1807 1596 dea
1836 1520 2023 1599 eternam
2053 1524 2141 1598 disse

518 1642 651 1718 Kll'Cdle
673 1641 739 1715 Cdssd
761 1641 870 1716 Reddi
891 1641 956 1714 der
966 1640 1095 1740 freden
1117 1640 1384 1740 Basclwsswaltl
1759 1680 1858 1740 Werpa
1879 1685 1944 1742 937
1966 1681 2049 1742 Jm·
2070 1686 2120 1742 30·

624 1853 873 1927 Orioiaoldtplom
895 1854 938 1910 im
958 1851 986 1910 lt.
1011 1850 1214 1911 Stuotsmclriu
1233 1869 1275 1910 aa
1296 1851 1456 1910 Hannooer
1477 1850 1488 1930 (
1516 1852 1536 1930 ).

621 1990 810 2063 Madauros
832 1989 885 2048 88.
909 2006 966 2048 rer.
989 1992 1126 2061 septena.
1150 1988 1192 2047 ed.
1213 1995 1238 2059 1,
1263 1992 1325 2048 149
1349 2006 1405 2048 aus
1422 1986 1503 2068 G(o)
1529 2013 1568 2042 =
1592 1990 2108 2071 Wdalciadsd.ll1eil›om116(b),

623 2092 776 2171 (Conrinp)
802 2093 920 2151 Bericht
942 2109 998 2149 con
1020 2091 1072 2149 der
1094 2092 1182 2150 ertrb.
1207 2091 1338 2151 Gereclrt.
1362 2093 1434 2151 uber
1455 2093 1583 2151 Bremea
1605 2090 1665 2163 13¹,
1691 2117 1731 2145 =
1753 2094 1885 2152 Meibom
1908 2093 2009 2165 881,
2029 2099 2101 2166 739,

619 2197 809 2269 Ιιίηᾱεηὺνορ
832 2194 885 2255 88.
909 2212 965 2253 rer.
989 2197 1124 2267 septeno.
1149 2193 1192 2254 ed.
1211 2202 1251 2265 11,
1276 2199 1339 2254 130
1360 2201 1395 2253 πθ
1412 2198 1441 2266 6,
1467 2219 1506 2249 =
1529 2196 1632 2269 Iatnip
1647 2195 1716 2255 ΒΑ.
1733 2201 1763 2267 9,
1788 2200 1849 2257 429
1871 2203 1905 2255 u⁰
1921 2202 1951 2269 1,
1976 2220 2018 2250 =
2044 2197 2089 2257 Go
2124 2221 2149 2250 ν

623 2299 779 2361 Constitut.
802 2300 874 2371 imp.
899 2297 942 2355 cd.
967 2304 1024 2367 111,
1046 2302 1077 2368 2,
1102 2300 1153 2367 42,
1178 2321 1217 2350 =
1241 2297 1409 2371 Psesfinper
1431 2299 1509 2357 Hist.
1533 2299 1583 2358 des
1606 2299 2030 2374 Braun-scluoeip·Lttnebur9.
2051 2301 2102 2360 Ha
2141 2327 2149 2352 a

620 2408 651 2474 2,
675 2407 726 2463 91.
752 2435 789 2444 —
813 2400 949 2460 Adamas
972 2400 1071 2458 Brem.
1095 2400 1138 2459 ed.
1163 2401 1272 2460 Moder
1294 2405 1356 2461 206
1379 2408 1412 2458 rr⁰
1431 2406 1472 2461 10
1494 2420 1550 2461 aas
1573 2404 1618 2461 ab.
1651 2436 1688 2445 —
1720 2403 1874 2477 Staplrorst
1896 2404 1976 2462 Hist.
2002 2404 2148 2463 Hombuae

621 2514 651 2578 1,
666 2510 731 2567 284
754 2523 810 2566 aas
832 2504 884 2564 oC.
908 2537 950 2547 -
974 2504 1149 2563 Lambeeias
1179 2504 1258 2578 Orip.
1277 2506 1440 2578 Hambarp.
1458 2506 1500 2563 cd.
1522 2513 1546 2575 1,
1571 2511 1681 2577 1,138
1703 2524 1760 2566 aas
1774 2508 1806 2566 1)
1829 2531 1869 2560 =
1891 2506 2105 2580 ed.11,1,38

620 2612 782 2684 Mieseqaes
812 2608 942 2669 Chrestls
970 2626 1027 2666 son
1054 2608 1182 2666 Bremen
1203 2612 1240 2678 2,
1264 2613 1314 2667 13.
1348 2642 1389 2652 -
1420 2609 1615 2683 Inppmbcrp
1637 2611 1744 2669 Ilomb.
1774 2610 1838 2670 ΠΒ.
1862 2616 1897 2681 1,
1922 2614 1963 2669 40
1985 2617 2020 2669 a⁰
2041 2616 2081 2671 31
2112 2631 2149 2670 os

620 2715 658 2774 Α.
691 2747 728 2756 -
761 2711 1056 2781 aeabatarnas,
1080 2715 1144 2771 457
1165 2712 1383 2785 arscollstdmlip
1405 2729 1461 2772 aas
1484 2714 1520 2772 Α.
1552 2747 1590 2755 -
1621 2714 1735 2772 Elrmck
1757 2713 1857 2772 Brenr.
1887 2714 1950 2774 UB.
1974 2719 2005 2785 1,
2029 2719 2071 2775 10
2093 2721 2127 2772 η’

621 2817 840 2890 unoollstdudiq
862 2832 919 2876 aas
941 2816 978 2874 A.
1003 2848 1046 2859 -
1068 2815 1198 2873 Bdhmer
1218 2815 1290 2888 Rep.
1315 2818 1366 2875 78.
1389 2849 1431 2860 -
1454 2815 1582 2889 Stamps
1599 2817 1670 2890 Res.
1697 2820 1747 2876 67.

623 2957 686 3016 Voa
707 2955 770 3014 ΡΛ.
793 2955 869 3014 uach
893 2952 1016 3026 concept
1036 2953 1229 3025 pescluieben.
1270 2953 1328 3010 Dic
1349 2971 1418 3011 auru
1446 2953 1529 3012 Tlreil
1550 2954 1785 3027 unpeusetnlichc
1806 2953 1870 3013 arrd
1887 2953 2071 3027 petuncteltc
2092 2956 2124 3013 F
2145 2979 2149 2989 ·

620 3078 697 3134 suno
719 3061 773 3118 mit
793 3059 948 3132 pere-imtcr
970 3057 1090 3130 Areapa
1112 3058 1150 3114 ist
1173 3057 1247 3116 ‘reolrl
1269 3057 1360 3115 taum
1382 3058 1416 3114 ta
1437 3057 1489 3115 der
1510 3056 1637 3115 Kato-alet
1658 3057 1840 3116 eatstundea.

623 3233 681 3313 (C.)
705 3231 719 3313 ξ
741 3231 779 3294 In
802 3232 932 3294 nomine
955 3239 1088 3293 sanctae
1111 3238 1143 3292 ct
1165 3228 1352 3294 individuae
1380 3230 1545 3293 trinitatis.
1591 3227 1669 3292 Otto
1698 3227 1809 3293 divina
1838 3229 1967 3292 favente
1996 3229 2146 3295 clementi

517 3361 586 3402 rex.
676 3335 739 3416 Qui
762 3333 918 3399 mundiali
941 3344 1102 3419 potestate
1126 3331 1264 3417 praediti
1288 3331 1545 3416 quibuscumque
1568 3332 1759 3394 necessariis
1789 3333 1967 3414 regentium
1998 3332 2142 3417 suffraga

518 3441 684 3521 festinant,
706 3438 720 3521 ξ
743 3435 885 3500 divinam
909 3435 969 3500 sibi
993 3435 1073 3499 nihil
1095 3434 1250 3518 refragari
1275 3435 1452 3497 certissime
1472 3435 1585 3515 sciant,
1608 3434 1747 3519 ideoque
1762 3456 1829 3498 non
1844 3432 2060 3518 dedignamur
2075 3436 2149 3500 affe

518 3553 587 3608 tum
610 3542 653 3606 ad
674 3564 735 3606 nos
759 3541 1015 3623 confugientium
1038 3538 1214 3624 perducere
1238 3538 1281 3602 ad
1304 3538 1462 3620 effectum,
1487 3539 1563 3623 quia
1586 3537 1628 3603 ob
1651 3538 1713 3602 hoc
1732 3536 1920 3623 temporalis
1935 3541 2027 3623 regni
2044 3541 2149 3604 mouu'

519 3649 681 3711 cationem
703 3643 799 3710 nobis
822 3646 943 3730 pariter
966 3665 1134 3728 speramus
1157 3653 1189 3706 et
1208 3642 1494 3727 amplificationem
1514 3641 1750 3726 aeternalisque
1765 3652 1995 3727 proventuram
2011 3653 2148 3728 perpetu

519 3752 763 3838 perennitatem.
800 3747 896 3813 Unde
918 3749 1045 3812 noverit
1067 3749 1210 3810 onmium
1232 3745 1376 3810 fidelium
1399 3755 1584 3810 nostrorum
1606 3748 1824 3830 praesentium
1847 3744 1970 3809 scilieet
1993 3756 2025 3809 et
2047 3745 2149 3810 futur

518 3877 589 3919 rum
621 3855 800 3937 sagacitas,
835 3849 923 3937 quod
953 3849 1108 3933 Adaldag
1137 3859 1270 3913 sanctae
1293 3848 1605 3931 Hammaburgensis
1636 3847 1814 3912 aecclesiae
1843 3847 2036 3913 venerabilis
2066 3872 2136 3913 arc

518 3962 692 4043 episcopus
716 3956 829 4022 adiens
853 3954 1080 4020 excellentiam
1104 3955 1285 4017 serenitatis
1308 3964 1439 4016 nostrae
1462 3955 1619 4038 expetivit
1641 3975 1662 4016 a
1683 3963 1796 4017 nostra
1818 3955 1937 4038 pietate
1959 3951 2058 4017 talem
2075 3952 2139 4017 libe

518 4073 618 4127 tatem
651 4070 683 4125 ot
715 4062 883 4125 tuitionem
917 4058 1121 4122 monasteriis
1155 4058 1188 4119 in
1222 4058 1291 4120 eius
1324 4058 1491 4142 episcopio
1516 4056 1783 4138 consistentibus,
1819 4055 1947 4142 qualem
1975 4066 2085 4119 cetera
2112 4078 2149 4141 pt

517 4178 664 4233 nostrum
693 4187 827 4250 regnum
856 4165 1054 4228 monasteria
1085 4170 1263 4226 noscuntur
1293 4160 1422 4225 habere.
1467 4158 1568 4225 Cuius
1603 4161 1757 4244 quoniam
1790 4161 1877 4224 iusta
1905 4168 1938 4222 et
1965 4156 2139 4223 rationabil

517 4270 645 4336 videtur
673 4270 801 4355 petitio,
836 4266 880 4332 ad
908 4266 1065 4330 honorem
1095 4274 1227 4328 sanctae
1258 4262 1307 4326 dei
1338 4265 1502 4347 genitricis
1524 4262 1649 4327 Mariae
1671 4264 1722 4327 eui
1746 4262 1839 4327 locus
1865 4260 1918 4326 ille
1940 4262 2105 4328 Hammab

517 4384 568 4438 ost
589 4382 816 4454 consecratus,
840 4371 944 4436 eidem
968 4369 1042 4433 loco
1067 4368 1254 4453 supradicto
1278 4366 1487 4431 concedimus
1511 4388 1622 4430 omnes
1646 4365 1873 4429 concessiones
1896 4387 1977 4450 quas
2000 4386 2149 4430 concess

518 4489 591 4543 rant
619 4478 795 4541 anteriores
825 4475 1029 4538 Francorum
1059 4494 1168 4555 reges,
1203 4473 1382 4556 ceterisque
1405 4471 1611 4534 monasteriis
1634 4466 1677 4532 ad
1698 4467 1782 4531 lianc
1806 4466 1962 4533 diocesim
1984 4469 2131 4553 pertinen

517 4581 594 4661 bus,
630 4579 663 4644 id
686 4588 735 4643 est
757 4577 1036 4657 Rhamaslalrun⁸,
1070 4576 1228 4655 Bremun,
1253 4574 1442 4654 Bircsinun,
1465 4572 1638 4654 Bukkiun,
1662 4569 1838 4635 videlicetb
1866 4581 1903 4636 ut
1931 4568 2039 4636 nullus
2070 4570 2144 4636 iude

519 4682 668 4768 publicus
690 4680 741 4744 vel
765 4679 930 4767 quaelibet
952 4678 1122 4743 iudiciaria
1144 4689 1291 4764 potestas
1314 4678 1457 4764 aliquam
1481 4678 1541 4743 sibi
1564 4675 1707 4741 vindicet
1729 4687 1923 4762 potestatem
1945 4679 1980 4741 in
2004 4677 2149 4763 supradi

519 4798 625 4851 torum
647 4784 833 4849 hominibus
856 4784 1135 4865 monasteriorum,
1158 4782 1224 4846 litis
1246 4781 1397 4847 uidelicet
1421 4792 1453 4845 ct
1475 4780 1610 4863 colonis,
1633 4779 1684 4844 vel
1708 4802 1764 4844 eos
1788 4780 1905 4867 aliquis
1928 4782 2044 4866 capitis
2059 4779 2148 4846 bann

521 4888 563 4953 ob
585 4890 702 4973 capitis
725 4888 845 4951 lurtum
860 4884 912 4949 vel
936 4906 1141 4970 quocumque
1163 4884 1272 4950 banno
1297 4887 1499 4968 constringat
1521 4893 1578 4947 aut
1601 4882 1744 4968 aliquam
1765 4883 1928 4947 iusticiam
1950 4882 2058 4947 facere
2072 4903 2147 4968 cog

520 4992 581 5055 nisi
605 4989 785 5056 advocatus
809 4988 1056 5073 archiepiscopi,
1080 4986 1236 5072 quamdiu
1259 5010 1315 5051 cos
1338 4989 1499 5073 corrigere
1523 4986 1677 5068 valuerit,
1701 4985 1830 5070 quodsi
1847 4987 2019 5071 quisquam
2040 4984 2097 5051 illo
2146 5016 2149 5046 t

520 5093 748 5178 incorrigibilis
772 5094 914 5158 extiterit
936 5102 972 5157 ut
994 5091 1096 5157 abeo
1119 5094 1237 5177 corrigi
1260 5113 1326 5157 non
1348 5091 1496 5174 valuerit,
1519 5100 1596 5155 tunc
1620 5089 1661 5154 ab
1686 5089 1872 5155 advocato⁰
1893 5088 1997 5154 isdem
2019 5111 2149 5174 praese

659 5285 666 5299 .
722 5249 737 5295 's
793 5285 801 5299 .

627 5244 667 5388 ll.
697 5245 801 5403 [ltilbl]
905 5344 931 5397 a)
950 5352 983 5385 ur
1016 5335 1133 5402 rtlnpls'els
1151 5352 1187 5399 ra,
1211 5335 1283 5386 dorm
1301 5331 1558 5399 transposuisset
1654 5333 1681 5393 b)
1701 5349 1715 5382 c
1733 5347 1799 5381 corr.
1817 5331 1891 5382 aral
1983 5333 2008 5393 c)
2021 5306 2092 5396 'arcp
2112 5334 2149 5372 ··.

693 5334 746 5456 lan
763 5405 907 5467 abvocato,
929 5405 992 5456 darc
1028 5404 1278 5471 dbupoedrtebsacr
1296 5404 1330 5456 ad
1349 5406 1458 5469 erptiam
