4298 6414
878 462 1004 521 ΟΤΤΟ
1026 463 1050 519 Ι.
1075 457 1265 520 986-973.
1831 455 1894 521 629

251 662 427 723 conturbent,
450 660 496 712 sed
518 661 598 712 liceat
619 660 711 711 abbati
734 661 842 727 suisque
864 661 999 712 monachis
1022 661 1071 710 sub
1095 660 1188 726 regula
1210 661 1294 710 sancti
1316 660 1453 711 Benedicti
1482 660 1578 727 degere
1600 666 1627 712 et
1649 660 1746 712 cotidie
1768 679 1815 727 pro
1838 664 1892 712 ani-

251 765 347 814 mabus
369 754 485 825 [nostrlis
498 780 516 811 a
530 762 623 813 laudes
637 761 687 814 deo
703 761 796 814 offerre
812 780 836 814 e.
869 763 897 813 Si
913 765 972 829 quis
986 765 1067 829 igitur
1082 746 1303 813 contradictor
1325 768 1418 815 eontra
1433 763 1475 815 dci
1491 767 1674 816 auctoritatem
1691 772 1718 816 et
1739 783 1755 814 s
1777 772 1893 816 nostram

251 866 479 918 confirmationem
501 865 603 932 aliquid
625 881 704 932 agere
727 869 894 932 temptaverit
906 861 927 931 '‚
956 869 1022 917 sciat
1050 881 1078 917 se
1107 867 1313 932 compositurum
1342 868 1400 917 anri
1422 869 1482 933 puri
1505 867 1586 919 libras
1608 867 1680 919 mille
1702 885 1725 918 e.
1764 868 1842 930 Quod
1864 875 1894 919 ut

249 972 341 1021 verius
363 971 487 1022 credatur
508 976 535 1023 et
556 972 590 1021 ab
606 971 729 1021 omnibns
747 970 919 1033 custodiatur,
942 985 1021 1021 mann
1044 971 1151 1035 propria
1173 969 1328 1021 roborantes
1351 970 1432 1036 sigilli
1455 973 1537 1022 nostri
1560 973 1724 1037 inpressione
1745 978 1892 1037 presentem

214 1079 232 1128 ὁ
250 1076 378 1142 paginam
400 1077 525 1126 iussimus
546 1074 667 1141 insigniri
689 1074 807 1125 iuferius.

356 1203 370 1285 i
392 1196 527 1283 Signum
550 1196 661 1262 domni
684 1193 824 1261 Ottoni¹¹
847 1195 941 1281 primi
963 1197 1049 1280 regis
1072 1195 1277 1260 invictissimi
1299 1196 1346 1281 ξ(
1378 1196 1399 1276 .)
1653 1268 1655 1283 Ι

355 1299 575 1386 ξῦηιίατάιιε
599 1297 813 1364 cancellarius
835 1297 1043 1364 Hermannus
1068 1297 1358 1385 archiepiscopusu
1379 1301 1616 1385 recognovit}
1712 1299 1796 1381 (SR.)
1821 1302 1892 1381 (Sl.)

352 1439 443 1505 Data
461 1457 493 1505 v,
516 1438 589 1504 idus
612 1437 706 1524 april.
728 1459 814 1503 anno
835 1437 997 1503 dominice
1019 1436 1276 1502 incarnatioonis
1289 1445 1303 1474 ¹²
1326 1450 1521 1518 accccnxn,
1544 1436 1669 1521 imperii
1688 1435 1891 1500 verodomni

251 1544 457 1628 imperatoris
481 1541 637 1608 Hottonis
660 1541 790 1626 angusti
813 1541 950 1625 piissimi
973 1558 995 1621 1,
1018 1539 1197 1604 indictione
1220 1556 1258 1621 νς
1284 1535 1405 1620 aet[um
1427 1535 1558 1645 Pap]ie;
1584 1536 1722 1603 feliciter
1744 1560 1848 1603 amen.

206 1786 233 1834 re
776 1788 781 1797 ’
1029 1758 1116 1832 itt.

984 1913 1158 1994 (Ueneti.)

260 2054 341 2131 Otto
367 2055 507 2130 scdcnkt
531 2053 611 2127 dem
637 2052 781 2127 Kioster
806 2050 844 2128 S.
864 2051 986 2125 Pistre
1013 2053 1054 2125 in
1082 2051 1176 2128 Oieio
1205 2052 1239 2125 d'
1255 2077 1317 2125 oro
1344 2077 1390 2124 an
1416 2051 1537 2123 Panic
1564 2053 1642 2125 cine
1675 2051 1818 2149 Capella
1843 2056 1893 2126 iric

255 2176 369 2249 Thale
395 2175 608 2249 Bellinzono
634 2173 713 2246 aad
738 2173 900 2271 bestittipt
924 2172 996 2246 dns
1022 2171 1264 2246 verschiedcne
1291 2171 1530 2270 Besitzunpen
1554 2171 1635 2244 aad
1659 2171 1796 2246 Redite.

1546 2326 1587 2337 -
1610 2297 1672 2354 eie
1695 2293 1776 2354 Just
1796 2297 1848 2357 25,

206 2503 234 2551 to
358 2486 498 2546 cesenae
519 2484 569 2544 des
591 2487 642 2544 12.
659 2483 730 2542 oder
744 2488 794 2544 13.
813 2482 866 2543 Jd.
891 2485 924 2541 in
944 2481 1147 2556 Diptomfcrm
1170 2484 1211 2540 im
1233 2483 1259 2541 t.
1281 2482 1483 2543 Stootsorcbic
1503 2500 1544 2541 aa
1566 2481 1707 2540 Mniland
1728 2480 1789 2560 (A).

354 2622 493 2681 Roboiini
514 2621 633 2680 Notiaie
655 2620 687 2678 di
701 2621 796 2680 Paeto
809 2624 840 2691 2,
856 2625 920 2683 224
936 2621 1023 2681 Estr.
1048 2654 1089 2664 -
1113 2620 1241 2693 Stamps
1260 2620 1334 2679 Acta
1358 2619 1470 2678 inedita
1491 2622 1555 2680 310
1577 2625 1612 2677 πθ
1625 2623 1688 2681 219
1711 2636 1768 2679 aas
1790 2619 1828 2681 A.
1852 2654 1893 2663 -—

356 2724 483 2797 Stnmps
500 2724 573 2796 Rep.
598 2725 676 2783 507α
697 2741 738 2782 aa
759 2727 831 2783 972.

359 2860 418 2933 Vp.
441 2858 509 2920 no.
527 2862 598 2919 sco.

357 3047 415 3127 (c.)
438 3044 453 3125 ξ
474 3046 513 3110 ln
539 3044 669 3110 nomine
698 3043 821 3110 domini
847 3042 899 3108 dei
928 3045 1062 3110 aeterni.
1107 3042 1185 3110 Otto
1215 3043 1325 3109 divina
1355 3045 1485 3110 favento
1515 3044 1688 3110 clementia
1717 3048 1893 3132 imperator

206 3159 419 3234 coaugustus.
507 3164 619 3214 Noverit
647 3150 755 3233 itaque
786 3164 902 3212 omniurn
931 3167 1021 3212 saneto
1050 3162 1092 3212 dei
1121 3162 1232 3213 ecclesie
1260 3161 1378 3214 fidelium
1399 3168 1602 3229 nostrorumque
1624 3165 1785 3229 presentium
1809 3165 1894 3215 silicet

253 3282 285 3317 ac
307 3266 456 3317 futurorum
482 3266 627 3328 industria,
656 3272 695 3315 cc
718 3249 832 3335 (111οἅιι
853 3248 1050 3316 Adclbertus
1079 3280 1145 3315 mar·
1167 3248 1181 3330 ξ
1203 3265 1263 3315 chio
1292 3266 1457 3334 dilectusque
1479 3250 1565 3317 filius
1588 3274 1677 3318 noster
1699 3253 1894 3335 nostramqueb

254 3355 442 3441 suppliciter
465 3371 585 3422 exoravit
607 3371 746 3421 clementia
757 3353 780 3432 b,
824 3376 954 3435 quatenus
977 3387 1024 3434 pro
1048 3369 1090 3420 dei
1113 3385 1202 3420 nmero
1224 3363 1257 3420 ct
1280 3369 1424 3420 remedium
1446 3370 1533 3420 anime
1555 3375 1645 3420 nostre
1667 3370 1796 3434 capellam
1814 3387 1893 3421 uriam

254 3477 281 3524 in
301 3476 400 3525 benere
423 3458 517 3524 beate
540 3473 583 3525 dei
604 3474 740 3539 genitricis
763 3473 846 3523 Maris
869 3488 921 3538 que
944 3474 1011 3523 scita
1032 3487 1089 3522 esse
1112 3472 1259 3522 dinoscitur
1280 3474 1308 3521 in
1331 3472 1400 3523 valle
1423 3479 1485 3543 quc
1508 3457 1626 3523 dicitur
1648 3473 1792 3537 Bellisone,
1815 3460 1892 3524 iuris

253 3564 356 3626 nostri
384 3559 569 3627 iuditialiab
598 3562 772 3626 comitatus
794 3559 1049 3626 Mediolanensis
1080 3559 1250 3625 monachis
1281 3559 1341 3624 deo
1373 3560 1606 3626 famulantibus
1637 3563 1669 3626 in
1695 3565 1892 3627 monasterio

206 3691 235 3739 25
254 3668 358 3730 sancti
374 3664 462 3729 Petri
478 3662 547 3731 (icli
571 3665 660 3729 aurei
683 3681 717 3730 ob
741 3679 782 3729 dei
805 3680 979 3729 reverentiam
1001 3682 1171 3743 nostramque
1194 3684 1348 3743 perpetuam
1371 3679 1481 3729 salutem
1504 3681 1532 3729 in
1555 3680 1702 3730 subsidium
1725 3687 1752 3731 ct
1774 3682 1893 3732 substen-

253 3787 379 3834 tationem
402 3789 493 3834 mstm
515 3766 704 3853 plenissima
722 3763 999 3831 concederemusb
1020 3764 1242 3850 largitatem.b
1279 3781 1363 3831 enim
1384 3783 1508 3846 precibus
1530 3789 1700 3833 assensum
1723 3768 1894 3854 prebentes

253 3888 302 3937 inm
326 3871 509 3935 serenitatis
532 3891 620 3935 nosne
642 3890 794 3950 preceptum
821 3891 864 3933 ex
886 3868 1082 3934 denunciata
1108 3868 1236 3954 capella
1258 3892 1320 3955 que
1342 3869 1479 3935 fundata
1502 3892 1573 3936 esse
1596 3872 1742 3936 noscitur
1763 3874 1797 3937 in
1820 3870 1893 3938 loco

253 3991 298 4055 qm
328 3989 424 4038 dicitur
445 3988 599 4050 plumesce,
630 3972 707 4035 iuris
737 3972 839 4036 nestri
870 3973 903 4036 in
925 3970 1040 4036 eodem
1070 3981 1183 4036 sancto
1212 3971 1349 4036 cenobio
1379 3971 1540 4038 donamus
1569 4005 1629 4040 cum
1652 3990 1776 4049 onimbm
1805 3975 1895 4040 adia-

253 4078 369 4141 centiis
392 4093 447 4141 suis
470 4082 502 4139 ci
524 4090 705 4155 pertinentiis,
734 4106 794 4140 cum
817 4092 899 4140 servis
923 4095 948 4140 et
971 4090 1075 4140 ancillis
1096 4089 1234 4140 libellariis
1257 4094 1337 4155 atque
1359 4074 1544 4141 audionibnsb
1568 4093 1637 4142 iuste
1661 4099 1688 4143 et
1708 4093 1829 4159 legaliter
1851 4077 1894 4142 ad

206 4202 236 4251 so
254 4178 392 4245 eandem
416 4177 575 4264 capellam
598 4193 806 4257 pertinentibus,
837 4175 1007 4262 [necnon]
1029 4185 1062 4242 et
1085 4178 1253 4261 assignata
1276 4199 1391 4242 mansa
1414 4178 1457 4242 ad
1481 4178 1618 4244 eandem
1641 4179 1801 4266 capellam
1824 4204 1895 4266 per·

255 4284 390 4347 tinentia
405 4279 544 4345 describi
568 4281 739 4345 iussimus:
763 4290 812 4345 est
828 4302 967 4367 namque
983 4303 1065 4345 unus
1089 4302 1130 4344 ex
1146 4278 1210 4344 illis
1234 4281 1359 4365 positus
1375 4281 1408 4345 in
1423 4279 1502 4345 villa
1518 4303 1580 4366 que
1596 4281 1714 4347 dicitur
1731 4281 1893 4368 Oibiasca,

255 4396 286 4450 ct
310 4383 391 4449 alius
415 4387 448 4448 in
463 4384 541 4448 villa
558 4383 738 4469 Comagra3
761 4386 794 4448 in
810 4382 889 4449 villa
905 4383 1079 4449 Comarino
1104 4393 1178 4448 sunt
1201 4394 1368 4449 manentes
1389 4384 1464 4466 duo,
1487 4406 1589 4471 prope
1611 4386 1717 4472 ipsam
1733 4387 1894 4473 capellam

254 4491 288 4553 in
303 4486 477 4552 Plumasca
494 4495 568 4552 sunt
586 4509 718 4552 mansos
742 4487 823 4552 duos
847 4497 879 4552 et
900 4510 983 4552 unus
1005 4489 1039 4551 in
1060 4487 1140 4552 villa
1156 4487 1337 4571 Legumino
1364 4485 1417 4571 [et]
1442 4486 1579 4553 alteria
1602 4488 1675 4554 loco
1699 4491 1753 4573 qui
1777 4489 1895 4555 dicitnr

254 4591 426 4674 lntragna,
454 4612 529 4654 cum
558 4591 707 4676 pessaria
736 4600 768 4654 et
796 4588 990 4656 molendinis
1014 4590 1140 4655 duobus
1165 4612 1237 4654 cum
1262 4592 1348 4655 omni
1377 4590 1446 4655 iure
1473 4600 1505 4654 et
1531 4590 1722 4656 adiacentiis
1745 4600 1777 4655 et
1799 4595 1894 4677 perti·

206 4695 388 4775 tenendis,
418 4692 572 4758 videlicet
606 4714 681 4757 cum
710 4695 797 4757 omni
824 4691 947 4758 honore
971 4716 1044 4759 curn
1068 4693 1152 4758 fetro
1176 4714 1250 4758 cum
1273 4692 1474 4778 albergarias
1497 4715 1571 4758 cum
1595 4696 1720 4779 campis
1743 4694 1895 4760 vinenisl

253 4798 354 4883 pratis
392 4795 483 4861 silvis
517 4795 666 4860 stalareis
701 4798 789 4880 rupis
823 4797 947 4881 rupinis
981 4795 1147 4860 montibus
1181 4795 1391 4880 planicibusl
1424 4797 1667 4883 piscacionibus
1699 4797 1895 4863 molendinis

252 4901 347 4985 aquis
370 4921 528 4985 aquarum
551 4898 704 4964 ductibus
728 4900 830 4963 servis
853 4909 886 4964 et
909 4898 1036 4964 ancillis
1064 4921 1104 4963 ac
1125 4898 1257 4963 familiis
1280 4901 1445 4985 utriusque
1469 4922 1578 4965 sexus.
1622 4901 1665 4964 Et
1696 4900 1738 4965 do
1767 4903 1801 4965 in
1830 4900 1894 4965 alio

252 5003 325 5067 loeo
349 5005 382 5067 in
405 5003 544 5067 eodem⁶
567 5003 834 5087 supranominate
863 5001 1001 5067 cenobio
1025 5002 1080 5088 qni
1111 5000 1229 5065 dicitur
1250 5000 1413 5067 Besozola
1443 5024 1503 5066 sex
1531 5023 1679 5083 mansos,
1709 5003 1792 5066 sieut
1820 5012 1894 5066 sunt

253 5106 500 5187 determinatas,
529 5127 603 5170 cum
625 5107 728 5190 pratis
751 5102 879 5169 vineisd
907 5103 998 5170 silvis
1021 5114 1151 5169 etcum
1173 5126 1233 5168 sex
1257 5103 1415 5169 sedimine
1437 5104 1482 5170 ibi
1506 5105 1646 5169 iacentia
1668 5103 1766 5189 [cum]
1792 5107 1894 5170 servis

206 5230 236 5279 tc
253 5217 286 5272 ct
307 5206 434 5273 ancillis
450 5229 525 5272 cum
541 5209 629 5272 omni
648 5205 770 5272 honore
792 5207 878 5272 fetro
894 5205 1097 5291 albergarias
1121 5214 1153 5271 et
1175 5228 1250 5270 cum
1274 5209 1361 5271 omni
1380 5205 1526 5272 districto
1550 5229 1623 5272 cum
1642 5209 1798 5292 pascuis⁰
1820 5229 1894 5272 cnm

252 5310 419 5395 gressibus
447 5318 480 5375 ct
506 5308 717 5394 ingressibus.
762 5309 806 5374 m
834 5310 876 5375 do
906 5309 1053 5375 similiter
1080 5310 1114 5374 in
1143 5309 1258 5375 eodem
1287 5311 1486 5376 monasterio
1510 5320 1575 5376 tres
1602 5333 1735 5378 mansos
1764 5313 1797 5376 in
1819 5311 1892 5377 loeo

339 5478 398 5535 ste.
426 5482 454 5543 v)
473 5483 614 5548 teptaverit
630 5479 696 5532 etna
713 5478 988 5547 Abkttannpmicbon.

339 5583 397 5640 iti.
425 5583 736 5720 [amonem-cambi?
824 5587 850 5649 a)
870 5585 941 5651 quod
965 5584 1026 5636 tiber
1047 5583 1095 5635 der
1116 5583 1187 5635 Zeila
1210 5583 1398 5650 noctpetraqm
1501 5582 1569 5652 Μ
1673 5584 1698 5651 c)
1719 5584 1825 5636 inodsm
1848 5587 1895 5635 mc

206 5721 236 5770 ω
424 5653 550 5777 iiiia&
566 5651 637 5706 Zeta
652 5669 702 5705 noe
736 5659 913 5721 aragonense
1016 5652 1126 5719 d)sotpt
1140 5652 1256 5721 petitque
1273 5655 1300 5721 pi
1317 5653 1534 5721 (piscacionibus)
1637 5651 1661 5719 c)
1676 5669 1743 5704 corn.
1762 5670 1810 5704 one
1832 5669 1894 5720 pas·
