4500 6420
1000 462 1125 520 oreo
1147 463 1171 518 1.
1195 460 1267 518 664.
1892 445 1957 520 315

311 662 491 712 testimonium
514 659 644 711 bonorum
666 659 802 709 hominum
824 658 1087 709 circummanentium
1109 674 1137 708 se
1160 657 1308 720 defendere,
1331 659 1400 709 inste
1423 663 1450 710 et
1471 637 1593 725 legaliter
1614 659 1675 709 illas
1698 675 1739 710 res
1761 661 1796 711 ad
1817 661 1956 713 ecclesiam

311 767 457 832 pertinere,
488 770 514 815 et
535 765 573 814 sic
596 763 701 814 easdem
724 779 766 814 res
788 761 822 812 ad
844 764 886 812 ius
909 767 935 813 et
958 762 1103 812 dominium
1126 761 1252 812 ecclesiae
1275 761 1392 812 redeant.
1436 744 1471 811 Sl
1494 748 1567 834 quis
1588 747 1684 813 huius
1706 759 1817 834 nostrl}
1841 750 1957 816 confir·
1980 827 1989 837 .

311 856 466 921 metionis
489 861 678 940 preceptum
700 852 874 935 infringere
896 850 949 915 vel
971 849 1094 915 violare
1116 851 1325 933 temptaverit
1347 857 1380 914 et
1401 848 1546 935 predicte
1569 851 1727 916 ecclesiae
1748 852 1835 917 beati
1855 853 1957 919 Bene·

312 958 391 1023 dicti
407 967 550 1023 rectores
565 979 605 1021 66
621 965 769 1042 pastores
784 953 835 1019 vel
852 970 965 1019 eorum
979 955 1097 1019 missos
1115 974 1172 1017 seu
1186 951 1315 1038 aliquos
1337 951 1485 1017 homines
1508 954 1588 1038 ipsis
1611 957 1807 1040 pertinentes
1832 956 1959 1021 distrin-

277 1063 395 1146 egerit
415 1070 473 1125 aut
495 1060 638 1147 aliquam
660 1059 850 1124 violentiam
872 1057 997 1138 feccrit,
1021 1057 1104 1120 sciat
1127 1079 1161 1120 se
1184 1058 1442 1142 compositurum
1464 1058 1535 1121 auri
1559 1059 1671 1142 optimi
1693 1057 1794 1123 libres
1817 1069 1956 1140 centum,

310 1164 519 1230 medietatem
551 1163 684 1246 kamere
717 1169 826 1245 nostre
855 1169 889 1224 et
915 1158 1122 1225 medietatem
1156 1158 1283 1245 prefato
1318 1160 1496 1226 venerabili
1531 1160 1643 1226 abbati
1666 1160 1799 1226 Alierno
1828 1170 1860 1227 et
1887 1165 1957 1227 eius

312 1265 557 1333 successoribus
581 1267 635 1351 qui
658 1285 717 1349 pro
740 1274 886 1348 tempore
908 1262 1029 1328 fuerint
1050 1271 1193 1327 rectores
1216 1262 1361 1329 eiusdem
1385 1264 1553 1330 ecclesiae.
1589 1265 1686 1345 Quod
1707 1274 1743 1331 ut
1757 1267 1866 1332 verius
1889 1289 1957 1332 cre·

312 1370 408 1436 datur
429 1379 462 1434 et
477 1368 665 1452 diligentius
688 1366 730 1432 ab
755 1365 905 1431 omnibus
929 1365 1128 1448 observetur,
1151 1367 1306 1432 iussimus
1329 1367 1404 1433 inde
1426 1368 1489 1433 hoc
1512 1391 1645 1454 presens
1668 1381 1858 1455 preceptum
1880 1392 1957 1435 cun·

310 1473 503 1538 firmationis
527 1470 689 1536 conscribi
714 1468 875 1555 anuloque
897 1479 1009 1534 nostro
1035 1467 1180 1553 sigillari,
1203 1492 1303 1535 manu
1325 1472 1459 1556 propria
1482 1471 1592 1536 subter
1614 1472 1825 1537 linnevinrus.

261 1617 293 1669 10
412 1608 426 1694 6
449 1608 586 1694 Signum
609 1607 719 1673 domni
743 1605 874 1672 Ottouis
897 1606 1008 1690 magni
1031 1613 1064 1670 et
1085 1605 1289 1670 invictissimi
1315 1606 1380 1688 (Μ.)
1404 1609 1609 1692 imperatoris
1632 1609 1772 1692 augusti.
1795 1608 1810 1692 6

413 1711 636 1795 6116166666
660 1709 875 1775 cancellarius
898 1707 1047 1773 advicem
1070 1707 1232 1773 Uuidonis
1255 1710 1402 1794 episcopi
1425 1720 1457 1774 et
1479 1710 1757 1776 archicancellarii
1780 1713 1955 1795 recognovi

311 1824 344 1879 et
366 1814 556 1900 subscripsi.
579 1812 593 1894 1
1831 1815 1888 1895 (SI.
1913 1813 1955 1894 3.)

413 1951 504 2016 Dete
531 1967 591 2014 xn.
621 1949 689 2014 hal.
720 1959 813 2014 mart.
846 1970 932 2013 anno
963 1947 1146 2012 dominicae
1176 1949 1409 2012 incarnationis
1432 1965 1662 2032 ncccctxnn,
1697 1949 1873 2015 indictione
1897 1967 1957 2032 vn,

310 2074 396 2117 6666
419 2053 546 2139 imperii
570 2056 679 2137 magni
695 2051 825 2118 Ottonis
849 2053 1055 2137 imperatoris
1079 2052 1208 2137 augusti
1231 2068 1288 2133 1113
1311 2061 1419 2116 actum
1435 2055 1467 2116 in
1484 2053 1563 2118 villa
1578 2053 1719 2118 Paterno
1742 2055 1776 2117 in
1798 2055 1956 2119 comitatu

262 2166 293 2214 1⁶
311 2156 499 2242 Ρ6666666ς
520 2157 659 2222 feliciter
680 2178 785 2222 amen.

1093 2331 1179 2405 263.

319 2484 399 2562 Ouo
427 2486 587 2585 bestdtipt
612 2485 692 2559 dem
710 2485 873 2559 Bistbuw
901 2486 1063 2560 Marsica
1096 2486 1166 2559 den
1185 2484 1428 2576 Bese’tzstund,
1466 2484 1524 2559 die
1542 2485 1756 2559 Immwnitdt
1786 2484 1866 2558 wod
1891 2484 1957 2558 dos

310 2605 642 2702 Inquwt'tfousrecbt
672 2606 753 2678 66661
776 2605 915 2679 schenkl
942 2605 1021 2678 dem
1045 2605 1213 2705 Btswofe
1240 2604 1425 2679 Albertmrs
1457 2606 1538 2678 und
1562 2606 1684 2679 dassen
1709 2606 1958 2705 Necbfolpern

311 2726 377 2800 des
394 2726 537 2800 Kloster
554 2726 711 2800 Barnea.
1464 2747 1592 2806 Pcteww
1615 2749 1678 2807 964
1701 2747 1841 2806 Feruor
1864 2749 1914 2806 19.

259 2925 293 2973 eo
412 2917 534 2991 Diplom
567 2915 782 2990 eweifelhuster
808 2917 936 2992 (1611666
965 2920 1008 2977 im
1030 2916 1156 2977 Archino
1185 2918 1234 2977 des
1261 2918 1463 2989 bisclsdtlichew
1488 2917 1755 2978 Generelvr'ecricts
1784 2937 1824 2978 ew
1846 2919 1958 2980 Peder-

412 3023 485 3081 own
506 3019 570 3099 (A).

412 3157 540 3232 Stwmps
559 3158 732 3218 detained.
757 3163 819 3218 714
840 3165 875 3217 w⁰
898 3161 961 3219 513
983 3177 1039 3219 aas
1062 3157 1100 3220 A.
1127 3193 1164 3203 -
1189 3157 1319 3232 Stuwps
1339 3159 1410 3232 Rw.
1434 3161 1521 3220 336⁶.

412 3296 470 3354 De
493 3295 665 3370 Schewkww
694 3313 751 3355 voe
776 3296 895 3355 Borree
923 3314 964 3355 66
991 3297 1048 3355 den
1074 3299 1244 3370 peuermten
1267 3294 1395 3367 Bischos
1418 3297 1476 3369 pub
1498 3295 1608 3355 Anwss
1640 3296 1688 3354 die
1715 3296 1877 3358 oriendae
1906 3297 1955 3356 des

411 3399 546 3457 Klosters
575 3399 620 3458 uls
640 3399 783 3473 Vorloqew
809 3418 850 3458 ew
877 3401 1035 3470 66661666,
1069 3401 1103 3457 in
1131 3402 1223 3458 crater
1245 3398 1336 3458 16616
1366 3398 1420 3458 dus
1451 3403 1540 3458 enter
1560 3399 1628 3460 Do.
1654 3402 1714 3461 261
1746 3401 1894 3458 eructate
1914 3400 1954 3459 D.

412 3501 615 3574 1666616,
644 3503 783 3562 66666661
810 3504 880 3562 eber
907 3503 983 3562 cuch
1005 3502 1060 3561 des
1081 3501 1120 3560 D.
1146 3502 1313 3576 Berenpars
1335 3501 1400 3561 6661
1421 3502 1587 3563 6166166616.
1625 3503 1730 3563 Derris
1752 3501 1956 3576 Anfwwew

413 3607 491 3665 eines
515 3603 661 3679 eowepts,
684 3606 800 3666 welches
822 3603 1016 3665 61666116.
1040 3605 1201 3676 6666611616,
1224 3606 1347 3665 werden
1369 3605 1416 3664 die
1437 3604 1506 3665 DO.
1528 3609 1590 3667 261
1617 3605 1825 3666 sustollentes
1848 3606 1955 3664 Fehler

411 3709 586 3770 6666616666.
622 3711 665 3770 Es
682 3711 840 3769 6616661166
856 3709 961 3783 jedeclr
983 3708 1031 3767 die
1051 3708 1256 3782 3616661666.Ι
1280 3710 1333 3769 dus
1348 3708 1503 3768 Haudwel
1524 3712 1564 3769 ist
1585 3711 1665 3769 wicht
1687 3711 1742 3768 wit
1764 3709 1829 3767 dem
1846 3708 1957 3767 11111161-

413 3812 517 3871 balkew
538 3815 675 3872 versebew
696 3813 814 3872 worden
835 3813 899 3871 und
914 3830 943 3872 es
958 3813 1061 3871 161616
1080 3813 1128 3870 ein
1147 3812 1276 3871 Verswcb
1297 3811 1349 3870 der
1364 3812 1559 3886 Besieyelww
1578 3814 1709 3886 96666611
1732 3812 1858 3872 worden.
1887 3812 1957 3871 Ver-

412 3917 554 3975 wwtlrlicb
575 3919 616 3976 ist
637 3917 715 3976 dicae
736 3917 957 3991 Awsfertipww
980 3916 1073 3974 durch
1095 3917 1159 3975 eine
1180 3915 1289 3975 andere
1312 3920 1417 3975 6666161
1438 3916 1557 3975 worden
1578 3917 1695 3988 welche,
1725 3918 1779 3975 wic
1800 3915 1869 3976 DO.
1893 3917 1956 3976 396

413 4017 598 4097 6666616661.
623 4021 699 4078 6666
720 4020 828 4079 Leonis
852 4019 958 4080 (ihren.
983 4023 1016 4079 16
1039 4021 1093 4082 SS.
1118 4026 1146 4093 7,
1171 4018 1260 4099 631),
1291 4020 1339 4079 die
1362 4021 1536 4095 6616616666
1561 4020 1623 4093 aws
1642 4021 1690 4080 die
1711 4021 1885 4081 Lebensscit
1907 4021 1958 4079 des

413 4120 552 4193 Bisehoss
575 4122 771 4182 besctrdwlcte.
802 4123 1086 4197 Dessewwweaciriet
1108 4125 1220 4184 66166161
1240 4124 1363 4183 rieden
1379 4123 1556 4184 Destiwotdr
1570 4123 1735 4198 ewsqesclpt
1750 4123 1867 4183 worden
1881 4125 1955 4183 6616.

412 4291 566 4375 (61616
580 4292 713 4356 nomine
736 4301 868 4356 sanctae
892 4303 924 4357 61
946 4291 1134 4358 individuae
1156 4294 1321 4358 trinitatis.
1360 4292 1438 4358 Otto
1463 4293 1575 4359 diviua
1597 4304 1761 4360 66666616
1783 4293 1956 4360 clementis

281 4378 284 4383 Ι
311 4395 488 4480 imperator
519 4407 687 4479 augustus.
790 4411 818 4460 Si
841 4427 904 4478 erga
932 4412 992 4462 loca
1019 4411 1116 4462 divinis
1145 4412 1262 4463 cultibus
1289 4413 1440 4478 mancipata
1461 4417 1569 4479 propter
1590 4428 1706 4463 amorem
1729 4411 1770 4463 dei
1794 4406 1909 4478 616666·
1929 4412 1958 4460 16

312 4513 410 4563 eisdem
438 4513 504 4563 locis
531 4513 723 4565 famulantibus
751 4514 880 4565 beneficis
909 4520 1040 4580 oportuna
1060 4496 1075 4586 Ξ
1095 4515 1222 4581 largimus
1234 4510 1255 4578 ⁸,
1284 4518 1414 4580 premium
1437 4516 1515 4567 nobie
1536 4516 1608 4581 apud
1637 4501 1804 4567 dominum
1834 4521 1958 4565 aeternae

260 4626 294 4675 35
311 4619 531 4669 remunerationis
560 4619 668 4684 rependi
696 4635 751 4670 non
779 4619 930 4670 diffidimus.
966 4618 1082 4669 Proinde
1111 4620 1228 4669 omniurn
1257 4624 1364 4669 sanctae
1387 4619 1430 4670 dei
1453 4618 1581 4669 ecclesiae
1609 4618 1726 4668 fidelium
1754 4623 1957 4682 nostrorumque

313 4725 472 4785 presentium
496 4738 528 4772 66
549 4723 698 4773 futurorum
721 4724 824 4773 noverit
847 4724 992 4788 sagacitas,
1015 4723 1079 4787 quia
1101 4705 1274 4772 Albericus
1297 4706 1493 4772 venerabilis
1516 4709 1690 4792 episeopus
1714 4714 1848 4770 6666166
1870 4704 1957 4768 Mar-

312 4809 443 4874 censisb
474 4810 633 4876 ecclesiae
663 4810 757 4876 simul
788 4833 862 4878 cum
885 4810 1021 4877 Otberto
1053 4810 1240 4878 marchione
1269 4811 1472 4878 nobilissimo
1503 4819 1601 4897 etque
1622 4808 1784 4874 Amisene
1806 4817 1838 4872 et
1859 4807 1955 4872 Petro

311 4911 547 4978 inlustrissimis
577 4913 751 4979 comitibus
780 4916 901 4979 nostris
930 4913 1109 4980 retulerunt
1137 4915 1367 4980 sacratissimis
1397 4912 1531 4978 auribus
1555 4913 1691 4994 nostris,
1726 4911 1864 4998 qualiter
1886 4932 1957 4995 pre·

311 5039 458 5082 cessores
487 5019 617 5101 augusti
648 5017 707 5083 sub
736 5019 939 5082 inmunitatis
963 5015 1151 5083 defensione
1174 5027 1321 5083 sanctam
1343 5015 1565 5081 Marsicanam
1588 5015 1762 5081 ecclesiam
1785 5013 1846 5077 sibi
1870 5034 1957 5077 com-

260 5139 295 5189 46
312 5121 445 5185 missam
472 5120 634 5186 vocabulo
656 5120 752 5205 beate
775 5120 896 5206 Sauine
920 5120 1039 5187 Christi
1062 5123 1205 5188 martiris
1228 5144 1290 5209 que
1314 5123 1377 5186 6116
1399 5143 1471 5187 6666
1493 5119 1622 5185 videtur
1643 5120 1728 5185 infra
1749 5120 1857 5204 ipsam
1879 5118 1957 5181 civi-

312 5233 413 5288 tatem
434 5223 665 5305 Marsicanam,
693 5245 768 5288 cum
789 5222 886 5288 rebus
909 5233 942 5289 et
964 5226 1136 5310 mancipiis
1159 5221 1281 5289 ibidem
1302 5225 1387 5289 iuste
1411 5232 1443 5289 et
1464 5222 1613 5308 legaliter
1635 5220 1871 5308 pertinentibus
1895 5241 1957 5305 que

312 5348 370 5411 per
385 5327 648 5392 confirmationes
664 5336 697 5391 et
710 5325 902 5392 collationes
923 5329 1155 5413 imperatorum
1171 5349 1229 5393 seu
1244 5348 1358 5411 regum
1380 5325 1501 5392 ibidem
1520 5324 1648 5410 conlate
1672 5324 1810 5407 fuerant,
1835 5325 1903 5388 sive
1918 5344 1957 5386 66

313 5453 374 5516 que
390 5452 449 5515 per
462 5433 676 5496 instrumenta
691 5441 855 5496 cartarum
870 5429 931 5497 deu
948 5431 1092 5496 fidelium
1108 5429 1228 5496 ibidem
1247 5428 1421 5515 delegatel’
1441 5430 1580 5508 fuerent,
1603 5438 1768 5514 receptam
1789 5427 1956 5509 haberent,

312 5556 487 5613 poposcentes
509 5554 540 5599 ut
562 5543 593 5599 61
615 5554 707 5600 nostra
729 5549 857 5601 celsitudo
885 5566 933 5614 pro
963 5550 1005 5599 dei
1033 5565 1123 5600 arncre
1145 5554 1172 5601 et
1193 5551 1341 5600 reverentia
1367 5550 1451 5615 ipsius
1480 5549 1564 5599 sancti
1593 5547 1645 5598 loci
1668 5546 1747 5597 simili
1769 5546 1846 5597 modo
1869 5547 1958 5597 fecere

260 5731 295 5780 rs
398 5718 594 5790 2t³.[s1u‹n]
699 5724 725 5785 a)
744 5721 768 5773 A
786 5743 817 5768 =
836 5721 891 5774 vo.
994 5722 1022 5790 6)
1040 5722 1073 5774 A.
