4298 6414
904 450 1028 506 ΟΤΤΟ
1050 450 1074 505 Ῑ.
1100 446 1172 505 967.
1796 442 1859 507 457

215 661 276 694 num
304 629 361 695 ubl
384 638 435 694 esi
457 629 597 714 ecclesia
619 633 724 695 sancti
746 630 909 711 Marcelli,
944 646 1055 695 fundum
1078 648 1226 697 Lucienum
1249 649 1296 697 uhi
1318 654 1358 697 est
1381 647 1473 697 donnus
1496 647 1568 697 culta
1595 648 1623 695 in
1652 648 1797 713 integrum,
1827 663 1859 697 ex

216 747 297 797 fundo
323 750 425 798 Ariane
453 749 546 799 uncias
574 747 654 810 duas,
688 764 720 799 ex
749 748 831 798 fundo
860 748 1014 813 Septiniano
1043 751 1149 799 unciam
1177 765 1256 799 unam
1285 755 1311 800 et
1333 751 1425 812 semis,
1458 751 1521 799 item
1544 766 1576 800 ex
1599 750 1681 800 fundo
1705 749 1860 815 Septiniano

218 853 307 901 uncias
329 867 376 901 sex
389 846 411 914 ¹¹,
444 850 555 901 fundum
577 851 757 915 Pippilianum
779 867 839 901 cnm
862 852 1025 916 appendiciis
1048 854 1103 901 suis
1126 854 1154 901 in
1179 853 1326 918 integrum,
1360 853 1471 902 fundum
1501 852 1714 914 scandilianum,
1748 853 1861 904 fundum

219 955 371 1020 Antiquam,
394 970 427 1005 ex
450 955 537 1004 casale
559 955 679 1004 Anciano
702 957 795 1004 uncias
818 960 871 1004 tres
894 961 921 1005 et
943 954 1069 1005 olivetum
1091 957 1118 1004 in
1141 956 1311 1020 Purpurarin.
1333 973 1350 1004 r
1371 957 1428 1006 Noc
1451 973 1504 1006 non
1519 962 1552 1013 ,et
1573 973 1615 1006 ros
1639 972 1705 1021 quas
1727 944 1780 1027 ple
1795 965 1859 1007 me·

219 1045 315 1126 morit}
338 1041 533 1107 I‘llotharius
556 1044 732 1126 imperator
759 1073 806 1122 per
828 1073 877 1107 sua
898 1064 1024 1124 precepta
1046 1059 1131 1107 eidem
1153 1043 1290 1107 eontulit
1312 1060 1470 1108 monasterio
1494 1053 1526 1107 ei
1552 1058 1731 1121 confirmavit,
1765 1060 1793 1108 iu
1821 1065 1861 1110 est

220 1161 342 1227 gualdum
371 1164 416 1227 qni
444 1161 541 1212 dicitur
568 1162 680 1213 'Peneios
708 1167 735 1212 et
765 1166 866 1212 curtem
888 1176 939 1225 quq
961 1164 1072 1209 vocatur
1095 1154 1253 1209 Uallantisv
1283 1177 1343 1211 curn
1372 1163 1442 1210 omni
1472 1162 1622 1226 integritate
1645 1167 1672 1212 et
1697 1161 1861 1225 appendiciis

222 1268 271 1316 ruis
293 1282 362 1331 quas
384 1265 584 1331 Hildeprandus
607 1250 674 1315 (lux
697 1282 744 1330 per
766 1281 816 1316 sna
837 1264 1002 1315 confirmavit
1024 1270 1157 1328 precepta,
1180 1270 1206 1314 et
1228 1280 1270 1314 res
1283 1258 1300 1286 W
1323 1278 1389 1329 quas
1413 1264 1521 1313 tradidit
1542 1265 1732 1314 Teudemuudo
1756 1270 1782 1314 et
1804 1266 1861 1329 ipse

222 1369 424 1420 leudemundus
445 1384 493 1434 per
514 1371 688 1419 instrumenta
711 1376 842 1419 cartarum
864 1369 966 1433 prefato
989 1367 1122 1433 delegavit
1144 1369 1310 1429 monasterio,
1341 1370 1419 1418 etiam
1442 1374 1469 1416 et
1491 1372 1591 1417 curtem
1614 1368 1759 1417 Tacianum
1781 1383 1860 1432 quam

221 1449 332 1523 domnus*
352 1472 515 1538 apostoliens
529 1472 663 1523 Adrianus
677 1474 784 1537 Luponi
805 1488 853 1537 per
875 1488 952 1522 suum
974 1478 1128 1537 preceptum
1150 1470 1315 1522 confirmavit
1337 1477 1364 1521 et
1385 1472 1442 1534 ipse
1463 1471 1540 1534 Lupo
1563 1486 1610 1534 per
1632 1470 1760 1520 carnalem
1783 1470 1861 1520 simul

206 1592 276 1626 *cnm
298 1578 359 1641 ipso
381 1583 506 1641 precepto
529 1576 614 1626 eidem
637 1576 770 1641 delegavit
791 1579 950 1627 monasterio
981 1593 1040 1627 cum
1069 1579 1140 1627 omni
1169 1578 1334 1642 integritate,
1365 1577 1444 1625 otiam
1467 1582 1494 1624 et
1515 1576 1676 1624 monasteria
1696 1577 1813 1625 virorum
1836 1580 1862 1624 et

216 1679 363 1744 puellarum
387 1696 439 1745 que
460 1685 648 1744 nuncupantur
671 1681 712 1730 his
734 1681 898 1731 nominibus:
921 1683 1109 1730 monasterium
1133 1681 1217 1730 sancti
1235 1680 1319 1730 Marci
1342 1678 1504 1744 evangeliste
1527 1678 1599 1743 quod
1621 1683 1661 1728 est
1683 1679 1763 1727 situm
1786 1679 1862 1727 iuxta

216 1799 320 1833 murum
349 1784 492 1849 Spoletane
520 1785 651 1845 civitatis,
680 1784 751 1849 quod
775 1783 887 1834 domnus
909 1801 925 1831 s
948 1784 1063 1833 Karolus
1086 1789 1215 1849 augustus
1238 1782 1273 1832 ad
1295 1782 1366 1832 idem
1388 1783 1576 1831 monasterium
1598 1797 1646 1845 per
1667 1797 1745 1830 suum
1768 1779 1862 1830 confir·

214 1889 298 1936 mavit
326 1894 493 1952 preceptum,
527 1892 554 1938 ot
582 1872 700 1936 cellam
729 1882 840 1955 sancte
869 1872 972 1955 Marie
1000 1872 1084 1936 infra
1113 1881 1257 1936 castrum
1279 1869 1480 1954 Ueterbense
1503 1879 1535 1934 et
1558 1869 1731 1954 ecclesiam
1757 1869 1862 1932 saneti

215 1975 382 2040 Ualentini
406 1978 439 2039 in
461 1977 572 2060 Burgo
596 1998 670 2041 cum
693 1998 804 2040 eorum
829 1975 978 2040 omnibus
1002 1976 1218 2058 pertinentiis,
1248 1976 1351 2038 item¹
1373 1988 1467 2038 collam
1483 1993 1573 2054 emoto
1588 1988 1673 2053 Marte
1696 1973 1789 2035 iuxta
1803 1971 1861 2036 flu-

213 2080 305 2142 vium
322 2094 469 2144 irmionem
487 2111 547 2144 cum
562 2112 578 2142 s
592 2094 691 2159 gualdo
714 2100 773 2143 suo
796 2088 828 2142 et
852 2077 1002 2142 omnibus
1026 2077 1069 2141 ad
1091 2100 1163 2141 eam
1186 2075 1432 2162 pertinentibus,
1455 2078 1532 2141 item
1555 2085 1653 2140 aliudy
1675 2091 1862 2141 monasterium

217 2196 289 2260 qnod
313 2196 411 2246 dicitur
433 2198 517 2246 sancti
541 2196 686 2246 salvatoris
708 2213 725 2244 e
747 2212 801 2244 non
823 2196 916 2260 procul
939 2211 956 2245 a
978 2181 1126 2265 predicta
1156 2197 1263 2245 civitate
1292 2193 1436 2258 Spoletana
1465 2190 1514 2244 otz
1542 2195 1731 2244 monasterinm
1759 2192 1859 2258 puella·

217 2314 276 2348 rum
298 2299 372 2366 quod
394 2304 563 2364 nuncupatur
586 2301 671 2349 sancti
688 2299 796 2364 Georgii
819 2295 851 2348 et
873 2299 943 2364 qnod
967 2305 1006 2348 est
1028 2304 1208 2348 constructum
1231 2298 1280 2347 sub
1303 2314 1378 2347 muro
1402 2299 1517 2347 civitatis
1532 2298 1651 2362 Reatino,
1675 2303 1701 2347 et
1723 2297 1863 2362 ecclesiam

220 2405 304 2453 sancti
333 2403 491 2454 hilchaheIIs
518 2403 670 2468 archangeli
693 2419 708 2450 rr
731 2404 843 2467 positam
866 2419 945 2467 super
967 2397 1103 2451 fluvium⁸
1124 2402 1262 2451 hlellinum
1290 2402 1365 2450 irrata
1387 2402 1521 2451 civitatem
1546 2401 1686 2450 Reatinam
1709 2417 1769 2451 cum
1792 2401 1863 2450 omni

218 2507 369 2572 integritate
399 2522 456 2556 sua
501 2489 608 2555 Itemb
638 2489 811 2574 ecelesiam
840 2492 943 2554 sancti
974 2490 1060 2553 Petri
1090 2492 1123 2554 in
1146 2490 1236 2553 Pisis
1258 2499 1290 2554 et
1313 2489 1391 2554 alibi
1414 2490 1588 2574 ecclesiam
1612 2492 1715 2554 sancti
1739 2489 1863 2573 Thome

218 2617 291 2658 oum
308 2597 375 2658 suis
392 2597 603 2680 pertinentiis,
629 2604 778 2658 sanctum
793 2593 972 2657 Iohannem
988 2594 1021 2656 in
1036 2592 1170 2656 Tazano
1189 2602 1220 2655 et
1237 2603 1384 2657 sanctam
1400 2590 1552 2677 Agathou
1576 2595 1609 2657 in
1632 2592 1808 2678 paludibus
1832 2602 1865 2657 et

219 2707 368 2762 sanctum
384 2697 595 2783 Leoperdum
612 2721 685 2762 cum
703 2696 852 2761 omnibus
874 2718 985 2759 eornm
1008 2694 1104 2759 rebus
1128 2704 1160 2758 et
1182 2697 1394 2779 pertinentiis,
1419 2705 1542 2760 curtem
1566 2698 1693 2760 sancti⁰
1715 2695 1809 2779 Helie
1832 2704 1865 2759 et

218 2811 342 2864 curtem
366 2802 470 2864 sancti
493 2799 606 2864 Iacobi
630 2811 662 2865 et
684 2810 809 2863 curtem
834 2807 945 2880 sancte
964 2795 1094 2880 Agathe
1116 2818 1190 2860 cum
1215 2796 1365 2860 omnibus
1388 2796 1431 2861 ad
1454 2819 1510 2861 eas
1532 2800 1566 2861 in
1588 2799 1750 2880 integrum
1767 2798 1863 2883 perti·

217 2902 380 2985 uentibus,
405 2912 554 2968 sanctum
578 2925 706 2989 quoque
728 2902 908 2966 Iohannem
930 2902 964 2963 in
987 2897 1117 2963 Ascrad
1140 2908 1173 2962 et
1195 2908 1344 2964 sanctum
1363 2900 1522 2964 Iustinum
1539 2922 1613 2964 cum
1631 2899 1780 2964 omnibus
1798 2901 1864 2963 suis

219 3008 435 3089 pertinentiis,
470 3009 503 3069 in
532 3005 618 3071 Tore
647 3015 772 3070 curtem
800 3028 899 3070 unam
932 3015 1043 3088 sancte
1072 3003 1191 3088 Marde,
1225 3006 1260 3068 in
1283 3003 1424 3069 Corneto
1453 3014 1486 3068 et
1513 3006 1546 3068 in
1568 3005 1713 3068 Narnate
1740 3014 1864 3069 curtem

220 3131 334 3189 unam,
369 3109 570 3174 Interamnae
599 3120 723 3174 curtem
751 3132 850 3174 unam
880 3118 992 3192 sancte
1023 3108 1127 3191 Maris
1157 3109 1190 3171 in
1219 3107 1373 3172 Mediana
1401 3129 1477 3171 cum
1506 3107 1655 3172 omnibus
1684 3107 1728 3171 ad
1750 3110 1865 3193 ipsas⁰

220 3210 471 3295 pertinentibus,
503 3228 690 3276 monasterium
713 3227 785 3292 qnod
807 3232 919 3275 vocatur
941 3226 1026 3275 sancti
1049 3224 1170 3275 Sssuestri
1194 3231 1221 3276 et
1242 3232 1333 3290 sarrcte
1355 3226 1458 3291 MarIne
1481 3242 1542 3276 cum
1564 3228 1636 3275 omni
1658 3227 1810 3291 integritate
1832 3219 1865 3274 ei

220 3324 343 3378 curtem
367 3316 472 3378 sancti
496 3313 676 3379 Salvatoris
701 3324 815 3399 suptus
839 3336 967 3377 murum
989 3314 1132 3376 civitatis
1155 3313 1308 3397 Firmane
1331 3323 1364 3377 et
1386 3323 1510 3378 curtem
1533 3317 1637 3378 sancti
1657 3313 1808 3378 Geruasii
1831 3316 1864 3377 in

221 3417 397 3501 integrum,
433 3427 556 3481 curtem
586 3419 690 3481 sancti
722 3418 921 3501 sigismundi
951 3439 1025 3481 cum
1049 3416 1199 3481 omnibus
1221 3416 1319 3482 rebus
1342 3419 1408 3482 suis
1432 3427 1464 3481 et
1487 3427 1607 3482 terram
1630 3417 1669 3481 de
1691 3419 1864 3498 Pomtinis,

222 3529 342 3583 curtem
367 3521 470 3583 sancti
493 3519 612 3603 Angeli
636 3521 676 3584 dc
699 3519 788 3584 Uille
811 3543 946 3603 magna,
970 3530 1094 3584 curtem
1117 3521 1221 3584 sancti
1245 3520 1424 3602 Desiderii,
1457 3530 1582 3584 curtem
1605 3520 1646 3584 de
1669 3519 1864 3605 Cupresseto

206 3632 252 3685 ¹et
274 3631 399 3686 curtem
422 3624 527 3686 sancti
549 3622 668 3708 Angeli
691 3624 723 3686 in
746 3624 897 3704 Niuiano,
921 3634 1044 3688 curtem
1069 3624 1173 3687 sancti
1198 3624 1351 3687 Uenantii
1380 3634 1412 3688 et
1437 3632 1562 3687 curtem
1586 3622 1626 3687 de
1654 3620 1865 3687 Columnellis

223 3735 254 3789 et
274 3734 399 3790 curtem
422 3735 534 3810 sancte
557 3726 739 3790 Felicitatis
762 3749 837 3789 cum
868 3728 1026 3790 universis
1056 3749 1166 3791 earum
1196 3729 1230 3790 in
1258 3728 1419 3810 integrum
1447 3727 1665 3811 pertinentiis,
1701 3735 1804 3789 terras
1831 3727 1865 3789 in

222 3827 303 3892 locis
327 3826 368 3891 de
391 3828 564 3892 Raniliano
588 3839 620 3893 et
643 3828 780 3910 Solario,
805 3839 928 3893 curtem
953 3839 1064 3913 sancte
1086 3829 1190 3914 Maris
1220 3830 1253 3893 in
1276 3829 1439 3911 Motiano,
1474 3837 1598 3893 curtem
1620 3828 1661 3893 de
1685 3827 1866 3891 caminatis

223 3932 255 3995 in
275 3930 350 3995 loco
376 3933 430 4017 qui
452 3941 590 3996 vocatur
611 3931 741 3996 Murrus
754 3930 773 4014 s,
797 3941 920 3997 curtem
944 3933 984 3996 de
1007 3934 1182 3997 Bressiano
1206 3935 1239 3996 in
1262 3932 1335 3997 loco
1360 3934 1415 4020 qui
1437 3943 1573 3998 vocetur
1593 3942 1673 3997 ...⁸
1695 3941 1726 3996 et
1749 3931 1867 3996 cellam

222 4034 277 4098 filii
294 4034 474 4117 Guezonis,
498 4045 622 4099 curtem
646 4046 758 4119 sancte
773 4035 876 4120 Mario
900 4038 1011 4100 matris
1036 4036 1168 4118 domini,
1193 4047 1315 4101 curtem
1339 4040 1442 4102 sancti
1461 4038 1581 4102 Maroti
1604 4046 1636 4101 et
1658 4046 1781 4100 curtem
1805 4058 1866 4121 que

206 4149 360 4205 ·vocatnr
388 4139 427 4203 dc
456 4139 569 4222 Uallo,
603 4152 727 4205 curtem
756 4152 868 4225 sancte
897 4141 1021 4225 Marino
1051 4142 1091 4206 de
1122 4141 1310 4223 Ortatiano,
1345 4152 1468 4206 curtem
1498 4142 1602 4206 sancti
1631 4140 1810 4206 Salvatoris
1832 4142 1867 4205 in

222 4242 404 4323 Memoriis,
439 4253 561 4307 curtem
590 4243 630 4306 de
657 4242 856 4325 Blotenano,
891 4255 1016 4308 curtem
1040 4244 1080 4308 de
1103 4256 1216 4309 sancto
1241 4244 1373 4308 Antimo
1398 4254 1430 4308 et
1451 4253 1576 4308 curtem
1598 4242 1638 4306 de
1660 4253 1770 4307 monto
1791 4242 1866 4306 Fal-

223 4342 341 4408 conish
363 4354 395 4408 et
418 4355 542 4409 curtem
565 4355 677 4429 sancte
699 4346 803 4430 Mario
826 4347 1045 4428 Interamnes3
1073 4350 1150 4412 item
1173 4358 1288 4412 contra
1309 4347 1444 4411 fluvium
1467 4345 1590 4411 Olentis
1613 4355 1738 4410 curtem
1762 4347 1865 4408 sancti

223 4446 370 4513 Siluestri
394 4449 479 4511 intra
502 4449 668 4514 civitatem
684 4450 873 4513 Firmanam
896 4460 928 4512 ct
951 4449 1028 4513 alibi
1052 4461 1175 4514 curtem
1198 4450 1302 4515 sancti
1319 4447 1433 4514 Sebini
1457 4459 1490 4512 et
1512 4458 1637 4513 curtem
1654 4471 1715 4534 que
1731 4457 1869 4512 vocatur

224 4553 257 4616 in
280 4552 429 4616 Pretorio
452 4574 526 4616 cum
551 4552 700 4617 omnibus
724 4552 820 4616 rebus
843 4563 875 4616 ct
898 4554 1099 4637 pertiuentiis
1123 4575 1234 4616 earum
1256 4575 1298 4616 ex
1320 4555 1461 4636 Integm,
1495 4552 1726 4616 monasterium
1755 4559 1867 4632 sancte

222 4654 327 4740 Marie
350 4657 382 4719 in
406 4655 513 4719 insula
536 4678 609 4719 cum
633 4666 722 4720 curte
747 4657 850 4719 saneti
874 4656 1007 4720 Martini
1030 4657 1063 4719 in
1086 4657 1260 4741 Aquatinis
1285 4666 1317 4720 et
1339 4656 1437 4720 aliam
1460 4667 1585 4719 curtem
1609 4655 1712 4718 sancti
1735 4653 1867 4716 Martini

222 4781 284 4845 quc
312 4768 361 4822 est
388 4760 423 4821 In
452 4768 562 4822 monte
591 4781 688 4843 super
710 4758 861 4839 Asulam,
896 4768 1019 4822 curtem
1049 4758 1089 4822 de
1117 4757 1242 4843 Rotelle
1271 4769 1303 4822 et
1330 4767 1451 4823 terram
1480 4757 1519 4822 de
1543 4758 1764 4822 Macoriatinis
1793 4779 1867 4819 curn

222 4862 383 4925 universis
407 4861 608 4945 appendiciis
632 4883 743 4925 carum
767 4872 798 4924 ct
821 4870 944 4924 curtem
967 4861 1007 4925 ‹le
1030 4861 1173 4925 Moliano
1198 4863 1231 4925 in
1255 4884 1319 4947 qua
1342 4870 1392 4924 est
1414 4859 1554 4944 ecclesia
1577 4871 1688 4943 sancte
1711 4860 1866 4943 Uictoris,

223 4974 348 5028 curtem
377 4965 482 5028 saneti
509 4963 678 5028 Benedicti
708 4974 740 5027 et
769 4975 917 5027 sanctam
939 4964 1076 5028 Mariam
1100 4965 1241 5047 positam
1268 4965 1302 5027 in
1325 4965 1441 5045 muris,
1476 4975 1600 5028 curtem
1623 4965 1726 5028 sancti
1750 4961 1867 5047 Angoli

222 5069 307 5132 inter
322 5067 403 5130 duas
419 5066 543 5131 TInnas
566 5077 598 5131 et
620 5067 718 5131 aliam
741 5078 864 5130 curtem
883 5069 988 5131 sancti
1004 5067 1123 5149 Angeli
1146 5069 1179 5131 in
1202 5068 1276 5132 loco
1301 5069 1355 5153 qui
1370 5077 1509 5131 vocatur
1524 5065 1733 5151 Murgianus¹
1749 5102 1791 5112 -
1806 5064 1866 5150 hec

309 5287 368 5341 3³7.
394 5288 424 5353 u)
444 5305 475 5338 ex
494 5288 575 5338 fundo
594 5289 619 5338 S.
639 5306 664 5337 u.
683 5305 709 5338 u.
729 5305 751 5337 e.
771 5306 791 5337 s.
809 5291 873 5338 item
892 5306 923 5338 ex
942 5289 1023 5339 fundo
1038 5290 1183 5350 S.u.s.B,
1203 5307 1234 5340 ex
1252 5290 1334 5340 fundo
1352 5291 1484 5341 sunone
1497 5302 1541 5340 vn
1560 5296 1586 5340 et
1603 5289 1722 5340 semisO
1798 5288 1867 5354 vlo,

394 5358 524 5407 Ballantis
536 5358 562 5406 Β
643 5366 676 5418 w)
696 5364 722 5407 et
739 5374 780 5408 res
793 5386 825 5393 -
838 5360 917 5407 situm
935 5360 963 5406 ia
981 5358 1009 5408 Z.
1027 5361 1057 5407 11
1079 5357 1195 5408 cerldtrzt
1216 5358 1282 5408 Gru
1300 5366 1326 5408 et
1344 5376 1384 5409 res
1403 5358 1586 5409 Teodemundi
1605 5366 1631 5409 et
1648 5366 1748 5410 curtem
1766 5359 1797 5408 Τ.
1817 5375 1867 5424 quq.

396 5427 447 5475 init
463 5427 581 5491 imponis
601 5432 626 5475 et
644 5429 803 5476 monasteria
820 5443 844 5477 v.
864 5444 885 5475 e.
905 5444 931 5491 p.
949 5427 975 5476 id
995 5435 1034 5476 est
1052 5430 1239 5477 monasterium
1257 5444 1278 5476 s.
1297 5429 1333 5478 M.
1353 5444 1375 5477 o.
1393 5430 1473 5478 situm
1561 5430 1589 5488 x)
1608 5435 1634 5477 et
1654 5427 1677 5477 0
1758 5432 1785 5493 y)
1805 5429 1868 5477 item

395 5495 468 5544 aliud
479 5490 513 5555 B,
527 5493 587 5546 etO
652 5495 677 5559 z)
693 5494 719 5557 0,
732 5494 880 5556 fehltirrB
950 5496 1180 5561 a)sauctiAngeli
1194 5496 1416 5561 snperflnmenO
1481 5496 1509 5557 b)
1524 5495 1586 5547 etO
1650 5499 1678 5555 c)
1693 5495 1720 5559 0,
1738 5502 1829 5562 sancte
1843 5496 1868 5545 Β

395 5564 423 5624 d)
444 5563 612 5624 Clinnasera
632 5564 655 5611 B
743 5563 767 5627 e)
786 5567 869 5629 ipsam
889 5563 915 5612 B
1001 5565 1022 5625 i)
1043 5564 1070 5625 0,
1089 5566 1205 5613 Murrum
1219 5565 1244 5614 Β
1329 5567 1356 5629 g)
1374 5565 1454 5614 leerer
1471 5564 1557 5614 linum
1568 5563 1619 5627 fiir
1639 5571 1704 5615 droa
1729 5568 1763 5614 15
1782 5562 1868 5615 Buch-

395 5632 483 5682 rtohen
500 5634 529 5681 ia
547 5632 580 5693 Β,
607 5638 706 5682 curtem
726 5636 753 5682 iu
771 5633 900 5682 Brcxiano
920 5633 1014 5681 cellam
1032 5632 1096 5682 ohne
1114 5633 1265 5697 Andeutuay
1283 5634 1354 5682 einer
1371 5632 1458 5683 deke
1478 5633 1501 5683 0
1583 5634 1610 5699 h)
1629 5650 1651 5683 c.
1669 5651 1690 5684 s.
1710 5634 1820 5698 Antimi,
1845 5650 1868 5683 c.

395 5705 492 5752 montis
510 5702 540 5752 F.
562 5699 585 5751 0
666 5704 685 5763 i)
708 5700 735 5762 0,
753 5702 896 5767 Murgiam‘r
914 5701 947 5751 Β.

276 5810 463 5854 mammen
476 5811 495 5853 1.
1626 5810 1666 5870 53
