4500 6420
937 459 1062 518 ΟΤΤΟ
1084 461 1109 517 I.
1132 457 1205 520 959.
1833 457 1897 522 283

247 642 399 729 proximi.
444 638 675 706 Concessimus
710 642 808 706 etiam
840 644 1020 727 prenotatis
1055 642 1224 708 monachis
1257 653 1294 708 ut
1321 643 1429 710 nullus
1460 667 1502 709 ex
1532 643 1703 711 iudiciaria
1734 655 1896 732 potestate

247 766 359 811 comes
374 745 426 811 vel
444 745 542 811 iudex
562 746 663 810 servis
682 766 740 808 seu
762 743 963 830 parscalchis
987 745 1091 811 eidem
1111 746 1186 812 loco
1210 748 1424 813 servientibus
1446 747 1566 813 audeat
1589 747 1722 834 aliquod
1744 751 1896 816 iniurium

247 849 356 914 facere
377 849 495 914 necin
517 848 626 935 aliqua
656 869 759 913 causa
784 847 860 912 illos
887 849 1005 914 iniuste
1026 872 1158 915 vexare.
1202 850 1246 915 Et
1274 860 1311 915 ut
1336 851 1397 937 hcc
1428 854 1549 938 scripta
1577 852 1672 918 firma
1701 853 1896 940 stabiliaque

248 961 476 1038 permaneant,
504 954 658 1018 iussimus
680 953 727 1017 eis
749 952 813 1016 hoc
835 973 968 1036 presens
991 960 1181 1037 preceptum
1203 953 1367 1019 conscribi
1391 965 1423 1019 et
1445 954 1533 1020 anuli
1555 957 1659 1020 nostri
1681 958 1895 1040 impressione

215 1069 232 1117 5
250 1056 368 1123 muniri
390 1079 553 1142 manuque
576 1058 709 1142 propria
729 1055 941 1120 firmavimus.

351 1173 657 1297 isignumoomni
681 1210 811 1275 Ottonis
835 1212 1029 1276 serenissimi
1054 1211 1144 1291 (Ma.)
1167 1212 1301 1297 regis}

351 1332 551 1416 {Lintolfus
575 1331 790 1397 cancellarius
813 1330 962 1395 advicem
984 1331 1148 1397 Brunonis
1171 1331 1450 1398 archicancellarii
1473 1332 1700 1418 recognovit.‘¹
1728 1337 1742 1418 Β
1769 1337 1826 1416 (SI.
1845 1338 1896 1416 D.)

1815 1439 1897 1520 (SR)

350 1592 439 1657 Data
457 1609 489 1654 v.
508 1591 552 1656 id.
576 1592 641 1655 iun.
664 1613 750 1655 anno
774 1590 937 1676 dominice
959 1593 1193 1657 incarnationis
1216 1607 1438 1675 Dccccnvllu,
1462 1592 1638 1658 indictione
1656 1610 1693 1677 11,
1716 1615 1802 1658 anno
1818 1616 1895 1659 vero

198 1702 231 1750 10
248 1697 340 1782 regni
362 1697 500 1782 piissimi
523 1697 609 1781 regis
632 1694 763 1760 Ottonis
786 1713 907 1778 xxn113
929 1705 1039 1761 actum
1061 1695 1164 1778 Rore3
1192 1698 1225 1760 in
1249 1695 1300 1760 dei
1322 1698 1454 1761 nomine
1476 1696 1614 1762 feliciter
1635 1719 1741 1762 amen.

1031 1985 1118 2062 aot.

260 2144 341 2222 Otto
367 2143 508 2219 sebealt
531 2146 664 2218 sciaena
689 2142 866 2219 Getrecsco
887 2144 1100 2218 Hartmoan
1128 2145 1194 2218 dos
1222 2145 1302 2218 dem
1323 2144 1464 2219 Evocat
1487 2144 1688 2243 qesicbtlicb
1711 2158 1898 2243 cotzoqeae

250 2266 435 2365 Eb'qeaqot
458 2267 499 2337 ia
525 2264 723 2338 Aaboosca
749 2265 828 2338 uod
852 2265 1046 2340 Westbes'm.
1508 2301 1592 2362 Rom
1614 2304 1676 2364 959
1700 2302 1780 2363 Μ·
1801 2306 1852 2362 12.

357 2509 604 2584 Oriciaoldaplom
627 2512 670 2568 im
691 2510 718 2567 k.
743 2509 950 2569 Reiclrsarohs'o
970 2527 1011 2569 sa
1032 2509 1183 2569 Malachae
1207 2508 1269 2588 (A).

351 2666 456 2726 Sinold
473 2663 586 2737 Corpus
608 2666 675 2723 bist.
700 2664 871 2725 Brasdsoo.
896 2662 1082 2743 (Schwabacb
1097 2682 1120 2724 s.
1137 2663 1178 2742 a.)
1201 2668 1230 2734 4,
1247 2666 1289 2725 25
1312 2670 1346 2722 o⁰
1365 2667 1384 2723 6
1407 2681 1463 2723 aas
1479 2664 1517 2724 A.
1543 2697 1580 2707 —
1604 2665 1704 2737 Spicea
1727 2667 1760 2723 iss
1782 2665 1898 2725 Meosel

351 2771 415 2830 Dor
446 2769 729 2840 Geschicbtsorsclaeer
756 2773 790 2838 1,
821 2772 884 2828 193
915 2787 971 2828 aas
999 2768 1029 2827 A
1058 2792 1098 2821 =
1127 2767 1273 2827 Hotberb'o
1301 2767 1429 2826 Neuestc
1458 2766 1600 2826 Teotsche
1628 2767 1826 2840 Reiohsqescb.
1850 2771 1896 2839 3⁰,

351 2878 401 2934 16.
429 2906 466 2916 —
490 2873 1046 2945 Moo.Boico28⁰,187o⁰129aus
1062 2873 1099 2931 Α.
1126 2905 1163 2915 -
1187 2871 1401 2945 Bastarna.
1417 2874 1492 2931 230.
1518 2902 1555 2913 —-
1580 2870 1706 2944 Stampf
1725 2872 1798 2945 Ray.
1821 2875 1895 2933 266.

354 3030 416 3088 Vos
438 3028 504 3088 ΒΡ.
528 3030 583 3087 mit
604 3027 783 3100 nauteam
809 3027 859 3087 des
887 3030 921 3086 ia
950 3027 1003 3087 der
1030 3027 1158 3087 Konzlei
1184 3027 1383 3088 oerbliebeneo
1407 3024 1560 3099 Oonceptes
1588 3043 1643 3085 ooo
1670 3025 1735 3085 DO.
1759 3030 1823 3087 200
1849 3043 1897 3100 qs·

353 3134 510 3193 schamen.

199 3369 233 3418 ao
355 3354 413 3435 (Ο.)
437 3356 451 3438 ᾖ
472 3352 511 3417 In
533 3353 664 3417 nomine
687 3361 820 3416 sanctae
843 3360 876 3415 et
897 3351 1085 3416 individuae
1108 3351 1271 3415 trinitatis.
1313 3349 1391 3415 Otto
1416 3350 1467 3415 dei
1490 3351 1596 3434 gratia
1618 3373 1688 3415 rex.
1774 3349 1898 3416 Notum

250 3458 293 3522 sit
315 3456 464 3523 omnibns
487 3454 637 3522 fidelibus
660 3458 779 3520 nostris
802 3453 1006 3540 presentibus
1030 3454 1156 3519 scilicet
1178 3463 1211 3519 et
1232 3454 1360 3536 futuris,
1382 3453 1397 3541 ξ
1419 3453 1557 3539 qualiter
1574 3475 1634 3518 nos
1656 3476 1715 3540 per
1736 3456 1898 3519 interven-

249 3571 319 3626 tum
341 3560 473 3625 Ernusti
504 3560 633 3625 comitis
662 3558 792 3623 cuidam
819 3556 908 3623 fidoli
937 3567 1049 3624 nostro
1072 3556 1234 3622 Hartman
1262 3558 1296 3621 in
1323 3558 1492 3643 proprium
1520 3556 1713 3622 donavimus
1743 3557 1899 3643 quicquid

250 3664 436 3731 hereditarii
459 3666 537 3729 iuris
560 3664 683 3729 Emust
704 3662 818 3727 habuit
841 3664 874 3726 in
897 3661 976 3727 villa
997 3660 1109 3727 Ahusc
1132 3671 1165 3726 et
1190 3663 1224 3725 in
1246 3659 1326 3726 villa
1348 3660 1539 3727 Uuestheim
1567 3662 1601 3725 in
1629 3662 1787 3726 comitatu
1815 3663 1898 3726 eius·

252 3768 326 3834 dem
341 3768 473 3832 Emusti
490 3767 629 3831 comitis.
672 3763 742 3848 Hec
764 3765 928 3830 hereditas
951 3764 1047 3831 nobis
1069 3775 1244 3851 nostreque
1266 3767 1353 3850 regie
1376 3766 1530 3851 potestati
1554 3787 1574 3828 a
1597 3763 1719 3850 populo
1742 3763 1873 3849 publice
1885 3774 1898 3803 ⁸

199 3870 396 3936 abiudicata
418 3879 482 3950 est,
517 3871 593 3955 quia
616 3867 705 3931 idem
727 3868 850 3932 Emust
871 3867 966 3933 nobis
990 3869 1131 3932 maxime
1154 3869 1337 3933 contrarius
1364 3869 1489 3949 extitit,
1524 3878 1722 3954 quapropter
1750 3868 1897 3954 predicto

249 3974 337 4040 fideli
365 3983 477 4038 nostro
506 3972 710 4038 Hartmanno
740 3972 961 4036 concessimus
991 3970 1148 4057 quicquid
1175 3972 1208 4035 in
1235 3970 1390 4056 predictis
1412 3972 1494 4037 loeis
1516 3969 1629 4036 Ahuse
1652 3981 1684 4036 et
1705 3971 1898 4037 Uuestheim

250 4078 438 4161 habuimus,
470 4076 607 4142 edificiis
629 4077 802 4162 mancipiis
825 4077 917 4140 terris
941 4073 1038 4139 cultis
1061 4083 1093 4138 et
1115 4074 1244 4140 incultis
1268 4076 1394 4159 campis
1418 4076 1505 4157 agris
1528 4076 1629 4160 pratis
1653 4077 1784 4160 pascuis
1807 4074 1897 4140 silvis

251 4185 344 4269 aquis
374 4203 573 4267 aquarumve
601 4176 816 4245 desursibusb
847 4177 1041 4243 molendinis
1064 4178 1301 4264 piscationibus
1324 4180 1386 4242 viis
1410 4188 1442 4242 et
1464 4179 1560 4243 inviis
1583 4179 1718 4264 quesitis
1740 4188 1772 4243 et
1794 4180 1898 4265 inqui-

251 4286 359 4352 rendis
384 4285 598 4370 omnibusque
620 4283 813 4350 utensilibus
837 4282 879 4347 ad
902 4281 1018 4346 eadem
1038 4282 1113 4347 loca
1136 4281 1381 4368 pertinentibus,
1404 4283 1473 4346 iure
1496 4291 1653 4367 perpetuo
1671 4281 1848 4348 tenendum
1866 4292 1899 4347 et

200 4402 234 4449 30
253 4389 407 4477 quioquid
430 4387 491 4452 sibi
514 4387 632 4452 exinde
653 4387 794 4452 voluerit
816 4386 958 4451 faciendi
981 4384 1143 4451 vendendi
1166 4386 1389 4451 commutandi
1412 4385 1523 4450 dandi.
1557 4386 1602 4450 Et
1616 4395 1652 4450 ut
1667 4395 1777 4471 nostre
1797 4386 1897 4451 dona·

252 4494 349 4559 tionis
372 4493 550 4556 auctoritas
572 4491 666 4556 firma
690 4490 880 4575 stabilisque
903 4499 1109 4576 permaneat,
1143 4491 1296 4556 iussimus
1323 4491 1352 4553 ei
1382 4489 1500 4553 exinde
1522 4488 1585 4554 hoc
1608 4510 1742 4574 presens
1765 4511 1897 4575 precep-

251 4606 320 4661 tum
343 4595 504 4662 conscribi
528 4605 560 4660 et
581 4594 670 4659 anuli
693 4597 797 4659 nostri
820 4597 1021 4680 inpressione
1044 4596 1161 4659 muniri
1184 4616 1348 4679 manuque
1370 4596 1502 4679 propria
1524 4595 1735 4679 signavimus.

354 4756 367 4838 l
391 4752 527 4836 Signum
550 4751 661 4816 domni
686 4750 816 4817 Ottonis
839 4751 1044 4816 invictissimi
1067 4749 1155 4830 (MP.)
1176 4750 1273 4835 regis.
1296 4748 1310 4830 ξ

352 4873 366 4956 ξ
388 4872 562 4939 Liudulfus
577 4870 792 4936 cancellarius
808 4870 957 4935 advicem
967 4870 1131 4937 Brunonis
1146 4870 1424 4936 archicancellarii
1440 4871 1641 4956 recognovit.
1657 4870 1671 4954 l
1688 4875 1744 4948 (SI.
1761 4874 1800 4947 l.)
1816 4868 1897 4950 (SR.)

201 5038 233 5085 ³⁶
353 5030 442 5095 Data
464 5046 501 5093 11.
524 5027 567 5092 id.
591 5028 657 5092 iun.
681 5049 767 5092 anno
797 5026 979 5092 dominicae
1007 5028 1241 5092 incarnationis
1270 5041 1498 5109 Dccccnvnn,
1530 5025 1708 5090 indictione
1731 5043 1774 5106 11,
1810 5045 1895 5089 anno

251 5132 353 5199 vereb
374 5135 464 5218 regni
487 5132 624 5219 piissimi
646 5133 731 5215 regis
756 5129 887 5196 Ottonis
910 5148 1030 5214 xxlm3
1057 5140 1168 5196 actum
1188 5130 1285 5195 Rore.

338 5338 399 5395 2⁰³.
424 5341 453 5408 d)
471 5339 520 5391 dos
536 5341 622 5391 meite
640 5358 655 5392 o
672 5339 735 5392 oter
751 5338 798 5389 der
814 5338 884 5390 Zoilo
900 5337 1095 5405 mobpstroqen.

338 5460 396 5516 204.
424 5459 532 5530 [Sickol]
635 5464 661 5524 a)
679 5460 750 5525 solpt
772 5459 856 5511 kles'ae
873 5459 969 5520 Bostar,
992 5459 1018 5511 d.
1036 5459 1062 5510 a.
1085 5459 1139 5509 LF'.
1158 5458 1289 5512 comisto
1305 5464 1387 5509 soora
1404 5457 1455 5508 das
1471 5456 1576 5508 nitebas
1597 5455 1665 5507 Wort
1687 5453 1752 5504 noch
1775 5453 1831 5504 hier
1854 5469 1897 5503 osa

424 5529 530 5584 Sollers
547 5530 594 5582 dor
613 5528 775 5595 Schritisos'le
792 5528 965 5595 multisque
1068 5530 1096 5593 b)
1114 5529 1146 5583 A.
