4500 6420
901 464 1026 524 ΟΤΤΟ
1048 467 1072 522 Ι.
1097 462 1168 523 966,
1795 459 1856 527 431

314 641 404 709 Data
420 662 491 711 xvr.
507 644 575 712 kal.
590 646 671 712 febr.
687 669 774 713 anuo
794 647 956 713 dominice
978 650 1212 715 incarnationis
1237 665 1442 733 accccnxvr,
1465 650 1643 715 indictione
1660 667 1747 734 vnn,
1770 674 1856 717 anno

212 750 303 830 regni
327 746 458 814 Ottonis
480 751 566 834 regis
589 768 691 832 xxxl,
723 752 849 837 imperii
871 775 950 818 vero
973 771 1044 836 11113
1073 762 1182 818 actum
1204 753 1403 839 Aquisgrani
1427 752 1569 838 palatio,
1596 755 1630 818 in
1654 753 1704 818 dei
1728 757 1858 820 nomine

212 847 361 916 feliciter.

990 1061 1077 1135 317.

180 1222 196 1269 ὅ
223 1209 303 1287 Ouo
331 1212 492 1312 bestdtipt
517 1212 596 1286 dam
621 1213 767 1287 Klostcr
792 1214 996 1315 Blandipoi
1021 1217 1062 1288 io
1088 1214 1183 1291 Garat
1206 1212 1333 1291 Sclrutz
1359 1217 1439 1291 uad
1464 1219 1679 1294 Imrauoitdt
1697 1221 1773 1319 fiir
1800 1222 1857 1295 die

214 1333 403 1406 irrnerbalb
430 1332 495 1406 der
521 1334 800 1434 Reicluprenzeo
831 1335 1020 1435 pelepcnen
1052 1333 1279 1434 Ortscltoftea
1309 1337 1460 1437 Donabp
1494 1339 1575 1412 uod
1605 1338 1856 1441 Crornbrnqpc.

1329 1461 1508 1521 Maastricbt
1530 1464 1593 1523 966
1616 1463 1741 1524 Jaauor
1761 1467 1813 1526 22.

321 1644 569 1719 Oriqz'naldiplom
590 1647 633 1704 im
656 1645 858 1707 Staatsarcbiv
878 1667 919 1708 zu
940 1649 1067 1709 Brassel
1083 1647 1143 1728 (A).
1167 1684 1210 1692 -
1231 1648 1385 1721 Abscbrr'st
1406 1667 1462 1710 von
1486 1649 1692 1712 T'Serurancc
1713 1669 1770 1711 aas
1793 1653 1859 1712 dem

317 1747 350 1806 J.
374 1752 458 1809 1704
480 1750 522 1807 im
544 1747 747 1809 Staatsarcbiv
767 1769 808 1809 aa
832 1750 909 1810 Geat
932 1749 995 1829 (B).
1022 1786 1064 1795 -
1094 1750 1259 1812 Obortular
1280 1771 1336 1812 von
1355 1752 1522 1828 Blandiyai
1543 1772 1600 1814 aas
1622 1754 1675 1813 der
1696 1755 1787 1814 Mitte
1808 1756 1859 1815 des

316 1853 368 1911 15,
384 1851 437 1912 Ja.
461 1850 486 1923 f.
510 1857 553 1912 17
575 1854 685 1912 amaa
708 1852 720 1932 (
749 1853 772 1932 ).

316 2005 455 2066 Mirones
470 2006 540 2066 DD.
557 2007 638 2081 Belp.
657 2011 701 2068 42
714 2007 778 2067 aad
791 2009 856 2069 283
871 2024 928 2067 aaa
943 2006 1097 2080 Abschritt
1115 2033 1153 2062 =
1169 2010 1474 2084 miraeus-mppria
1494 2011 1547 2084 op.
1565 2017 1594 2082 1,
1610 2015 1683 2073 261.
1704 2045 1745 2055 -
1767 2013 1859 2071 Kluit

318 2110 398 2169 Hist
421 2111 601 2170 Hellana-iac
622 2116 671 2182 2⁰,
693 2115 738 2173 27
758 2114 828 2169 a⁰6
850 2128 907 2170 aaa
929 2111 965 2170 A.
989 2146 1031 2155 -
1053 2112 1186 2172 Doberes
1202 2110 1324 2173 Cbartes
1346 2114 1390 2172 de·
1407 2113 1536 2189 lobbcye
1552 2114 1587 2174 de
1606 2115 1635 2175 S.
1652 2116 1756 2174 Pierrc
1771 2120 1800 2186 1,
1818 2119 1861 2177 42

317 2218 352 2271 n⁰
368 2217 410 2273 40
432 2232 489 2273 aas
511 2213 567 2274 BG
587 2214 651 2273 aad
673 2215 812 2274 caderem
834 2214 904 2275 MS.
931 2247 968 2258 -
992 2215 1122 2275 Bbbmer
1142 2217 1215 2290 aa.
1239 2220 1312 2277 312.
1336 2249 1378 2259 -
1401 2216 1531 2291 Stamps
1547 2219 1620 2292 ch.
1644 2221 1717 2279 395.

318 2367 404 2427 Nacb
424 2368 491 2426 dem
511 2368 551 2427 D.
575 2368 626 2428 des
647 2368 908 2441 westfrdolriacben
928 2371 1043 2444 Kdniqs
1065 2369 1180 2429 Lotlmr
1207 2368 1347 2448 (Bdbmer
1368 2372 1440 2445 Res.
1458 2372 1532 2431 Kar.
1548 2375 1635 2434 2041
1659 2395 1699 2424 =
1723 2372 1859 2433 Lakmon

320 2468 340 2529 l.
363 2487 386 2530 c.
410 2473 452 2531 56
473 2476 507 2529 a⁰
528 2469 583 2549 34)
606 2489 663 2531 voa
683 2471 753 2531 ΒΘ.
776 2472 904 2544 versarat
925 2472 991 2531 ‹md
1008 2473 1202 2546 sartacteta.

322 2675 381 2756 (O.)
404 2672 419 2756 ξ
440 2674 479 2739 In
501 2677 632 2741 nominc
656 2685 767 2761 sancte
789 2685 822 2739 et
843 2674 1009 2760 individue
1032 2677 1194 2742 trinitatis.
1229 2674 1307 2741 Otto
1331 2675 1440 2740 divina
1463 2677 1591 2742 favente
1614 2678 1785 2744 clementia
1803 2681 1860 2744 im·

217 2786 349 2862 perator
377 2789 543 2864 augustus.
645 2779 809 2861 Quoniam
837 2779 946 2862 regiae
968 2777 1020 2842 vel
1046 2778 1274 2863 imperatoriae
1298 2779 1465 2863 dignitatis
1489 2782 1632 2847 officium
1655 2805 1727 2846 esse
1749 2779 1763 2861 ᾖ
1784 2804 1862 2847 con-

218 2889 297 2963 stat,
332 2890 368 2945 ut
396 2884 596 2947 monasteria
617 2882 669 2947 vel
697 2881 773 2947 loca
801 2882 861 2946 deo
893 2891 925 2945 et
953 2882 1074 2946 sanctis
1101 2883 1171 2946 eiua
1201 2881 1311 2947 dicata
1334 2883 1375 2947 ob
1400 2884 1500 2949 divini
1523 2885 1629 2949 cultus
1650 2894 1861 2968 augmentum

218 3003 295 3051 novis
323 3018 425 3067 semper
453 3004 659 3054 auctoritatibus
686 3004 858 3053 roborentur:
891 3002 989 3052 ideirco
1018 3005 1109 3051 notum
1132 3017 1190 3053 esse
1211 3002 1335 3052 volumus
1357 3003 1474 3052 omnium
1496 3001 1613 3053 fidolium
1636 3008 1786 3053 nostrornm
1808 3009 1861 3052 tam

166 3100 201 3148 20
217 3108 395 3170 praesentium
423 3123 503 3174 quam
531 3108 680 3158 futurorum
708 3105 866 3167 industriae,
896 3104 1011 3171 qualiter
1038 3106 1196 3156 venerabilis
1225 3107 1309 3157 abbas
1337 3106 1488 3156 Uuomarus
1517 3106 1714 3156 Blandiuieusis
1738 3107 1862 3156 coenobii

218 3214 334 3260 nostram
357 3211 423 3260 adiit
445 3213 620 3274 serenitatem,
643 3225 739 3276 rogans
761 3214 792 3258 ut
813 3224 884 3259 mere
907 3213 1102 3259 antecessorum
1125 3214 1282 3272 nostrorum,
1309 3224 1400 3275 regum
1423 3208 1524 3259 scilicet
1545 3193 1596 3258 vel
1619 3196 1861 3279 imperatorum,

218 3313 297 3362 rebus
320 3313 362 3364 vel
388 3315 597 3379 proprietatibus
624 3314 777 3363 monasterii
807 3313 848 3361 sui
874 3311 944 3361 infra
966 3313 1040 3378 regni
1063 3313 1145 3362 nostri
1168 3313 1294 3362 terminos
1317 3313 1469 3362 constitutis
1492 3313 1644 3362 emunitatis
1666 3313 1709 3363 vel
1732 3312 1862 3362 defensio·

218 3418 259 3465 nis
281 3422 387 3468 nostrae
414 3419 535 3468 bravium
563 3417 768 3468 concederemus
797 3400 924 3487 hocque
952 3409 1062 3485 nostre
1092 3401 1297 3466 auctoritatis
1326 3408 1480 3485 precepto
1509 3400 1747 3465 roboraremus.
1792 3400 1861 3464 Nos

218 3526 294 3568 vero
329 3507 512 3571 interventu
546 3505 663 3590 dilecte
697 3506 846 3586 coniugis
878 3511 1011 3568 nostrae
1047 3502 1239 3567 Adalheidis
1276 3501 1446 3587 fidelisque
1484 3502 1722 3588 archiepiscopi
1759 3505 1862 3569 nostri

168 3614 201 3663 25
219 3608 417 3674 Uuillihelmi
454 3610 495 3675 ob
524 3632 614 3695 spem
644 3608 752 3693 divine
780 3608 1068 3691 remunerationis,
1101 3630 1160 3693 pro
1189 3616 1276 3671 statu
1310 3615 1342 3671 et
1370 3605 1594 3672 incolomitate
1615 3606 1707 3691 regni
1728 3606 1781 3671 vel
1804 3608 1861 3672 im·

220 3714 300 3796 pcrii
330 3715 432 3777 nostri
461 3711 584 3798 filiique
614 3715 715 3778 nostri
746 3711 905 3775 carissimi
938 3712 1024 3794 regis
1059 3708 1190 3775 Ottonis
1223 3711 1276 3795 pie
1304 3709 1391 3773 illius
1418 3710 1565 3796 petitioni
1595 3731 1762 3774 assensum
1791 3731 1863 3795 prp-

219 3814 349 3879 buimus
372 3824 404 3879 et
426 3824 462 3880 ut
484 3838 535 3880 res
557 3814 608 3879 vel
631 3815 855 3901 possessiones
883 3814 1056 3899 prescripti
1084 3812 1324 3878 Blandiniensia
1353 3813 1502 3879 coenobii
1531 3815 1617 3880 infra
1642 3813 1733 3896 regni
1760 3815 1862 3878 nostri

219 3920 374 3984 terminos
409 3921 602 4004 constitute,
639 3918 819 3985 Dulciacus
852 3917 976 3982 scilicet
1008 3919 1043 3982 in
1075 3939 1161 4003 pago
1199 3917 1351 4000 Haginao
1386 3927 1419 3982 et
1452 3916 1669 4003 Orumbrigga
1705 3918 1739 3981 in
1776 3938 1861 4001 pago

219 4021 452 4106 Bragbatinse,
482 4044 582 4108 quam
603 4021 716 4086 villam
738 4022 906 4085 carissima
927 4030 1040 4085 nostra
1063 4043 1156 4086 soror
1178 4019 1348 4104 Gerbirgis
1370 4021 1485 4106 regina
1506 4021 1675 4086 monachis
1698 4020 1739 4085 ob
1762 4042 1863 4084 reme·

168 4129 201 4177 30
221 4123 309 4189 dium
342 4127 449 4210 anima
482 4125 587 4190 fidelis
620 4125 748 4190 comitis
779 4125 828 4188 sul
861 4124 1002 4189 reddidit
1029 4122 1174 4206 Amulii,
1208 4139 1258 4188 sub
1287 4144 1416 4204 perpetua
1438 4140 1589 4190 emunitatis
1617 4145 1722 4190 nostrae
1750 4139 1863 4188 tuitione

221 4259 278 4292 esse
300 4244 438 4307 volumus,
472 4246 510 4294 ita
532 4250 562 4294 ut
585 4243 674 4294 nullus
697 4249 785 4293 noster
808 4258 895 4293 comes
918 4247 965 4292 aut
986 4242 1066 4292 iudex
1089 4248 1136 4292 aut
1157 4244 1272 4292 vicarius
1295 4248 1342 4293 ant
1363 4243 1487 4308 publicus
1509 4242 1565 4294 fisci
1588 4249 1696 4294 exactor
1717 4243 1761 4293 vel
1783 4243 1862 4293 advo-

220 4352 296 4396 catus
318 4349 360 4398 val
383 4349 452 4399 alius
474 4349 570 4414 aliquis
591 4348 788 4413 prenominatas
809 4330 904 4395 villas
927 4347 1028 4412 ingredi
1051 4346 1148 4396 audeat
1169 4347 1203 4396 ad
1226 4346 1313 4397 tradas
1335 4342 1502 4414 exigendas*
1527 4349 1570 4398 vol
1597 4352 1703 4412 paratas
1728 4345 1863 4396 iaciendas

221 4451 263 4499 vel
291 4452 442 4503 hominibus
470 4438 642 4523 prescripti
671 4435 820 4501 coenobii
849 4451 916 4500 inibi
939 4450 1121 4500 habitantibus
1144 4441 1352 4510 distridtionelm
1380 4451 1517 4517 ingerendi
1539 4451 1582 4501 vel
1604 4450 1677 4500 aliud
1699 4449 1763 4515 quid
1790 4455 1863 4513 pote-

221 4555 296 4603 statis
319 4555 457 4605 exercendi
479 4556 616 4605 licenciam
640 4560 687 4605 aut
708 4559 864 4620 potestatem
892 4555 1002 4617 habeat,
1035 4555 1086 4604 nisi
1113 4555 1197 4604 abbas
1226 4558 1252 4604 et
1280 4553 1425 4603 advocatus
1452 4569 1530 4618 quom
1558 4553 1609 4602 sibi
1637 4553 1694 4617 ipse
1719 4551 1811 4600 utilem
1837 4556 1864 4600 et

169 4651 201 4698 35
221 4662 397 4709 necessarium
426 4645 567 4729 elegerit.
612 4645 655 4708 Et
682 4653 718 4709 ut
739 4643 801 4710 hoc
825 4644 1029 4709 auctoritatis
1051 4650 1184 4708 nostrae
1212 4650 1421 4727 pracceptum
1447 4640 1575 4704 firmum
1598 4649 1630 4705 et
1653 4638 1769 4703 stabile
1792 4660 1862 4723 per·

219 4757 365 4830 maneat,
399 4746 484 4812 hano
513 4757 639 4812 cartam
668 4745 831 4812 conscribi
859 4746 1027 4829 iussimus,
1062 4766 1161 4832 quam
1189 4753 1221 4808 ct
1250 4745 1383 4830 propria
1404 4766 1503 4809 manu
1526 4742 1640 4809 subtus
1662 4742 1863 4807 firmavimus

220 4849 372 4935 anulique
394 4853 497 4915 nostri
524 4851 738 4935 impressione
761 4851 881 4934 signari
904 4850 1066 4914 iussimus.

320 4990 335 5072 d
357 4988 492 5073 Signum
515 4987 638 5052 domini
662 4987 791 5053 Ottonis
813 4988 878 5069 (M.)
900 4987 1008 5070 magni
1033 4994 1066 5050 et
1087 4985 1291 5050 invictissimi
1313 4985 1519 5070 imperatoris
1541 4986 1681 5070 augusti.
1704 4982 1718 5062 Β

323 5088 336 5171 5
359 5091 531 5156 Liudolfus
554 5089 768 5156 cancellarius
791 5089 940 5154 advicem
962 5087 1161 5155 Uuillihelmi
1184 5087 1460 5174 archicappellani
1482 5090 1670 5174 recognovi.
1692 5085 1706 5166 3
1735 5089 1793 5169 (SI.
1812 5090 1864 5169 D.)

169 5200 202 5247 40
1781 5190 1863 5270 (SR.)

323 5331 412 5397 Data
435 5351 482 5397 ru.
505 5329 572 5397 kal.
594 5330 658 5397 feb.
682 5354 767 5397 anno
791 5328 953 5415 dominice
975 5329 1209 5396 incarnationis
1232 5344 1437 5412 Dccccbxva
1464 5327 1642 5393 indictione
1664 5345 1750 5411 V1111,
1774 5350 1860 5391 anno

220 5437 309 5520 regni
334 5436 443 5501 domni
468 5435 599 5500 Ottonis
622 5452 725 5519 xm,
755 5437 880 5521 imperii
903 5458 980 5500 vero
1003 5452 1076 5516 11113
1106 5441 1216 5496 actum
1239 5431 1408 5514 Traiect03
1436 5430 1545 5495 iudei
1570 5431 1699 5496 nominc
1726 5430 1862 5495 feliciter

221 5560 327 5605 amen.

305 5728 364 5784 ³17.
392 5729 472 5800 [Piot]
576 5733 603 5799 a)
620 5750 639 5800 g
656 5749 721 5783 corr.
739 5748 788 5782 arro
806 5748 828 5784 e.
