4298 6414
808 250 932 308 ΟΤΤΟ
955 252 979 306 Ι.
1004 247 1076 304 947.
1703 242 1763 306 167

226 453 273 496 soa
296 436 400 494 abasse
425 452 544 509 presses
568 435 858 506 Glaabwe'r'rdiplseit,
893 435 937 493 ais
961 440 1040 492 tertre
1061 437 1104 492 sie
1126 451 1183 492 uns
1205 435 1239 491 in
1261 434 1314 491 der
1339 434 1404 492 Zeit
1425 435 1501 492 nahe
1522 435 1677 492 stillando-n
1699 433 1763 492 Aa·

224 539 303 598 nelei
324 537 506 610 dierb’et‘ert.
552 538 658 598 Soweit
683 540 748 596 eine
772 536 906 596 Controle
932 537 1056 610 menedich
1084 539 1139 607 ist,
1173 539 1339 596 erselreinen
1366 537 1414 595 die
1443 538 1592 595 einzelnen
1622 538 1764 610 Aequore

225 643 329 714 rirlrtip.
373 641 430 701 Um
452 641 547 700 dieser
567 641 752 700 Nunrenliste
774 642 870 699 uuillen
892 641 1001 714 drr's'npt
1023 642 1181 699 sichelech
1203 642 1250 699 die
1275 642 1375 714 Frupe
1403 641 1469 712 ores,
1505 660 1592 699 ereren
1616 641 1688 698 meld
1716 642 1763 698 die

224 745 398 817 intapoiide
418 744 560 803 Uritande
582 745 756 803 aristandro
777 747 843 802 scie
865 762 940 817 rnep.
979 745 1044 802 Des
1060 744 1146 802 Alter
1168 747 1248 802 eireer
1265 746 1512 817 Neclreeiclnsanp
1535 747 1572 802 ist
1594 746 1702 802 saliares·
1723 763 1764 801 ru

224 849 393 908 iratimmen.
439 847 644 906 Andererseita
672 850 762 920 petere
789 849 865 906 neeis
892 848 940 906 die
961 847 1192 921 noehsolpeaden
1214 848 1285 907 DD.
1309 849 1414 906 leniora
1435 850 1550 906 sisteris
1573 847 1761 918 Aassrbless.

223 951 281 1011 Due
302 953 391 1010 achon
414 953 560 1011 malente
581 951 620 1010 D.
649 951 681 1010 O.
706 959 747 1009 H.
771 952 900 1009 admlirh
921 954 961 1010 ist
983 954 1047 1009 eine
1069 953 1214 1010 wortliche
1237 952 1431 1024 Bestdtipunp
1453 970 1509 1009 een
1529 950 1597 1010 DO.
1622 955 1673 1019 85,
1702 968 1763 1008 nur

222 1058 254 1114 ist
275 1054 323 1113 die
340 1055 538 1129 Zeaemreiise
559 1056 639 1113 nieht
662 1054 836 1112 winderholt.
879 1055 952 1113 Wer
970 1055 1099 1113 ‹tusselbe
1114 1056 1156 1112 im
1175 1054 1312 1128 Oripinei
1325 1055 1502 1123 eorlreaden,
1526 1057 1580 1112 rore
1595 1055 1762 1113 Lerourblet

220 1158 354 1229 emmim,
383 1175 417 1217 so
438 1158 541 1217 warde
562 1175 654 1216 asser
676 1157 874 1228 Subrisismrlr
896 1157 941 1216 uls
963 1175 1014 1215 rer
1036 1161 1099 1216 974
1122 1156 1299 1230 oaeesetipt
1325 1159 1480 1215 batres-ditet
1504 1157 1619 1215 werden
1641 1156 1762 1227 (tersere.

217 1259 292 1320 Ater
313 1263 368 1320 soie
389 1261 452 1320 sicis
472 1261 642 1320 Decemblet
664 1263 697 1318 in
720 1261 773 1319 der
794 1261 1009 1333 Beurtbeilnnp
1031 1278 1087 1318 eea
1108 1260 1176 1320 DO.
1201 1264 1241 1320 85
1267 1257 1501 1333 assuescerent,
1531 1260 1612 1317 isene
1634 1277 1666 1317 er
1687 1262 1763 1319 erreis

219 1366 269 1425 dus
289 1367 393 1424 serite
414 1364 508 1425 Sterlr
528 1366 713 1423 eboracham
735 1366 836 1423 leuben.
876 1365 968 1423 Uater
989 1365 1046 1422 dee
1068 1363 1222 1436 folgenden
1237 1364 1374 1436 Kenipee
1396 1363 1497 1421 rande
1518 1365 1614 1422 Esses
1636 1364 1684 1421 die
1701 1365 1762 1421 Inr-

215 1470 344 1528 maneret
364 1471 400 1527 in
421 1485 513 1528 neser
533 1468 674 1543 Fasarmp
696 1468 760 1527 aad
782 1470 855 1526 ohne
875 1469 1070 1541 Bruuius-ene
1092 1468 1142 1526 des
1164 1468 1386 1526 Besitrstandes
1409 1470 1553 1541 beste'tiet.
1592 1467 1631 1528 So
1653 1469 1762 1525 scierim

214 1574 272 1631 mir
298 1589 361 1630 aar
389 1571 439 1629 die
466 1573 530 1630 eine
557 1573 730 1645 studeam
757 1571 812 1642 fier
839 1571 1017 1644 fritheritipe
1039 1572 1225 1643 Eatstelranp
1252 1570 1305 1628 der
1330 1570 1534 1643 interpoiirlee
1555 1570 1696 1630 Urleunde
1722 1589 1763 1629 aa

212 1675 361 1748 sperchei,
385 1675 456 1734 daea
471 1675 524 1737 dea
540 1674 614 1746 seru
637 1675 692 1735 des
709 1677 771 1733 ibin
786 1693 841 1733 reu
857 1675 909 1731 der
924 1674 1051 1732 Kenrlei
1073 1674 1258 1731 tiberiassme
1272 1675 1447 1746 Perpernent
1470 1675 1560 1731 terem
1583 1674 1667 1746 lenpe
1690 1673 1761 1744 ouf-

213 1780 341 1839 betealut
363 1780 459 1838 habea
479 1779 556 1838 wird
576 1780 649 1838 elme
670 1797 726 1838 eun
749 1778 911 1838 ‹temseleen
932 1780 966 1835 in
988 1778 1040 1834 der
1062 1778 1245 1851 durpeleptee
1267 1779 1360 1838 Weise
1386 1778 1541 1837 Geireacb
1568 1797 1608 1837 eu
1630 1780 1759 1836 aarum.

54 2014 89 2068 ¹⁶
210 2019 270 2101 (0.)
290 2018 306 2101 ᾗ
327 2019 368 2084 In
389 2020 521 2084 nomine
544 2028 676 2083 sanotae
703 2028 735 2083 et
764 2016 953 2083 individuae
977 2017 1140 2081 trinitatis.
1187 2014 1264 2082 Otto
1289 2018 1399 2083 divina
1422 2017 1600 2082 auxiliante
1623 2016 1760 2082 clemen-

115 2119 157 2186 tia
176 2145 246 2188 rex.
344 2122 483 2188 Noverit
506 2123 650 2187 omnium
671 2121 816 2186 fidelium
838 2131 1024 2185 nostrorum
1053 2120 1227 2203 industria,
1263 2120 1350 2207 quod
1373 2121 1566 2185 venerabilis
1594 2121 1760 2186 abbatissa

119 2221 285 2311 Hrdeuuig
305 2230 321 2312 3
342 2226 537 2291 Asnidensis
567 2226 754 2290 monasterii
785 2248 805 2288 a
833 2224 919 2308 bouq
948 2226 1103 2308 memorie
1132 2223 1273 2288 Altfrido
1303 2225 1431 2309 presule
1453 2226 1486 2288 in
1509 2225 1632 2288 honore
1656 2226 1759 2288 sancti

121 2326 292 2395 Salinatoris
316 2340 514 2417 sanctaeque
538 2328 589 2392 dei
612 2329 777 2413 genitricis
800 2337 833 2391 et
854 2327 1113 2391 venerandorum
1130 2325 1268 2390 Cosmae
1284 2336 1317 2390 et
1331 2327 1484 2390 Damiani
1505 2337 1684 2411 martyrum
1699 2349 1759 2392 nee

119 2452 171 2496 non
198 2442 233 2496 et
263 2433 409 2498 omnium
438 2441 625 2496 sanctorum
654 2431 831 2495 constructi
860 2453 920 2493 nos
951 2428 1046 2511 adiit,
1080 2429 1250 2513 postulans
1273 2439 1309 2494 ut
1329 2431 1522 2494 inmunitate
1550 2431 1639 2513 regia
1667 2430 1755 2494 idem

72 2532 320 2619 tueoenobium
343 2536 391 2600 uti
414 2557 435 2598 a
456 2532 698 2621 precessoribus
722 2535 843 2598 nostris
865 2533 971 2597 fuerat
994 2532 1166 2614 donatum,
1191 2543 1222 2597 et
1243 2556 1303 2597 nos
1327 2535 1525 2619 presentarie
1548 2535 1757 2597 muniremus.
1778 2542 1781 2546 “

116 2635 207 2703 Cuius
230 2648 336 2703 voto⁸
365 2637 501 2704 consilio
531 2637 758 2721 religiosorum
785 2634 1068 2719 archipontificum
1091 2635 1265 2698 Frithurici
1289 2647 1386 2721 atque
1408 2635 1569 2703 Vuiefridi
1594 2635 1758 2719 obtempe-

112 2752 215 2807 rantes
244 2751 492 2828 ceterorumque
520 2743 749 2827 episcoporum
771 2761 810 2802 ac
834 2740 990 2803 comitum
1013 2737 1180 2802 electionis
1204 2738 1387 2821 arbitrium,
1420 2738 1497 2804 dum
1526 2740 1589 2804 hoe
1620 2741 1759 2803 necessi-

110 2843 181 2908 tasl
209 2845 373 2928 exegerit,
402 2846 507 2929 primo
530 2841 749 2908 concedimus.
795 2843 932 2928 Insuper
953 2851 986 2905 et
1007 2864 1119 2926 regum
1147 2842 1349 2928 aliorumque
1378 2842 1539 2907 fidilium⁰
1567 2843 1757 2907 traditiones

108 2947 181 3012 illuc
204 2947 346 3013 collatas
369 2969 506 3033 quarum
529 2947 735 3012 auctoritatis
759 2948 881 3031 scripta
903 2944 1081 3030 deflagrato
1106 2945 1230 3030 prefato
1259 2947 1456 3009 monasterio
1486 2946 1569 3028 ignis
1598 2954 1757 3026 exeserat,

69 3070 94 3119 to
109 3062 267 3136 perpetua
294 3049 447 3113 firmitate
476 3047 686 3131 roboramus,
724 3046 896 3133 <videlicet
922 3049 1083 3113 decimam
1113 3071 1241 3114 omnem
1264 3071 1325 3134 que
1347 3047 1485 3112 habetur
1506 3050 1589 3111 inter
1612 3048 1675 3113 duo
1700 3048 1757 3112 flu-

106 3155 193 3219 mina
216 3152 433 3218 Embisccara
455 3163 488 3217 et
509 3152 599 3216 Rura
622 3174 642 3215 a
664 3153 768 3217 rivulo
792 3153 954 3217 Loatunia
977 3162 1010 3216 et
1032 3176 1051 3215 a
1075 3152 1271 3217 molendinio
1295 3150 1429 3217 lconisd
1458 3175 1561 3238 usque
1584 3151 1627 3215 ad
1649 3152 1756 3216 locum

105 3257 233 3323 Lieriki
250 3268 283 3323 et
297 3258 465 3343 Leppera,
490 3278 589 3343 quam
611 3278 650 3321 eo
673 3255 869 3321 venerabilis
892 3256 1157 3340 archiepiscopus
1174 3254 1379 3320 Coloniensis
1402 3255 1539 3340 ecclesie
1556 3254 1756 3320 Guntharius

63 3346 66 3351 .
105 3359 217 3425 domui
233 3358 407 3444 apostolici
424 3357 553 3423 Nicolai
570 3367 602 3422 et
617 3359 885 3444 coepiscoporum
908 3359 1071 3443 totiusque
1094 3357 1172 3423 cleri
1196 3382 1358 3425 consensu
1381 3359 1562 3424 contulerat
1573 3369 1594 3441 ⁰,
1618 3369 1757 3444 excepta

103 3462 269 3550 particula
290 3465 323 3528 in
346 3462 419 3528 loco
442 3461 668 3546 Ruoldinghus
693 3483 791 3548 quam
818 3460 978 3545 Eggihart
1005 3472 1037 3524 et
1067 3463 1136 3524 eius
1165 3465 1309 3527 coniunx
1336 3463 1439 3528 Rikilt
1467 3465 1534 3527 iure
1562 3462 1756 3527 hereditario

58 3585 89 3634 ao
105 3565 331 3653 possiderunt3
354 3565 437 3631 duas
459 3563 581 3630 etiams
600 3564 695 3629 villas
718 3563 940 3649 Hohemberg,
963 3561 1110 3628 Cassella
1133 3587 1154 3627 a
1176 3565 1332 3630 Lethario
1355 3587 1431 3649 rege
1455 3575 1487 3629 et
1508 3586 1528 3627 a
1550 3564 1755 3648 Ludouuico,

104 3680 230 3736 curtem
252 3688 266 3734 1
288 3669 440 3735 Huon'thi
462 3679 686 3755 nuncupatam
708 3678 741 3733 et
763 3667 917 3754 quicquid
939 3666 1054 3732 habuit
1070 3669 1104 3731 in
1120 3671 1279 3734 comitatu
1293 3669 1427 3733 Ecberti
1443 3677 1475 3733 et
1491 3666 1668 3750 Cobbonis,
1692 3679 1756 3732 tres

104 3774 239 3860 insuper
261 3772 345 3838 alias
368 3782 475 3839 curtes
498 3773 635 3856 Holsto,
664 3772 842 3855 Araohem,
872 3771 973 3836 Herte
998 3773 1098 3835 victui
1122 3771 1419 3836 sanctimonialium
1441 3781 1473 3835 et
1495 3793 1515 3833 a
1537 3770 1662 3835 Karolo
1686 3793 1756 3835 cur·

104 3885 171 3940 tem
192 3872 454 3961 Vuodenesberg
479 3877 682 3940 nominatam
710 3874 840 3959 regibus
869 3875 980 3956 datas3
1014 3884 1047 3937 et
1075 3885 1199 3939 curtem
1227 3875 1268 3939 ab
1297 3897 1359 3938 avo
1391 3883 1501 3939 nostro
1526 3872 1646 3937 Ottone
1674 3873 1757 3939 duce

103 3979 189 4045 Beki
213 3978 338 4044 dictam
360 3978 416 4044 illo
439 3979 596 4045 traditam
617 3989 650 4043 et
672 4002 693 4042 a
715 3979 835 4044 domno
858 3981 1005 4063 genitore
1027 3989 1139 4043 nostro
1156 3978 1311 4043 Heinrico
1327 4000 1402 4061 rege
1424 3976 1633 4041 firmitudinis
1656 3998 1757 4042 causa

55 4098 88 4147 ao
105 4080 271 4147 eandem!
296 4083 413 4146 iterato
444 4078 629 4166 tributam.)
671 4081 871 4168 Preoipimus
896 4104 1023 4168 quoque
1046 4091 1082 4146 ut
1103 4081 1210 4146 nullus
1232 4080 1332 4145 iudex
1355 4080 1504 4165 publicus
1527 4078 1580 4142 vel
1604 4079 1757 4165 quislibet

105 4207 148 4250 ex
176 4182 352 4251 iudiciaria
382 4194 544 4271 potestate
571 4185 605 4248 in
632 4182 733 4250 locah
760 4185 897 4271 predicti
926 4186 1113 4250 monasterii
1138 4205 1221 4270 quae
1243 4183 1295 4246 vel
1317 4204 1403 4247 nunc
1426 4181 1573 4268 possidet
1594 4181 1646 4245 vel
1668 4181 1755 4246 dein·

104 4310 184 4374 ceps
207 4311 271 4375 que
292 4290 328 4354 iu
349 4291 419 4357 iure
440 4290 544 4375 ipsius
567 4291 673 4354 sancti
696 4289 760 4354 loci
782 4289 921 4354 voluerit
943 4288 1054 4353 divina
1076 4290 1181 4374 pietas
1204 4288 1331 4371 augeri,
1361 4285 1404 4350 ad
1428 4308 1546 4350 causas
1576 4284 1755 4349 audiendas

104 4392 158 4457 vel
181 4391 275 4457 stada
296 4404 354 4458 aut
375 4392 496 4459 tributa
519 4401 576 4457 aut
597 4395 762 4457 coniectos
786 4391 913 4478 aliquos
936 4391 1116 4476 exigendos
1139 4401 1195 4456 aut
1218 4393 1403 4456 mansiones
1426 4390 1478 4454 vel
1494 4402 1626 4476 paratas
1643 4390 1755 4453 fatien-

105 4494 191 4560 das‘
218 4505 277 4560 aut
297 4494 507 4561 fideiussores
529 4495 691 4561 tollendos
714 4504 770 4560 aut
792 4495 939 4559 homines
962 4496 1054 4559 istius
1079 4492 1215 4577 ecclesie
1237 4492 1480 4577 restringendos
1503 4514 1562 4555 nec
1585 4491 1669 4556 ullas
1695 4490 1755 4554 illi-

51 4622 89 4670 40
105 4599 189 4661 citas
218 4599 410 4663 occasiones
439 4597 651 4685 requirendas
681 4600 800 4663 nostris
829 4606 861 4660 et
888 4598 1004 4661 futuris
1032 4596 1233 4682 temporibus
1259 4594 1384 4681 ingredi
1408 4594 1528 4660 audeat
1549 4617 1654 4681 neque
1677 4593 1755 4658 telo·

104 4723 204 4767 neum
232 4722 339 4786 neque
366 4700 559 4787 parafredos
587 4700 639 4765 vel
668 4723 708 4765 ea
739 4723 800 4787 que
832 4720 931 4784 supra
958 4709 1138 4763 memorata
1167 4708 1242 4764 sunt
1270 4699 1400 4784 penitus
1430 4699 1560 4781 exigere
1589 4707 1756 4781 presumat

105 4826 268 4892 nemoque
296 4804 341 4870 ad
369 4802 504 4869 mallum
531 4801 756 4869 convocandii
789 4803 936 4867 homines
964 4801 1109 4867 eiusdem
1136 4803 1274 4887 ecclesie
1303 4824 1414 4866 servos
1442 4800 1518 4865 litos
1547 4799 1598 4863 vel
1632 4798 1753 4864 liberos

104 4907 228 4974 lrabeat
248 4916 454 4994 potestatem,
477 4908 540 4973 nisi
559 4906 743 4971 ‘advocatus
768 4928 864 4992 quem
886 4904 1055 4970 abbatissa
1077 4906 1222 4970 eiusdem
1242 4905 1307 4970 loci
1331 4904 1458 4968 adhoc
1483 4925 1564 4989 opus
1584 4901 1755 4986 delegerit3

104 5011 170 5078 hoc
191 5009 373 5097 regalitatis
394 5020 504 5096 nostre
526 5007 708 5096 preceptok
729 5031 829 5074 manu
849 5009 978 5074 firmato
1002 5020 1034 5073 et
1057 5007 1144 5073 anuli
1166 5010 1269 5074 nostri
1291 5005 1512 5095 inpressione¹
1534 5008 1699 5092 insignito.

55 5242 91 5292 46
210 5235 253 5291 85.
280 5233 388 5305 [Sielral]
492 5238 518 5299 a)
537 5252 603 5288 corr.
620 5253 668 5287 erra
685 5239 739 5287 voti
842 5235 871 5299 b)
888 5241 963 5286 amer
985 5252 1003 5285 n
1025 5235 1059 5284 or
1080 5230 1146 5283 norb
1168 5231 1215 5282 der
1232 5229 1428 5297 arsprdnqlr'cbe
1446 5229 1541 5282 Amare
1558 5245 1590 5280 aa
1607 5231 1688 5281 anem
1706 5245 1752 5281 aa·

278 5305 345 5357 dem
361 5305 526 5357 ammes
541 5321 573 5355 aa
589 5305 667 5356 redsa
764 5308 789 5367 c)
807 5304 830 5356 A
928 5306 956 5367 d)
973 5301 1157 5368 mspnrnqltca
1174 5301 1263 5350 inanes
1284 5304 1294 5350 i
1393 5301 1419 5364 e)
1438 5317 1504 5350 corr.
1522 5317 1570 5350 em
1587 5301 1753 5353 contulerant

279 5376 366 5441 onii
387 5374 576 5441 dbefllins'qrm
592 5373 862 5438 Abhhmspmieiren
969 5373 998 5439 g)
1016 5371 1140 5421 swarten
1157 5369 1247 5420 beiden
1266 5369 1367 5419 Wartea
1384 5369 1472 5420 Rasar
1575 5371 1604 5432 h)
1622 5385 1687 5419 corr.
1706 5385 1754 5419 eur

278 5444 339 5495 loco
424 5447 445 5507 i)
463 5460 515 5496 con
531 5443 594 5494 aas
610 5443 658 5494 der
671 5442 740 5493 Zeila
755 5442 942 5507 mnqaraqrn
1029 5441 1056 5503 k)
1074 5447 1149 5490 omer
1167 5456 1181 5489 c
1198 5437 1382 5503 arsprr'tnqla'cir
1393 5438 1489 5489 Anaua
1506 5455 1537 5488 ra
1555 5441 1636 5489 daem
1653 5438 1754 5489 easdam

278 5510 442 5564 Balaam
544 5514 564 5576 l)
582 5526 648 5562 corr.
666 5527 714 5561 aare
732 5513 886 5577 inpressum.
