4298 6414
939 479 1066 537 ΟΤΤΟ
1088 479 1112 534 Ι.
1137 477 1207 534 912.
1829 468 1893 535 561

247 656 459 723 medietatem
482 658 629 746 praelato
653 660 809 745 episcopo
831 659 884 723 vel
908 661 974 724 suis
998 659 1252 725 successoribus.
1298 661 1341 724 Et
1362 670 1398 725 ut
1419 660 1482 725 lroc
1505 664 1613 727 verius
1642 660 1795 726 credatur
1823 658 1895 724 dili·

246 760 444 846 gentiusqne
468 760 671 843 observetur,
701 761 851 826 manibus
874 764 1014 848 propriis
1038 762 1229 828 roborantes
1252 763 1371 827 annulo
1395 773 1506 829 nostro
1530 765 1614 828 lianc
1637 763 1894 828 confirmationis

246 873 386 929 nostrae
409 866 565 950 paginam
587 864 699 930 subter
720 867 873 930 iussimus
895 867 1054 949 insigniri.

1030 1102 1116 1176 415.

208 1280 226 1327 s
257 1254 340 1332 Ouo
368 1255 510 1330 scbcukt
534 1256 613 1330 dens
635 1256 781 1330 Kloster·
807 1255 866 1329 des
891 1257 924 1329 1.
946 1257 1074 1330 Petrus
1095 1284 1141 1330 zu
1167 1256 1286 1355 Clanp
1313 1260 1417 1331 einen
1444 1260 1494 1331 im
1520 1259 1763 1333 italicniscbcn
1785 1258 1894 1334 Retro

245 1377 439 1474 palcpanen
464 1376 553 1475 Hos.
1637 1432 1680 1441 ..
1722 1432 1765 1442 -
1808 1433 1850 1443 ..

355 1600 519 1661 0166116166
538 1608 572 1659 n⁰
594 1606 611 1661 1
636 1620 689 1660 um
711 1606 794 1661 1100
815 1602 1046 1675 9636161616661.
1072 1605 1113 1661 78
1135 1603 1168 1659 ia
1191 1601 1243 1660 der
1265 1601 1591 1676 Maraicr'pelbibltothelc
1612 1621 1652 1661 aa
1676 1601 1775 1677 01669
1797 1601 1856 1681 (O).

353 1737 500 1797 Mobillon
523 1737 598 1797 Acta
620 1737 673 1799 SS.
696 1739 740 1797 ed.
762 1746 785 1807 l,
808 1755 882 1797 saec.
904 1747 932 1808 V,
958 1741 1020 1798 769
1043 1739 1168 1796 11616661
1191 1739 1427 1797 sualrrsclteialiclr
1453 1756 1510 1798 aas
1534 1737 1559 1798 G
1580 1762 1619 1790 =
1643 1739 1687 1796 ed.
1708 1748 1744 1809 11,
1768 1756 1842 1798 saec.
1866 1747 1893 1809 V,

353 1843 425 1899 747.
449 1873 492 1882 -
514 1839 610 1898 Bruel
632 1839 756 1900 0161166
780 1841 815 1899 16
838 1838 989 1914 0166193,
1012 1845 1133 1900 23361
1157 1844 1239 1900 1113
1262 1858 1318 1900 aas
1342 1840 1372 1900 0.
1397 1873 1439 1885 -
1463 1839 1591 1914 Stamps
1609 1841 1680 1914 1169.
1705 1843 1776 1900 542.

355 1976 459 2036 Dictat
482 1977 532 2036 das
554 1978 596 2036 11.
620 1977 660 2037 D.

456 2177 496 2240 In
518 2177 650 2241 nomine
673 2188 807 2240 sanctae
830 2186 862 2240 et
890 2176 1077 2241 individuae
1106 2179 1270 2242 trinitatis.
1316 2176 1393 2242 Otto
1424 2178 1536 2243 divina
1565 2179 1694 2243 favente
1723 2179 1896 2244 clementia

250 2281 427 2363 imperator
450 2289 616 2363 augustus.
711 2279 878 2364 Imperiali
901 2282 1050 2364 congruit
1072 2280 1272 2345 excelentiae
1296 2289 1331 2345 ut
1353 2280 1587 2346 aecclesiarum
1610 2282 1663 2346 dei
1685 2281 1896 2366 benignitatis

251 2404 330 2446 suae
354 2404 486 2446 munere
509 2381 629 2464 foveat,
653 2404 715 2467 que
739 2383 766 2447 si
789 2382 908 2449 talibus
932 2385 1041 2449 studet
1063 2387 1202 2469 negotiis
1226 2407 1389 2467 exercere,
1421 2385 1534 2471 procul
1558 2385 1657 2451 dubio
1681 2396 1713 2451 et
1736 2396 1896 2473 tempora·

250 2486 315 2551 lem
346 2488 457 2571 exiget
484 2488 587 2551 vitam
614 2496 647 2551 et
676 2496 842 2551 aeternam
875 2487 1003 2553 felicius
1038 2487 1206 2554 obtinebit.
1251 2487 1379 2553 Idcirco
1415 2491 1542 2553 noverit
1575 2491 1719 2555 omnium
1753 2488 1897 2554 fidelium

206 2608 233 2654 tn
252 2602 387 2655 sanctae
410 2590 461 2656 dei
485 2591 642 2674 aecclesie
665 2599 914 2678 nostrorumque
937 2593 1135 2675 presentium
1158 2591 1282 2656 scilicet
1305 2614 1344 2656 ac
1367 2591 1550 2656 futurorum
1572 2589 1742 2674 industria,
1767 2592 1897 2657 Adelei-

251 2693 329 2758 dam
357 2696 595 2779 imperatricem
624 2693 776 2759 dilectam
805 2704 950 2758 nostram
980 2697 1152 2777 coniugem
1180 2694 1343 2759 humiliter
1371 2703 1502 2758 nostrae
1532 2695 1714 2758 serenitatis
1741 2716 1897 2759 exorasse

251 2797 470 2879 clementiam,
496 2800 648 2884 quatinus
672 2796 713 2861 ob
737 2820 880 2863 amorem
904 2796 956 2860 dei
981 2800 1211 2883 omnipotentis
1235 2799 1406 2883 animeque
1428 2806 1561 2861 nostrae
1583 2797 1726 2862 remedio
1750 2798 1896 2862 corticel-

250 2901 317 2965 lam
345 2923 446 2965 unam
477 2923 538 2986 que
567 2910 704 2964 vocatur
735 2903 815 2983 sic⁰,
851 2923 912 2985 que
940 2910 1076 2965 actenus
1105 2900 1260 2966 Iohannis
1290 2898 1460 2963 cuiusdam
1487 2899 1659 2985 presbiteri
1682 2900 1743 2965 fuit
1765 2900 1805 2964 de
1828 2922 1897 2964 oar-

252 3001 352 3067 dineb
376 3013 488 3067 sancte
503 3003 686 3066 Ticinensis
709 3003 900 3084 aecclesiae,
923 3025 1009 3067 nunc
1025 3026 1103 3068 vero
1126 3005 1187 3067 iuri
1210 3005 1301 3087 regni
1324 3003 1428 3066 nostri
1451 3002 1557 3066 Italici
1581 3005 1742 3087 pertinere
1758 3003 1895 3086 videtur,

206 3119 234 3166 so
252 3105 457 3169 concedere⁰
486 3113 583 3189 atque
610 3102 721 3186 largiri
751 3104 959 3188 dignaremur
987 3104 1147 3169 coenobio
1178 3108 1282 3169 sancti
1307 3106 1392 3170 Petri
1415 3106 1556 3191 apostoli
1581 3106 1669 3192 quod
1692 3116 1899 3193 nuncupatur

254 3205 440 3272 Cluniacus.
484 3207 554 3271 Nos
578 3216 687 3272 autem
711 3206 861 3292 precibus
884 3218 1016 3272 nostrae
1040 3207 1185 3293 prefatae
1207 3210 1355 3292 coniugis
1385 3210 1512 3273 exorati
1542 3208 1721 3294 predictam
1752 3210 1898 3275 corticel-

251 3309 319 3373 lam
341 3332 415 3373 cnm
439 3312 525 3375 omni
548 3312 732 3392 integritate
755 3309 869 3375 libenti
899 3313 1007 3376 animo
1037 3311 1143 3375 eidem
1169 3310 1266 3376 beato
1296 3311 1392 3376 Petro
1420 3310 1587 3396 apostolo,
1620 3322 1719 3397 prout
1747 3313 1830 3377 iuste
1859 3335 1898 3377 ac

252 3413 401 3496 legaliter
430 3436 619 3499 possumus,
649 3413 858 3477 concedimus
888 3413 1048 3478 donamus
1077 3424 1175 3499 atque
1200 3413 1357 3499 largimur
1379 3423 1410 3477 et
1432 3413 1473 3478 de
1495 3423 1606 3478 nostro
1630 3415 1698 3478 iure
1721 3425 1818 3501 atque
1842 3417 1898 3481 do-

253 3520 352 3582 minio
376 3520 409 3582 in
432 3521 501 3581 eius
524 3519 574 3583 ius
598 3528 630 3581 et
652 3516 832 3581 dominium
856 3519 988 3582 omnino
1012 3517 1269 3582 transfundimus
1297 3539 1337 3581 ac
1366 3516 1571 3602 delegamus,
1608 3540 1673 3581 una
1702 3540 1776 3584 cum
1804 3521 1898 3584 terris

206 3623 338 3685 ascesis
362 3623 484 3685 mansis
507 3623 611 3685 vineis
634 3623 736 3705 pratis
760 3623 885 3705 campis
908 3623 1039 3706 pascuis
1064 3621 1153 3685 silvis
1176 3620 1327 3684 stalareis
1351 3620 1475 3684 salictis
1499 3620 1679 3685 sationibus
1702 3621 1897 3687 molendinis

252 3723 490 3809 piscationibus
520 3725 613 3810 aquis
643 3744 844 3808 aquarumve
874 3723 1065 3788 decursibus
1096 3733 1127 3787 et
1159 3745 1234 3788 cum
1265 3722 1416 3787 omnibus
1450 3744 1534 3807 quae
1564 3722 1627 3787 dici
1657 3722 1709 3787 vel
1738 3726 1898 3789 nominari

253 3836 391 3912 possunt
420 3826 463 3890 ad
492 3827 672 3912 predictam
701 3825 902 3890 corticellam
930 3828 1013 3889 iuste
1036 3848 1076 3889 ac
1098 3825 1245 3909 legaliter
1273 3825 1510 3912 pertinentibus
1532 3825 1585 3889 vel
1608 3827 1842 3912 aspicientibus
1864 3830 1898 3893 in

253 3931 415 4014 integrum
436 3927 513 3993 ...⁶

1031 4132 1119 4209 tto.

206 4322 236 4369 30
254 4289 302 4362 Is
324 4289 573 4362 Anwescnbcit
599 4287 679 4362 Otto
698 4298 729 4362 1.
758 4287 837 4359 rand
862 4284 943 4362 Otto
961 4294 1015 4358 II.
1043 4286 1123 4358 aad
1147 4298 1253 4359 anter
1279 4287 1412 4361 Vorsitz
1440 4287 1499 4362 das
1522 4287 1762 4386 Pfalzprcp‘en
1784 4286 1898 4360 Adul-

253 4411 329 4482 bart
354 4408 434 4482 und
459 4409 518 4482 des
536 4408 780 4507 Koni‘qslrotcn
798 4407 909 4481 Erico
927 4406 1071 4479 werden
1098 4406 1156 4479 dic
1177 4406 1383 4481 Cunenilccr
1399 4431 1472 4479 oon
1489 4406 1670 4505 Bcrpunro
1690 4407 1742 4479 uls
1759 4405 1900 4503 Kldper

249 4554 364 4627 969666
398 4528 468 4601 den
501 4528 576 4626 auf
602 4528 824 4601 wiederlroltc
856 4527 1018 4624 Ludunq
1043 4527 1141 4600 niclst
1166 4527 1413 4600 ansoldcncuen
1440 4526 1614 4599 Bonudas
1640 4528 1705 4599 nait
1731 4526 1800 4599 don
1827 4551 1900 4597 con

253 4648 366 4720 elenen
393 4649 675 4744 beoaspruclztcs
701 4647 939 4743 Besitzunpen
965 4659 1070 4719 arator
1097 4647 1308 4745 Verlcs'lsunp
1335 4646 1395 4720 das
1421 4645 1571 4720 Bonnes
1597 4648 1769 4719 1166661111.

1463 4769 1605 4829 1116116661
1627 4773 1692 4830 972
1714 4769 1783 4829 Jali
1805 4771 1857 4829 30.

206 4972 237 5020 to
365 4956 709 5030 06191661916611666166
731 4956 946 5030 Oapttclorcltiv
967 4975 1008 5015 aa
1030 4957 1180 5029 Bcrpuono
1200 4954 1259 5034 (A).

359 5096 443 5167 Lupi
467 5093 527 5154 OD.
553 5096 688 5169 Berporn.
711 5100 742 5166 2,
765 5100 830 5155 303
852 5112 908 5154 666
931 5095 968 5153 A.
999 5094 1127 5154 -011,
1152 5095 1284 5168 Doaqob.
1309 5096 1394 5154 1283
1415 5099 1450 5150 7³⁰
1472 5096 1536 5152 737
1557 5109 1614 5151 aas
1636 5092 1674 5150 A.
1702 5125 1743 5135 —
1772 5091 1901 5151 Bohmcr

360 5200 430 5271 1169.
455 5202 580 5258 38766
603 5199 746 5259 «161120.
770 5232 812 5242 -
836 5197 963 5271 Stamps
981 5200 1053 5271 neq.
1077 5201 1149 5257 511.

357 5336 442 5394 Neela
464 5335 919 5408 1669616611361666166666166.
944 5334 1132 5394 summonte
1149 5332 1385 5403 Uetersclrristcn
1408 5332 1609 5406 61966116119,
1632 5332 1697 5390 aad
1710 5332 1901 5391 6166616166

344 5518 402 5571 411.
431 5517 529 5586 [Bruel]
640 5524 666 5583 a)
688 5519 712 5570 0
817 5521 843 5582 b)
860 5536 888 5568 66
916 5518 998 5569 Brual
1024 5521 1060 5568 im
1085 5517 1222 5580 Abdruck,
1252 5517 1324 5568 donn
1350 5518 1411 5568 abar
1434 5533 1498 5582 pop.
1519 5519 1572 5569 166
1596 5517 1637 5567 ala
1660 5516 1841 5580 Velamen
1867 5516 1900 5566 de

206 5586 242 5631 40
430 5588 520 5638 ordine
549 5588 759 5653 sequentum
785 5589 861 5637 661161
878 5603 952 5637 waso
969 5587 1081 5637 161616666
1098 5589 1126 5635 in
1147 5585 1170 5637 0
1192 5585 1280 5637 autea
1296 5586 1377 5648 661116,
1405 5586 1494 5636 attede
1521 5587 1554 5636 de
1571 5585 1678 5637 cardine
1704 5601 1736 5635 666
1753 5583 1901 5635 emacem

428 5659 485 5706 sein
570 5659 595 5721 c)
614 5657 770 5707 concederet
790 5655 814 5706 0
902 5658 930 5718 d)
947 5656 995 5707 clar
1010 5663 1098 5707 66661666
1118 5654 1195 5706 rosit
1211 5655 1259 5707 aar
1277 5653 1347 5707 &aa
1363 5655 1436 5706 661116
1453 5655 1504 5706 dm
1522 5653 1629 5707 Sctlw
1646 5653 1769 5718 6616611661,
1788 5655 1823 5703 at
1839 5652 1901 5704 6166

429 5724 626 5776 eumaeum
640 5724 777 5791 poblieban
