4500 6420
857 454 980 512 ΟΤΤΟ
1003 456 1025 510 Ι.
1051 449 1241 509 sta—973.
1807 443 1871 509 579

227 654 324 703 futuris
342 651 473 715 fidelibus,
496 652 610 718 qualiter
628 653 662 703 ob
680 667 795 702 amorem
813 652 855 702 dei
871 657 897 703 et
918 654 1005 718 anime
1027 657 1117 718 nostre
1138 651 1281 703 remedium
1304 652 1437 702 abbatiam
1460 653 1571 702 cenobio
1586 652 1750 702 Lauresham
1772 667 1870 717 appen-

228 757 332 807 dentem
354 758 383 805 in
405 772 487 806 unum
510 756 634 820 deinceps
657 771 714 806 esse
737 756 875 806 collectam
898 762 924 807 et
946 758 1033 821 ipsum
1056 757 1197 807 cenobium
1218 756 1333 822 regulari
1357 756 1448 806 ordino
1471 762 1497 806 et
1519 757 1616 806 abbate
1634 755 1718 806 solide
1736 761 1763 808 et
1779 758 1870 807 incon-

227 860 302 909 vulse
325 876 372 924 per
394 861 483 910 omnia
504 876 606 925 semper
621 861 710 926 vigere
734 859 906 921 decrevimus,
929 866 1091 925 quapropter
1106 861 1261 910 obsecrante
1278 860 1422 910 venerabili
1441 861 1537 909 abbate
1553 843 1761 926 Saiemanno,
1787 860 1871 910 eidem

228 965 385 1013 monasterio
415 970 505 1013 nostra
533 963 663 1015 electione
691 965 882 1026 inthronizato,
911 965 961 1015 hoc
989 970 1078 1031 nostre
1107 966 1273 1015 auctoritatis
1295 970 1449 1028 preceptum
1471 962 1527 1013 fieri
1551 962 1684 1012 voluimus
1707 979 1759 1028 quo
1782 978 1871 1028 prece·

192 1067 345 1117 edentium
368 1073 555 1132 augustorum,
578 1068 681 1117 scilicet
704 1067 815 1117 illustris
838 1074 864 1117 et
886 1070 974 1133 magni
997 1068 1088 1118 Karoli
1112 1071 1202 1134 piique
1224 1067 1404 1128 Hludouuiei,
1433 1067 1623 1131 benignitatem
1645 1066 1771 1116 imitando
1794 1082 1870 1132 regu-

226 1171 307 1220 larem
329 1171 465 1220 monachis
487 1170 560 1220 illius
583 1173 734 1221 monasterii
757 1170 790 1220 de
813 1171 909 1220 abbate
937 1170 1091 1221 electionem
1120 1171 1287 1238 indulgemus
1310 1177 1336 1220 et
1358 1173 1442 1235 ipsam
1465 1170 1599 1219 abbatiam
1618 1186 1649 1220 ex
1673 1172 1774 1236 integro
1796 1175 1869 1235 pote-

227 1276 288 1324 stati
311 1276 438 1324 abbatum
461 1275 495 1325 ed
518 1291 683 1326 communem
704 1275 845 1324 utilitatem
870 1274 1057 1324 monachorum
1081 1274 1129 1325 deo
1152 1276 1189 1324 ibi
1218 1274 1403 1324 famulantium
1432 1274 1577 1324 subdimus.
1616 1273 1762 1323 Statuimus
1790 1275 1869 1323 etiam

227 1380 379 1442 episcopum
402 1379 429 1426 in
452 1380 529 1428 cuius
551 1379 690 1443 parrochia
712 1380 791 1428 situm
815 1383 856 1428 est
877 1379 964 1442 ipsum
987 1380 1188 1441 monasterium,
1219 1394 1251 1428 ex
1279 1379 1398 1444 qualibet
1426 1380 1564 1429 occasione
1590 1380 1627 1428 ibi
1656 1380 1800 1442 irrumpere
1822 1394 1869 1429 seu

226 1481 369 1531 monachos
391 1482 608 1532 irrationabiliter
631 1483 778 1547 inquietare
797 1497 851 1531 non
870 1481 974 1543 debere,
997 1497 1046 1531 nee
1069 1497 1101 1531 ex
1124 1483 1204 1532 rebus
1227 1484 1378 1532 monasterii
1401 1484 1429 1532 in
1451 1483 1522 1532 omni
1544 1484 1647 1546 imperii
1669 1485 1752 1532 nostri
1770 1482 1870 1533 ditione

176 1589 208 1635 10
226 1585 341 1634 thelonei
365 1587 529 1634 exactionem
551 1583 608 1635 fieri
632 1600 680 1635 nec
703 1584 839 1649 publicum
862 1584 977 1634 iudicem
1000 1600 1046 1634 seu
1069 1586 1213 1650 quemlibet
1236 1602 1267 1635 ex
1291 1585 1430 1635 iudiciaria
1452 1591 1583 1649 potestate
1598 1586 1641 1636 vel
1660 1585 1738 1635 aliam
1755 1586 1871 1650 aliquam

224 1703 363 1752 personam
392 1690 532 1753 quicquam
561 1689 701 1751 potestatis
729 1694 776 1737 aut
803 1691 901 1755 negotii
931 1692 987 1739 sine
1016 1689 1153 1741 voluntate
1181 1696 1228 1740 aut
1250 1693 1380 1754 permissu
1403 1691 1507 1740 abbatis
1529 1692 1557 1738 in
1580 1690 1702 1739 omnibus
1725 1690 1869 1755 sepedicti

225 1791 376 1840 monasterii
404 1791 485 1840 rebus
514 1791 611 1841 habere
640 1792 682 1841 vel
712 1808 842 1842 exercere.
887 1793 1021 1857 Quicquid
1044 1795 1085 1843 ius
1108 1792 1165 1844 fisci
1187 1794 1248 1844 inde
1271 1796 1376 1860 exigere
1398 1799 1537 1858 potuerat,
1568 1809 1600 1843 ex
1629 1795 1731 1859 integro
1754 1795 1782 1842 in
1804 1810 1869 1843 usus

225 1895 376 1943 monasterii
400 1894 492 1944 cedere
514 1896 682 1959 precipimus.
726 1896 855 1944 Homines
877 1911 983 1960 quoqne
1006 1897 1135 1960 ingenuos
1158 1912 1205 1946 seu
1227 1912 1317 1946 servos
1340 1898 1367 1945 in
1390 1897 1601 1960 possessionibus
1624 1897 1776 1945 monasterii
1799 1911 1868 1944 corn-

224 2004 361 2047 manentes
384 1997 541 2063 distringere
564 2000 620 2047 sive
644 2001 715 2063 ipsas
737 2001 918 2063 possessiones
941 2006 1033 2048 contra
1055 2000 1160 2049 abbatis
1182 2000 1316 2050 decretum
1339 2002 1438 2050 intrare
1464 2016 1510 2050 seu
1538 1999 1571 2048 ad
1601 2014 1695 2049 causas
1724 1997 1869 2049 audiendas

174 2104 205 2151 15
225 2118 271 2151 seu
295 2104 444 2151 arausiones
466 2093 601 2152 iaciendas
623 2109 670 2152 aut
692 2103 765 2153 freda
780 2102 822 2151 vel
846 2103 945 2151 tributa
968 2102 1098 2167 exigenda
1112 2103 1155 2152 vel
1177 2102 1259 2152 ullam
1281 2105 1309 2152 in
1331 2104 1421 2168 aliquo
1437 2103 1591 2153 violentiam
1614 2101 1762 2151 faciendam
1785 2103 1867 2150 omni-

224 2207 273 2253 bus
297 2207 402 2255 omnino
425 2205 576 2255 hominihus
598 2221 645 2269 per
666 2206 735 2255 hanc
757 2212 846 2270 nostre
870 2207 1042 2254 immunitatis
1064 2207 1285 2270 conscriptionem
1308 2221 1416 2269 prorsus
1434 2205 1615 2256 interdicimus
1631 2209 1710 2269 atque
1725 2204 1759 2253 ab
1776 2205 1867 2254 huius-

224 2307 293 2355 modi
316 2307 358 2356 vel
382 2307 460 2356 simili
483 2309 680 2372 presumptione
703 2315 812 2359 cunctos
835 2327 882 2374 per
904 2311 993 2359 omnia
1014 2317 1134 2374 tempora
1154 2310 1312 2372 inhibemus,
1335 2300 1461 2375 quatinus
1485 2311 1568 2359 abbas
1591 2315 1617 2359 et
1639 2309 1760 2359 monachi
1779 2311 1869 2359 omnia

223 2410 287 2458 illuc
316 2411 472 2473 aspicientia
499 2412 548 2460 sub
578 2416 668 2460 nostra
696 2413 808 2462 tuitione
831 2430 883 2478 quo
906 2414 1030 2477 quietiori
1059 2413 1150 2463 ordine
1178 2414 1356 2477 possederint,
1388 2430 1419 2464 eo
1448 2414 1558 2464 liberius
1587 2429 1634 2477 pro
1663 2418 1734 2462 statu
1764 2414 1868 2478 imperii

222 2518 364 2577 nostraque
394 2512 480 2562 saluto
508 2514 557 2564 deo
586 2520 689 2564 vacent.
734 2516 769 2564 Et
798 2522 827 2565 ut
855 2518 904 2567 hoc
934 2519 1100 2567 auctoritatis
1126 2523 1215 2584 nostrq
1238 2525 1389 2583 preceptum
1412 2517 1515 2568 firmum
1539 2523 1564 2568 et
1587 2517 1682 2568 stabile
1704 2524 1864 2582 permaneat,

172 2622 206 2668 20
224 2618 297 2668 anuli
321 2620 402 2668 nostri
425 2620 596 2682 impressione
616 2621 714 2685 signari
737 2623 862 2672 iussimus
885 2628 911 2672 et
932 2624 1141 2687 manuopropria
1163 2624 1257 2673 subtus
1279 2620 1449 2670 firmavimus.

327 2740 462 2823 Signum
484 2741 593 2807 domni
618 2742 776 2808 Ottonis²
797 2745 861 2825 (M.)
887 2746 1085 2810 serenissimi
1107 2746 1313 2830 imperatoris
1335 2745 1473 2828 augusti.

324 2843 508 2928 Willigisus
531 2845 746 2910 cancellarius
770 2847 919 2912 advicem
940 2845 1087 2913 Rdtberti
1111 2846 1366 2933 archicapellani
1389 2848 1574 2930 recognovi.

324 2981 412 3044 Data
429 2999 474 3046 VI.
491 2981 557 3046 kal.
578 2984 744 3048 ianuarias
760 3006 847 3050 anno
864 2984 905 3049 ab
922 2986 1147 3049 incarnatione
1163 2983 1285 3050 domini
1302 2986 1404 3051 nostri
1420 2984 1495 3050 Iesu
1511 2983 1631 3049 Christi
1646 2999 1866 3064 Decccnxxu,

221 3084 396 3149 indictione
412 3101 468 3168 xv,
491 3096 647 3170 regnante
663 3088 717 3172 pio
736 3089 932 3172 imperatore
949 3086 1095 3153 Ottone⁸
1117 3110 1202 3153 anno
1222 3085 1390 3170 xxxvl1b3
1413 3096 1521 3152 aetum
1537 3086 1774 3167 Franeonfnrt3
1796 3084 1864 3149 feli·

171 3187 302 3250 nocitor
324 3208 428 3252 amen.

996 3394 1083 3468 426.

229 3546 309 3624 Orto
336 3549 476 3623 sebenht
500 3549 580 3622 ciem
606 3549 751 3622 Kloster
778 3549 837 3622 des
870 3549 903 3620 b.
928 3548 1056 3622 Petrus
1088 3575 1133 3623 zu
1159 3547 1312 3646 Crespin
1338 3549 1495 3621 mebrene
1521 3547 1760 3645 Besitzuupcn
1787 3546 1867 3620 rond

218 3683 376 3768 pectebat
401 3670 471 3745 deo
498 3669 670 3744 Brilder‘n
698 3669 756 3743 aa
771 3669 871 3768 faeie
897 3670 1003 3744 Waltz
1028 3670 1087 3744 des
1115 3670 1227 3769 Vopts.
1392 3689 1502 3749 Trete
1523 3693 1586 3751 973
1608 3690 1746 3749 Febraar
1768 3694 1819 3750 12.

325 3897 480 3958 Gallesion
501 3897 638 3967 Morosa,
663 3895 787 3955 Obortcs
810 3897 868 3956 Bd.
893 3899 931 3956 11
957 3896 982 3968 f.
1006 3900 1070 3956 148
1091 3897 1126 3954 io
1147 3895 1200 3954 der
1220 3894 1521 3955 Natioreolbibliotielr
1541 3911 1582 3953 ea
1604 3894 1693 3953 Par-is
1715 3893 1775 3973 (A).

169 4060 202 4106 30
322 4037 466 4094 Dur-atvar
481 4036 568 4094 Roob.
592 4052 647 4094 sur
668 4035 693 4093 le
716 4035 853 4093 Hoioout
876 4036 938 4093 350
961 4041 995 4092 πθ
1011 4037 1054 4094 29
1077 4050 1133 4092 aas
1149 4031 1179 4090 A
1200 4050 1240 4090 aa
1255 4033 1393 4091 Febroor
1407 4036 1457 4091 11.
1480 4064 1523 4074 —
1545 4029 1674 4103 Stumps
1684 4031 1757 4104 aee.
1774 4033 1861 4092 523⁰.

322 4173 424 4230 Dictat
440 4172 489 4230 cles
509 4172 582 4232 WB.
618 4171 686 4230 Dea
701 4170 956 4243 Ausstellunpsort
978 4175 1107 4231 rotissten
1129 4173 1185 4230 wir
1202 4168 1244 4248 (so
1262 4171 1338 4229 auch
1353 4169 1494 4248 Stampf)
1508 4171 1657 4228 societas
1679 4167 1742 4240 auf
1755 4168 1864 4228 Dreble

324 4278 355 4332 in
377 4275 430 4334 der
452 4275 651 4334 Londdrostei
677 4275 849 4334 Oanobrdck
871 4294 911 4333 eu
933 4275 1055 4347 (testem
1081 4277 1152 4334 aber
1173 4292 1202 4334 es
1224 4276 1262 4334 ist
1285 4273 1564 4333 arrwuhrsclreinlicb
1587 4272 1656 4333 dass
1679 4273 1731 4330 der
1752 4273 1864 4331 Kaisar

321 4380 383 4437 sich
405 4378 466 4450 osef
484 4379 608 4437 solcbem
627 4378 758 4451 Umucyc
779 4395 835 4436 ron
857 4377 1030 4449 Fronkfart
1052 4379 1129 4437 nach
1149 4377 1335 4452 Maqdeoory
1358 4377 1479 4450 beyebeu
1502 4377 1582 4435 habe.

425 4561 462 4625 In
486 4562 616 4627 nominc
640 4569 752 4625 sancte
775 4570 808 4625 et
829 4561 997 4626 individue
1020 4562 1182 4626 trinitatis
1222 4558 1299 4626 Otto
1324 4560 1434 4624 divina
1456 4561 1586 4626 favente
1610 4560 1781 4626 clementia
1803 4563 1860 4626 im·

168 4695 201 4741 35
220 4676 350 4752 perator
373 4674 540 4748 augustus.
627 4663 786 4728 Noverint
809 4686 920 4729 omnes
942 4667 1045 4730 nostri
1068 4664 1181 4729 fideles
1204 4672 1369 4750 presentes
1385 4675 1418 4729 et
1435 4664 1543 4746 futuri,
1568 4664 1706 4750 qualiter
1719 4687 1780 4729 nos
1793 4675 1861 4728 tam

219 4791 277 4851 pro
297 4770 404 4831 anime
422 4777 531 4833 nostre
550 4766 693 4831 remedio
717 4789 815 4852 quam
838 4771 936 4833 etiam
957 4768 1222 4833 fidelissimorum
1237 4778 1422 4833 nostrorum
1437 4768 1624 4833 Riehinouis
1641 4776 1739 4854 atque
1754 4767 1862 4833 Amel-

219 4873 276 4934 rici
305 4872 461 4936 comitum
488 4871 671 4934 interventu
698 4869 742 4934 ad
771 4872 1003 4936 monasterium
1030 4871 1196 4957 quoddam
1220 4872 1325 4935 sancti
1348 4871 1435 4935 Petri
1458 4872 1613 4956 principis
1637 4871 1861 4956 apostolorum
1933 4915 1939 4925 -

219 4975 387 5059 sanctique
403 4972 576 5038 Landclini
594 4973 791 5038 confessoris
808 4972 927 5038 Christi
944 4975 976 5037 in
991 4973 1070 5039 villa
1086 4971 1224 5058 Orespin
1240 4983 1463 5038 constructum
1478 4995 1610 5037 mansos
1627 4991 1673 5036 xv
1696 4976 1729 5036 in
1746 4973 1860 5037 eadem

218 5076 296 5141 villa
319 5078 409 5158 sitos,
434 5079 466 5140 in
483 5074 628 5161 Cipliaco
653 5075 826 5140 eeclesiam
848 5098 923 5141 eum
945 5094 1019 5139 xxx
1042 5077 1174 5158 mansis,
1198 5078 1231 5140 in
1250 5078 1370 5142 Estron
1394 5077 1564 5142 eeclesiam
1588 5099 1662 5141 curn
1685 5095 1707 5140 x
1726 5079 1858 5160 mansis,

166 5207 199 5254 40
218 5181 250 5244 iu
275 5179 456 5244 Gelliniaco
481 5196 502 5243 v
525 5202 657 5244 mansos
681 5189 792 5244 nostra
814 5180 972 5265 imperiali
996 5181 1142 5264 potentia
1165 5180 1358 5246 tradidimus
1387 5181 1495 5265 largiti
1524 5203 1636 5246 sumus
1660 5181 1858 5267 firmiterque

217 5284 410 5349 donavimus
418 5334 426 5367 ‚
454 5306 528 5347 cum
551 5285 717 5369 utriusque
740 5306 838 5348 sexus
861 5285 1033 5368 mancipiis
1057 5283 1193 5349 edificiis
1216 5286 1308 5348 terris
1332 5282 1427 5349 cultis
1451 5294 1483 5347 et
1504 5284 1634 5348 incultis
1657 5286 1760 5369 pratis
1784 5306 1858 5370 pas-

216 5389 285 5451 cuis
315 5387 403 5452 siluis
432 5388 557 5472 campis
585 5387 816 5471 agriculturis³
838 5385 1075 5472 piscationibus
1097 5387 1200 5450 vineis
1223 5388 1284 5450 viis
1307 5396 1339 5450 et
1361 5387 1456 5450 inviis
1480 5386 1621 5451 exitibus
1645 5394 1677 5450 et
1700 5385 1857 5451 reditibus

301 5555 359 5608 ⁴2⁵.
387 5554 495 5623 [Sickel]
599 5558 624 5623 a)
644 5560 689 5606 mit
707 5558 766 5607 dem
784 5560 811 5606 in
829 5557 851 5607 A
869 5556 987 5608 abb'clcen
1005 5558 1096 5609 Zusate
1113 5559 1170 5608 aba
1192 5557 1239 5608 der
1257 5557 1326 5608 Zeila
1346 5561 1423 5623 primi
1441 5557 1495 5608 arud
1513 5562 1597 5624 primo
1693 5558 1721 5623 b)
1740 5557 1771 5619 A,
1790 5557 1858 5608 wohl

387 5624 562 5675 wechrieben
578 5632 639 5677 stau
657 5639 775 5678 xxxrur.

165 5718 199 5766 45
301 5705 359 5760 lto.
387 5705 494 5776 [Sickel]
597 5712 624 5774 a)
643 5712 797 5779 agricultuis
815 5711 846 5762 A.

1593 5798 1652 5860 78*
