4298 6414
921 450 1116 506 KONRAD
1140 451 1162 505 l.
1188 447 1260 504 914.

1055 633 1117 709 22.

289 783 422 864 Kourod
442 784 587 859 sedeakt
607 785 686 893 dero
703 785 846 861 Kloaer
868 784 906 862 S.
925 787 1135 860 Eazraerom
1157 813 1201 860 za
1224 786 1452 886 Repetasberp
1474 787 1579 859 circen
1606 787 1713 861 Wold
1735 788 1790 861 bei
1811 786 1912 863 Sota-

291 907 370 996 tra,
397 905 522 979 descen
548 904 1171 1005 6222222222222222211291223
1199 906 1420 1006 beiqefitqtea
1445 906 1719 1019 Α2Ῑ221213323329
1746 908 1912 981 22321222-

291 1033 339 1103 12
355 1026 446 1100 aad.
1442 1064 1619 1125 22222
1642 1067 1705 1124 914
1728 1067 1796 1126 aar
1816 1068 1869 1125 25.

270 1287 281 1334 t
371 1268 628 1344 021912αωὶ922
649 1271 691 1328 im
714 1270 743 1329 lc.
766 1267 982 1332 Reicbsarcbio
1004 1292 1045 1332 22
1068 1271 1224 1330 1112221322
1248 1270 1312 1348 (Α).

368 1424 426 1483 Pes
450 1424 538 1486 11123.
563 1429 604 1496 1⁶,
628 1427 670 1487 46
691 1432 726 1486 a⁰
747 1430 769 1486 3
790 1444 850 1488 223
872 1428 901 1485 Β
925 1426 967 1506 (2)
994 1451 1032 1481 =
1057 1426 1249 1501 12219112.
1275 1421 1342 1497 212,
1367 1428 1429 1484 106
1452 1432 1486 1485 20
1510 1426 1562 1487 99.
1591 1460 1632 1469 --
1661 1427 1751 1486 Fors.
1780 1428 1813 1485 ia
1839 1422 1922 1487 0er

334 1542 337 1547 ’
374 1528 465 1590 Gotw.
488 1529 519 1602 1,
544 1532 606 1591 106
629 1553 670 1584 =
693 1531 824 1591 Bobrncr
845 1531 883 1593 A.
909 1532 999 1592 Coar.
1024 1533 1065 1591 25
1088 1537 1123 1588 21
1145 1533 1195 1590 22.
1220 1563 1261 1574 -
1285 1528 1378 1588 Liber
1393 1529 1480 1603 prob.
1504 1530 1622 1591 Ratisb.
1647 1534 1710 1591 102
1732 1536 1767 1588 a⁰
1789 1532 1830 1589 39
1854 1548 1913 1589 223

336 1618 343 1661 ³
369 1633 425 1692 aa.
450 1666 492 1677 -
513 1634 594 1694 222
618 1633 681 1694 cu.
705 1632 824 1696 12223.
849 1637 878 1704 1,
902 1636 944 1694 93
967 1639 1002 1692 nr
1025 1637 1067 1692 97
1095 1632 1214 1693 221.
1238 1666 1280 1674 -
1303 1633 1390 1692 uota.
1415 1633 1601 1705 1222233,
1627 1636 1913 1693 1492122223

370 1736 470 1797 1.-
493 1737 627 1797 Bobmer
648 1737 724 1814 1129.
749 1740 826 1811 Inep.
851 1740 901 1807 21,
925 1740 1000 1813 1129.
1025 1739 1101 1797 Kar.
1128 1738 1221 1796 1253.

260 1886 282 1947 lo
373 1890 571 1951 Gesebriebea
593 1908 652 1951 oea
673 1892 732 1954 SB.
772 1893 840 1951 1123
863 1895 966 1954 Dictat
988 1895 1027 1951 ist
1050 1909 1083 1950 so
1106 1891 1332 1965 forrnelmusstq
1355 1890 1428 1949 class
1451 1889 1516 1948 oieb
1542 1892 1635 1972 122232
1663 1892 1726 1965 aas
1749 1894 1838 1951 cinea
1865 1891 1912 1949 be·

370 1993 886 2068 3112222217221233223221123322
914 1996 998 2056 laea.
1027 2029 1069 2037 -
1099 1996 1178 2056 Jeta
1204 1996 1244 2053 ist
1274 1994 1339 2053 dem
1363 1994 1493 2067 Prr'tcept
1521 2012 1571 2052 am
1599 1996 1837 2056 3222221222
1863 1997 1913 2053 eia

368 2096 623 2172 Perpaareatblatt
647 2099 812 2175 22922212,
836 2098 959 2160 2212123
981 2098 1200 2173 2239212911οή
1223 2116 1265 2155 ou
1289 2097 1688 2170 22332222122221122212,
1712 2099 1913 2158 2212322212-

367 2200 424 2259 liet
447 2204 501 2260 nait
525 2202 620 2276 Hdlsc
644 2202 1067 2276 21223Ρ2ν922222132211223
1091 2201 1225 2276 besestiyt
1248 2214 1320 2261 coar.
1355 2202 1435 2260 Eine
1457 2200 1660 2277 912121222192
1676 2201 1772 2260 Hand
1789 2202 1840 2260 bot
1856 2203 1918 2274 aas

370 2304 480 2363 diesem
508 2304 640 2363 Beiblatt
666 2306 701 2363 ia
731 2304 978 2378 diplomatiscber
1000 2287 1158 2364 1112231221
1186 2304 1235 2362 die
1262 2305 1563 2379 (13·222123222229
1587 2304 1638 2363 des
1660 2304 1782 2365 Waldcs
1805 2307 1912 2381 crispe-

266 2427 277 2472 t
368 2408 512 2468 retebaet.
550 2409 632 2467 Eine
661 2408 800 2466 dtulicbe
824 2407 1063 2483 Beiloyefiadet
1085 2407 1149 2466 oieb
1171 2407 1217 2465 bei
1239 2407 1498 2483 22291212122113
1522 2408 1587 2467 dem
1610 2409 1913 2467 Euemeramstloster

368 2529 423 2569 aon
446 2512 564 2584 Arrrots
586 2529 635 2570 aar
663 2513 716 2570 21.
741 2512 834 2569 Mera
855 2512 920 2570 890
948 2511 1103 2570 ertbeilteu
1126 2510 1261 2584 Diptora.
1299 2510 1384 2570 Doss
1412 2510 1483 2569 uber
1511 2510 1590 2570 oucb
1612 2528 1655 2570 22
1678 2512 1797 2570 anderu
1821 2516 1911 2572 (2122

367 2613 466 2673 solete
481 2613 756 2687 tlafaeicboanpen
778 2613 915 2689 92322212
936 2613 1002 2672 aad
1024 2612 1216 2685 ausberoabrt
1231 2613 1366 2687 222122,
1391 2614 1515 2673 23321322
1531 2615 1589 2674 teir
1603 2634 1634 2674 2.
1651 2633 1680 2676 o.
1697 2633 1755 2676 223
1772 2617 1842 2678 DK.
1859 2618 1911 2676 32.

369 2838 427 2915 (C.)
451 2837 465 2919 ἓξ
487 2836 527 2900 12
542 2837 671 2900 nomine
688 2846 821 2901 sanctae
837 2846 870 2900 ct
884 2835 1072 2901 individuae
1088 2837 1252 2900 trinitatis.
1276 2834 1490 2901 Olruonradus
1508 2837 1558 2902 dci
1578 2840 1684 2922 gratia
1699 2862 1768 2902 rex.
1849 2838 1913 2901 No·

281 2948 334 3004 tum
356 2941 397 3004 sit
421 2941 564 3004 omnium
587 2939 731 3005 fidelium
753 2949 938 3005 nostrorum
961 2942 1175 3025 magnitudini
1199 2940 1417 3026 praesentium
1435 2940 1559 3004 scilicet
1574 2951 1606 3004 et
1622 2941 1812 3021 futurorum,
1836 2963 1913 3026 qua·

244 3058 266 3105 2
279 3041 338 3107 liter
363 3066 423 3108 nos
454 3043 495 3108 ob
525 3066 669 3108 amorem
698 3044 748 3108 dei
780 3052 812 3108 et
839 3043 1008 3108 remedio²
1041 3047 1169 3109 animae
1203 3056 1334 3110 nostrae
1364 3044 1407 3108 ad
1436 3054 1584 3127 sanctum
1616 3045 1666 3108 dei
1701 3056 1878 3130 martyrem
1900 3041 1913 3122 l}

275 3146 555 3230 llmnrerammum,
584 3149 677 3212 cuius
704 3149 902 3212 monasterio
931 3149 1016 3212 Tuto
1040 3147 1236 3213 venerabilis
1266 3149 1439 3233 episcopus
1468 3170 1620 3232 praeesse
1649 3146 1842 3230 dinoscitur,
1866 3149 1912 3214 fo-

274 3259 382 3315 restum
412 3252 506 3315 iuxta
536 3249 692 3335 Sulcipah
715 3273 788 3315 curn
818 3251 989 3316 forestario
1021 3251 1155 3336 Sigifrid
1183 3261 1370 3336 nuncupato
1402 3261 1559 3336 perpetuo
1588 3254 1656 3316 iure
1686 3253 1718 3315 in
1746 3255 1912 3337 proprium

272 3353 468 3419 donavimus.
499 3355 580 3419 Inde
603 3377 680 3440 ergo
703 3353 789 3419 hocb
812 3355 998 3420 donationis
1020 3366 1152 3421 nostrae
1175 3364 1384 3441 praeceptum
1409 3355 1550 3420 scribere
1572 3357 1724 3420 iussimus
1746 3378 1804 3441 per
1825 3357 1913 3441 quod

271 3457 413 3523 volumus
434 3458 633 3542 firmiterque
656 3457 815 3540 iubemus,
838 3467 874 3522 ut
896 3467 1094 3523 memoratus
1118 3460 1292 3544 episcopus
1316 3460 1429 3542 suique
1451 3459 1483 3521 in
1500 3467 1690 3542 perpetuum
1707 3480 1912 3524 successores

233 3575 256 3621 2
271 3563 317 3646 qui
340 3562 461 3626 fuerint
481 3570 624 3626 rectores
648 3563 681 3625 in
706 3563 927 3646 suprascripto
950 3563 1148 3627 monasterio
1173 3562 1277 3625 sancti
1299 3562 1541 3642 Emmerammi,
1564 3561 1630 3624 iam
1653 3561 1757 3624 dictas
1779 3585 1832 3627 res
1855 3584 1914 3647 per

268 3663 323 3727 hoc
345 3665 603 3729 confirmationis
626 3665 817 3730 mandatum
841 3667 909 3729 iure
931 3665 1116 3730 firmissimo
1140 3673 1273 3729 teneant
1294 3673 1391 3749 atque
1408 3663 1611 3748 possideant,
1635 3665 1680 3727 ita
1696 3674 1731 3728 ut
1746 3665 1790 3728 ad
1806 3667 1912 3750 ipsum

267 3777 411 3832 sanctum
440 3767 548 3832 locum
578 3769 697 3833 nostris
727 3768 907 3854 futurisque
930 3768 1132 3854 temporibus
1163 3770 1196 3832 in
1227 3768 1403 3833 elemosina
1426 3776 1539 3830 nostra
1562 3767 1794 3851 perpetualiter
1816 3769 1912 3852 proti-

266 3872 349 3935 eiant
376 3874 411 3935 in
439 3873 632 3956 augmentis.
670 3871 715 3935 Et
741 3880 778 3935 ut
804 3871 885 3936 haec
912 3875 1091 3937 auctoritas
1124 3873 1248 3937 tirmior
1275 3871 1435 3936 habeatur
1463 3880 1496 3934 et
1525 3869 1685 3934 diuturnis
1712 3871 1912 3956 temporibus

266 3975 376 4039 melius
406 3984 632 4056 conservetur,
666 3997 765 4038 manu
793 3984 905 4039 nostra
935 3975 1049 4040 subtus
1078 3999 1150 4041 cani
1179 3975 1363 4040 confirmari
1394 3973 1596 4037 decrevimus
1626 3973 1779 4059 anulique
1810 3977 1911 4038 nostri

226 4092 253 4137 :to
269 4078 500 4162 impraessione
523 4079 708 4162 consignari
732 4080 894 4143 iussimus.

363 4246 378 4325 ξ)
400 4240 536 4326 Signum
559 4242 668 4307 domni
693 4241 880 4308 Clruonradi
906 4245 995 4322 (111.)
1020 4243 1157 4326 piissimi
1180 4244 1276 4327 regis.
1299 4240 1314 4322 1,)

361 4360 376 4448 ἒξ
399 4362 555 4427 Salomon
571 4363 787 4427 cancellarius
802 4363 951 4428 advicem
964 4363 1120 4447 Piligrimi
1137 4362 1413 4448 archicappellani
1429 4365 1605 4446 recognovi
1621 4363 1681 4444 ct}{
1699 4367 1781 4444 (SR.)
1797 4368 1910 4445 (81.1.)

364 4529 454 4593 Data
470 4546 544 4593 vm.
563 4527 631 4592 kal.
654 4530 720 4592 iun.
744 4551 830 4594 anno
854 4529 1087 4593 incarnationis
1110 4528 1232 4593 domini
1255 4542 1454 4610 Dccccxnn,
1479 4529 1655 4593 indictione
1672 4548 1707 4611 11,
1731 4552 1816 4593 anno
1833 4551 1910 4593 vero

265 4634 352 4715 regni
375 4635 462 4718 regis
486 4634 622 4718 piissimi
646 4630 834 4697 Chuonradi
857 4651 914 4712 1113
936 4639 1045 4695 actum
1069 4631 1112 4695 ad
1128 4631 1338 4713 Foraehein13
1362 4634 1393 4695 in
1418 4632 1469 4696 dei
1492 4635 1623 4697 nomino
1645 4633 1782 4698 feliciter
1805 4657 1912 4698 22322.

221 4891 251 4938 at
365 4873 429 4939 Per
455 4873 537 4938 haec
567 4873 640 4938 loca
670 4884 702 4938 et
731 4874 815 4938 infra
843 4873 924 4938 haec
954 4874 1027 4939 loca
1056 4896 1154 4959 super
1182 4875 1290 4938 omnia
1321 4873 1475 4939 animalia
1505 4875 1698 4939 forestensis
1726 4874 1838 4939 foresti
1868 4874 1911 4938 ad

266 4976 440 5042 Sulzibach
469 4977 597 5042 bannus
627 4977 835 5041 distenditur:
872 4977 1094 5041 adorientem
1119 4979 1310 5042 terminatur
1331 4980 1401 5043 rivo
1426 4980 1479 5063 qui
1504 4978 1622 5042 dicitur
1643 4976 1910 5058 Sameutesbach,

265 5105 284 5144 a
311 5081 464 5146 Danubio
494 5103 596 5165 usque
626 5079 682 5144 ubi
713 5082 783 5165 ipse
812 5080 1069 5145 Samentesbaclr
1098 5081 1219 5145 fontem
1248 5079 1363 5161 habet,
1398 5092 1430 5146 ct
1457 5082 1533 5147 inde
1556 5083 1588 5146 in
1611 5079 1856 5146 Bibbinesbaclr
1878 5090 1911 5142 ct

265 5184 337 5248 inde
360 5186 393 5248 in
417 5181 594 5248 Sulzibaclr
617 5192 650 5247 et
672 5205 730 5267 per
752 5183 929 5247 Sulzibach
953 5206 1080 5249 sursum
1107 5207 1222 5248 versus
1252 5207 1353 5270 usque
1383 5187 1415 5248 iu
1437 5184 1700 5249 Uuattcnuelden
1724 5194 1756 5248 ot
1780 5184 1855 5248 inde
1877 5185 1909 5247 in

265 5310 448 5372 supremam
471 5294 596 5371 partem
619 5286 683 5351 loci
706 5289 760 5371 qui
783 5287 900 5352 dicitur
916 5287 1253 5370 Hunbrechteszanta‚
1277 5298 1310 5352 et
1332 5287 1407 5353 inde
1430 5297 1691 5373 supermontem
1715 5291 1769 5373 qui
1793 5287 1911 5351 dicitur

219 5406 249 5452 to
266 5390 513 5473 Steininbrhi10,
536 5400 570 5455 et
591 5389 666 5455 inde
690 5390 842 5455 deorsum
862 5413 920 5476 per
942 5392 1095 5477 paludem
1118 5415 1180 5478 que
1201 5392 1319 5456 dicitur
1333 5391 1510 5473 Erelinlaa,
1534 5401 1566 5455 et
1588 5392 1663 5456 inde
1686 5414 1744 5476 per
1767 5393 1909 5476 superio·

364 5595 407 5650 22.
435 5594 542 5664 [Sirkel]
634 5595 703 5657 atil
790 5598 817 5658 b)
835 5597 896 5646 mer
913 5597 961 5648 der
978 5597 1250 5662 2211222219222922
1337 5600 1362 5658 e)
1379 5597 1427 5648 der
1445 5597 1580 5650 Schrader
1597 5597 1689 5648 timae
1706 5614 1753 5648 223
1770 5605 1909 5663 22232192-

433 5666 686 5717 2221222222)
713 5665 997 5732 222213111222219229
1023 5669 1092 5716 21223
1115 5667 1233 5730 serastes
1259 5666 1346 5730 bulril,
1374 5666 1574 5717 23121221οᾶ222
1591 5666 1640 5717 das
1656 5666 1804 5718 2222211213
1821 5682 1909 5731 22392-

428 5734 530 5798 fotleae
547 5751 565 5784 u
583 5734 877 5796 22221322292321222
895 5734 1044 5798 Panlctfltr
1061 5735 1240 5799 2291219222
1257 5735 1764 5799 232122223221311299232121212223
1782 5750 1806 5790 r.
