4500 6420
999 451 1124 509 ΟΤΤΟ
1146 453 1169 508 1.
1194 449 1267 508 963.
1892 446 1954 513 367

312 662 435 698 exorasse
457 647 636 710 clementiam,
659 654 789 713 qnatenus
811 647 944 713 quandam
972 652 1073 697 curtem
1095 648 1160 698 iuris
1182 651 1256 714 regni
1280 650 1362 699 nostri
1384 664 1436 714 qne
1459 649 1555 700 dicitur
1577 651 1720 714 Musestre,
1742 668 1759 700 ι
1781 652 1905 704 videlicet
1927 655 1955 703 in

312 752 439 802 comitatu
460 750 635 814 Tarvisisnsi‚
669 744 754 801 cum⁰
781 752 850 801 silva
877 750 909 802 de
931 733 1073 801 Uinaldad
1103 767 1150 801 sou
1180 753 1259 802 etiam
1288 769 1348 803 cum
1377 752 1443 802 villa
1472 760 1626 818 nuncupata
1653 755 1807 806 Barbarana
1835 762 1862 807 et
1891 773 1950 807 cum

313 856 443 906 universis
465 855 500 905 ad
522 871 580 906 eam
602 861 703 907 curtem
724 858 918 920 pertinentibus
940 856 983 906 vsl
1006 856 1197 920 aspicientibus
1219 871 1268 906 nec
1289 871 1343 906 non
1365 861 1392 906 et
1413 851 1543 926 pratum
1571 845 1784 927 pertinentem
1813 843 1853 908 de
1881 847 1953 930 ipso

262 980 265 985 ·
313 944 469 1008 comitatu
490 943 699 1008 Tarvielense
722 943 811 1029 quod
834 943 951 1008 dieitur
965 943 1087 1028 Regale
1110 953 1142 1007 et
1162 959 1336 1023 piscationem
1357 960 1385 1007 in
1408 959 1489 1008 fluvio
1511 961 1557 1025 qni
1580 960 1677 1011 dicitur
1699 961 1761 1026 Syle
1783 956 1854 1027 per⁶
1875 963 1955 1013 huius

278 1063 295 1111 ὁ
312 1061 395 1111 nostri
417 1062 535 1126 precepti
555 1062 680 1127 paginam
694 1062 751 1112 inre
765 1062 939 1126 proprietario
953 1045 1056 1111 Uituli
1072 1044 1242 1110 candiano
1265 1061 1337 1111 iideli
1359 1067 1449 1112 nostro
1472 1063 1616 1114 concedere
1639 1063 1815 1129 dignaremur.
1853 1047 1954 1116 Cuius

310 1164 483 1228 petitionibus
511 1178 589 1214 sures
617 1171 706 1214 nostre
732 1165 839 1229 pietatis
867 1165 1032 1215 inflectentes
1055 1167 1107 1214 iam
1135 1164 1233 1215 dictam
1262 1169 1363 1215 curtem
1390 1180 1441 1230 qne
1470 1165 1568 1216 dicitur
1589 1168 1719 1218 Musestre
1742 1169 1905 1220 adiacentem
1928 1172 1955 1219 in

311 1269 439 1317 comitatu
453 1268 621 1318 Tarvisienss
640 1283 699 1318 cum
715 1268 783 1318 silva
798 1267 831 1318 de
846 1249 989 1318 Uiualda‘1
1012 1283 1059 1318 sen
1081 1253 1180 1316 etiam
1202 1284 1262 1317 cum
1285 1267 1350 1317 villa
1371 1274 1526 1333 nuncupata
1540 1270 1694 1321 Barbarana
1708 1275 1735 1321 et
1750 1288 1809 1321 curn
1824 1273 1955 1323 univorsis

311 1369 346 1419 ad
367 1376 531 1436 pretaxatam
559 1376 659 1421 onmem
687 1371 880 1435 pertinentibus
909 1355 961 1419 vel
991 1357 1037 1419 ele
1064 1370 1270 1435 aspicientibus,
1297 1386 1357 1420 cum
1378 1372 1455 1421 terris
1477 1374 1600 1422 aratoriis
1621 1389 1667 1424 seu
1690 1391 1707 1423 ι
1728 1375 1814 1425 vineis
1835 1392 1852 1424 ι
1873 1377 1956 1439 pratis

310 1476 417 1538 pascuis
432 1475 507 1524 silvis
521 1475 708 1525 venationibus
723 1474 814 1525 saletis
829 1456 1001 1524 sationibns‘
1020 1475 1192 1538 pensionibus
1213 1473 1360 1524 redditibus
1382 1474 1531 1538 sterpatieis
1552 1473 1696 1539 paludibus
1718 1478 1795 1542 aquis
1817 1491 1955 1542 aquarum·

262 1582 294 1630 10
312 1594 363 1644 qus
385 1578 541 1629 decursibus
568 1578 726 1629 molendinis
753 1579 946 1643 piscationibus
974 1579 1057 1629 sorvis
1079 1583 1106 1628 et
1127 1577 1231 1628 ancillis
1258 1577 1410 1627 aldionibus
1433 1583 1460 1627 et
1481 1577 1604 1629 aldiabus
1632 1581 1767 1630 montibus
1788 1580 1955 1646 planiciebus

312 1683 451 1733 arboribus
473 1683 639 1748 pomiferis*
654 1697 701 1732 seu
724 1697 784 1731 oum
807 1682 929 1731 omnibus
951 1697 1003 1746 qne
1025 1680 1078 1731 dici
1096 1680 1140 1731 vel
1155 1681 1286 1730 nominari
1306 1686 1418 1746 possunt
1433 1681 1466 1730 ad
1481 1681 1610 1746 prefatam
1632 1688 1733 1734 curtem
1754 1684 1956 1749 pertinentibus,

311 1802 360 1838 nec
382 1803 436 1837 non
458 1793 485 1837 et
506 1780 636 1857 pratum
663 1771 878 1856 pertinentem
907 1767 947 1832 de
975 1768 1122 1854 predicto
1151 1771 1309 1833 comitatu
1331 1769 1540 1835 Tarvisiense
1571 1772 1659 1857 quod
1687 1772 1805 1838 dicitur
1827 1783 1955 1859 pratum

310 1874 433 1959 Regale
455 1885 487 1938 et
508 1890 682 1955 piseationem
703 1891 731 1938 in
753 1889 835 1938 fluvio
851 1886 921 1951 Syia,
944 1881 1036 1937 sicut⁰
1058 1891 1168 1936 aetenam
1190 1885 1224 1935 ad
1246 1891 1363 1937 nostram
1384 1888 1547 1952 imperialem
1568 1890 1696 1953 pertinuit
1718 1895 1827 1955 partem,
1849 1877 1883 1940 in
1903 1892 1955 1940 iam

293 1992 381 2042 ‚dicto
404 1977 504 2042 Vitell
529 1975 700 2041 candiano
723 1975 882 2041 Uenetioo
911 1989 982 2040 fideli
1005 1995 1094 2040 nostro
1117 2005 1165 2054 per
1186 1989 1254 2039 hanc
1277 1995 1366 2040 nostre
1388 1989 1538 2043 donationis
1561 2008 1608 2043 seu
1631 1994 1809 2044 concessionis
1831 1995 1955 2059 paginam

262 2096 369 2146 reims
391 2097 565 2161 proprietario
588 2095 757 2145 concedimus
776 2100 803 2145 et
818 2094 947 2145 donamus
970 2098 997 2143 ot
1017 2083 1069 2153 [ds]
1091 2097 1181 2142 nostro
1203 2093 1261 2142 iure
1277 2098 1303 2142 et
1318 2092 1434 2143 dominio
1456 2094 1485 2143 in
1501 2095 1558 2144 sius
1579 2097 1622 2145 ius
1637 2101 1664 2146 et
1679 2078 1823 2146 dominium
1847 2099 1953 2147 omnino

311 2201 438 2266 larffl'mur
459 2205 485 2249 st
506 2199 659 2266 delegamus
674 2199 708 2249 ad
723 2198 873 2249 habendum
895 2197 1037 2248 tenendum
1059 2195 1226 2246 vendendum
1248 2195 1399 2245 donandum
1423 2198 1637 2249 commutandum
1660 2205 1687 2249 et
1707 2215 1755 2264 pro
1777 2201 1866 2249 anima
1887 2199 1955 2249 iudi-

311 2303 431 2367 candum,
454 2303 575 2354 faciendo
598 2302 693 2353 exinde
715 2302 842 2368 quicquid
864 2304 921 2352 eius
936 2300 1082 2351 decreverit
1104 2302 1216 2363 animus,
1238 2305 1329 2350 nostra
1350 2300 1504 2365 plenissima
1526 2302 1656 2369 largitate,
1679 2305 1796 2354 omnium
1818 2304 1955 2354 hominum

310 2406 519 2456 contradictione
541 2410 649 2456 remota
683 2403 785 2470 Siquis
807 2405 889 2470 igitur
910 2404 961 2455 hoo
982 2409 1071 2455 nostre
1094 2404 1245 2455 donationis
1267 2419 1314 2453 seu
1337 2406 1515 2456 concessionis
1536 2413 1690 2472 preceptum
1712 2424 1728 2455 ιι
1750 2406 1893 2473 infringere
1909 2415 1956 2457 aut

310 2510 490 2561 contradicere
512 2493 621 2580 aliquo
651 2501 798 2578 tempore
820 2509 959 2574 quesierit,
988 2509 1056 2557 sciat
1078 2524 1106 2559 se
1129 2507 1335 2572 compositurum
1357 2508 1415 2556 auri
1439 2510 1531 2572 optimi
1553 2494 1654 2558 libras
1683 2505 1828 2578 centum,
1859 2511 1954 2561 medio-

260 2613 294 2662 20
311 2620 391 2664 tatem
414 2629 516 2665 camere
538 2619 627 2663 nostre
651 2618 677 2662 et
699 2612 866 2662 medietatem
887 2613 940 2660 iam
963 2611 1033 2671 dicto
1055 2594 1157 2660 Uitelli
1181 2593 1351 2658 candiano
1371 2595 1530 2662 Uenetieo
1553 2614 1660 2678 suisque
1683 2613 1825 2664 heredibus
1847 2615 1889 2664 vel
1911 2617 1955 2665 cui

277 2754 280 2759 .
312 2718 368 2781 ipse
397 2715 499 2766 dederit
526 2721 573 2764 aut
600 2716 698 2765 habere
728 2715 894 2765 concesserit.
932 2712 1010 2774 Quod
1032 2720 1063 2762 ut
1083 2715 1172 2764 verius
1203 2714 1326 2764 credatur
1348 2720 1375 2765 et
1396 2715 1549 2781 diligentius
1576 2717 1610 2766 ab
1640 2718 1762 2766 omnibns
1791 2718 1954 2793 observetnr3

312 2836 392 2870 manu
414 2822 521 2885 propria
543 2821 698 2870 roborantes
720 2819 753 2869 de
776 2818 857 2869 anulo
880 2823 970 2867 nostro
993 2818 1085 2868 subter
1106 2819 1227 2884 insigniri
1249 2820 1382 2870 iussimus.

416 2941 551 3027 Signum
574 2940 684 3006 domni
709 2940 865 3007 Ottonisss
889 2943 953 3022 (M.)
977 2943 1087 3026 magni
1110 2949 1142 3005 et
1163 2942 1368 3006 invictissimi
1390 2943 1595 3026 imperatoris
1618 2944 1757 3026 augusti.

414 3042 626 3130 Liutgeriush
646 3043 860 3109 cancellarius
876 3043 1024 3110 advicem
1039 3042 1200 3109 Uuidonis
1216 3045 1363 3129 episcopi
1382 3042 1434 3127 [et]
1453 3043 1730 3109 archicancellarii
1752 3050 1953 3131 recognovit.

261 3198 294 3245 25
414 3181 503 3245 Data
525 3199 586 3245 vn.
608 3181 677 3246 kal.
700 3180 893 3267 septembris
917 3203 1002 3246 anno
1026 3179 1188 3245 dominice
1211 3180 1444 3245 incarnationis
1467 3195 1679 3265 peccarim,
1707 3183 1884 3247 indictione
1909 3201 1954 3266 vl,

313 3308 398 3351 anno
421 3287 549 3371 imperii
572 3287 682 3370 magni
699 3283 855 3350 Ottonisg
876 3287 1081 3371 imperatoris
1104 3286 1235 3369 augusti
1258 3303 1302 3366 113
1325 3293 1436 3348 actum
1450 3286 1483 3348 in
1498 3293 1608 3348 monte
1624 3285 1747 3349 Feretri
1770 3285 1813 3349 ad
1828 3296 1954 3371 petram

312 3391 416 3454 sancti
439 3388 570 3454 Leonis.

1090 3541 1176 3616 258.

319 3696 400 3773 Otto
425 3698 585 3796 bestdtipt
608 3696 687 3770 dem
704 3697 848 3771 Kloster
865 3695 903 3773 S.
925 3698 1105 3772 Zoccurio
1127 3723 1173 3770 zo
1194 3697 1350 3796 Venedip
1376 3697 1498 3773 deseca
1516 3698 1753 3797 Besitzoupen
1777 3698 1857 3773 oud
1874 3725 1953 3773 oer-

261 3842 295 3890 so
312 3821 394 3893 leibt
410 3821 483 3893 ibus
501 3817 628 3894 Subota
645 3819 725 3891 und
742 3818 963 3892 Immuoitdt.
1495 3840 1525 3901 s,
1549 3840 1611 3900 Leo
1633 3844 1696 3901 963
1718 3840 1836 3915 August
1857 3845 1909 3903 26.

415 4010 502 4085 eopse
517 4012 566 4071 des
582 4011 699 4099 12:st
715 4012 758 4068 im
773 4010 800 4068 ir.
815 4010 1016 4070 Stuatsorchiv
1029 4029 1070 4070 su
1083 4009 1232 4091 Venedip(
1260 4011 1282 4090 ).
1298 4044 1335 4054 -
1350 4009 1439 4086 copie
1453 4013 1504 4072 des
1518 4017 1569 4074 18.
1584 4013 1637 4074 Jb.
1653 4031 1710 4073 aus
1722 4014 1750 4071 A
1765 4014 1875 4073 ebrado
1889 4013 1952 4092 (Β).

414 4149 546 4208 Burseni
560 4148 593 4206 Il
614 4148 736 4206 alcario
758 4147 790 4205 di
806 4146 837 4207 S.
856 4148 1009 4220 Ζασοανια,
1027 4149 1185 4223 psalmi
1204 4144 1241 4209 0¹
1262 4173 1302 4202 =
1325 4147 1478 4209 Cornelius
1494 4150 1572 4210 Ecci.
1593 4151 1718 4209 Venetos
1739 4155 1791 4221 11,
1814 4152 1888 4210 351.
1909 4181 1953 4194 -

413 4251 551 4310 Labaits
573 4249 653 4310 Arm.
680 4255 711 4322 3,
737 4253 797 4310 114
827 4250 1054 4326 auwdstdadip.
1088 4287 1131 4297 —
1164 4253 1269 4312 Gloria
1292 4252 1354 4313 01).
1377 4253 1536 4312 Podoaoao
1566 4256 1608 4313 68
1635 4259 1670 4312 a⁰
1693 4257 1734 4312 46
1764 4270 1821 4312 aus
1843 4251 1881 4313 A.
1911 4286 1953 4297 —

415 4355 544 4428 Stampf
561 4357 635 4428 Rep.
659 4359 732 4416 330.

416 4490 550 4563 Versosst
572 4493 636 4551 aad
657 4493 732 4551 naci
754 4492 819 4550 dem
833 4490 982 4551 Protokoli
1003 4491 1080 4550 auci
1097 4493 1282 4564 pesctrs'cbea
1303 4510 1359 4552 von
1380 4495 1421 4552 It.
1439 4491 1470 4554 0.
1493 4526 1535 4536 -
1557 4492 1670 4553 Sowoid
1692 4493 1740 4551 die
1755 4491 1907 4564 Absclrrist
1923 4491 1954 4550 B

412 4596 458 4656 ols
480 4597 533 4655 der
553 4597 654 4656 dltcstc
675 4596 780 4655 Druck
801 4597 871 4655 eiad
892 4596 1023 4667 offendor
1044 4613 1101 4655 aas
1123 4596 1175 4655 der
1196 4584 1285 4671 Copia
1306 4597 1335 4656 A
1357 4598 1521 4671 obpeleden
1548 4597 1641 4656 dober
1662 4596 1789 4668 durstca
1810 4599 1853 4655 sie
1873 4598 1953 4655 aicit

413 4701 470 4772 scir
490 4702 690 4761 Emendation
712 4702 761 4761 des
786 4703 890 4761 Testes
911 4718 967 4760 voa
988 4699 1019 4759 A
1039 4700 1200 4760 eawcadct
1222 4701 1351 4773 werden,
1381 4702 1507 4760 sauss
1528 4719 1590 4759 aur
1610 4718 1668 4758 sur
1690 4698 1879 4773 Aussttllsmp
1902 4700 1954 4757 der

412 4804 534 4863 Inicias
556 4804 657 4863 welche
679 4805 733 4864 dos
748 4806 824 4878 jerat
845 4822 895 4864 om
918 4805 1032 4863 rechten
1053 4803 1161 4863 Roadc
1182 4805 1266 4864 stork
1288 4805 1469 4879 besobddiqtc
1488 4803 1519 4863 A
1539 4803 1689 4863 dorbictet.
1721 4803 1792 4862 Wos
1813 4803 1953 4874 serpes

414 4908 447 4964 ia
468 4905 499 4965 A
520 4906 680 4979 soblerbost
709 4909 866 4978 crscbeiat,
895 4908 992 4967 raucit
1019 4908 1102 4966 meir
1124 4908 1181 4967 dea
1201 4908 1361 4968 Eiadruclc
1382 4910 1470 4969 schoa
1490 4910 1524 4967 ia
1546 4907 1598 4966 der
1625 4904 1772 4977 Urscbrift
1792 4905 1953 4978 paranda

412 5029 453 5069 su
467 5011 570 5082 baben,
594 5011 639 5070 uls
662 5011 720 5070 den
742 5011 835 5070 durch
857 5012 941 5070 educa
964 5009 1102 5085 Copiatm
1120 5011 1170 5071 des
1193 5016 1245 5073 12.
1262 5012 1315 5072 Jb.
1338 5012 1516 5073 casebaldct
1535 5029 1576 5071 su
1589 5013 1664 5082 seia,
1687 5010 1752 5068 mna
1772 5011 1813 5069 ist
1835 5008 1953 5067 destolb

412 5115 489 5173 oaclr
509 5116 552 5172 im
574 5112 716 5175 Abdrucb
738 5114 917 5174 beibebolteu
939 5115 1064 5174 worden.

412 5286 471 5365 (C.)
502 5286 542 5350 In
568 5287 700 5351 nomine
732 5295 844 5371 sancte
875 5295 908 5350 et
935 5285 1102 5371 individue
1133 5288 1298 5352 trinitatis·
1342 5284 1446 5350 Otto*
1475 5282 1587 5347 divina
1615 5280 1746 5345 favente
1775 5279 1953 5344 clemencia

310 5389 488 5473 imperator
516 5399 684 5474 augustus.
788 5387 822 5453 Si
845 5389 1063 5474 peticionibus
1093 5412 1261 5455 servorum
1284 5397 1316 5453 et
1340 5386 1542 5470 [ancillarum
1567 5381 1646 5448 deib
1673 5383 1766 5448 iustis
1788 5390 1820 5446 et
1842 5382 1951 5466 ratio-l

397 5556 456 5612 2³7.
484 5563 508 5623 c)
527 5559 591 5622 Va,
609 5565 636 5610 et
652 5561 680 5609 in
700 5558 724 5612 0
818 5560 846 5622 d)
858 5560 946 5611 Valde
961 5559 1016 5612 VU.
1115 5560 1141 5621 e)
1157 5575 1206 5611 sor
1222 5577 1269 5626 per
1285 5558 1339 5609 rard
1355 5573 1402 5609 eor
1418 5559 1488 5609 sicut
1503 5555 1568 5607 etsie
1584 5557 1614 5605 ia
1627 5554 1651 5608 0
1662 5570 1730 5620 pons
1746 5552 1872 5604 nimbose
1888 5567 1952 5618 qua·

258 5620 293 5668 45
481 5629 541 5680 liter
643 5627 880 5691 sletstionibusO
979 5631 1007 5695 g)
1025 5627 1176 5679 OthonisO
1274 5629 1303 5689 h)
1321 5628 1469 5694 Lnugerins
1490 5624 1517 5678 0.

395 5712 455 5769 2⁶8.
482 5713 800 5784 [brachiaet-Oeanthe]
905 5716 931 5782 a)
948 5714 1056 5766 OctoA
1159 5715 1188 5778 b)
1200 5713 1270 5778 sebit
1288 5715 1317 5764 ia
1334 5713 1367 5768 B.
