4298 6414
947 483 1071 540 ΟΤΤΟ
1094 485 1117 537 Ι.
1142 480 1214 540 941.
1841 469 1902 534 125

359 670 484 742 Proceri
506 668 636 743 deiy
658 668 708 727 des
729 668 890 726 Fronnncn
911 667 948 725 L.
973 670 1015 727 83
1037 666 1193 736 erectiora,
1219 683 1252 724 so
1273 665 1322 724 rur
1347 683 1376 724 es
1399 666 1480 723 dona
1499 665 1693 723 cermoiblicli
1715 665 1767 722 der
1790 661 1903 734 Condr-

359 774 470 831 osotion
491 772 586 831 Koria
613 772 678 831 aad
704 771 868 841 mittelbor,
903 773 957 829 wie
979 772 1043 828 liter
1064 770 1156 828 darell
1179 770 1236 828 den
1257 769 1428 828 Petitdraclr
1455 767 1628 839 oayedeatet
1656 769 1710 836 ist,
1745 767 1798 826 der
1824 767 1904 826 Ottos

359 875 401 935 als
424 875 547 949 Vorlope
572 876 709 949 podien&
740 892 802 933 nor
823 874 876 932 der
898 875 970 933 oben
993 875 1170 933 bereicbaete
1191 874 1263 933 Sota
1284 875 1322 930 ist
1345 875 1377 929 ia
1400 888 1521 929 oasam
1542 871 1581 929 D.
1605 889 1645 928 aa
1668 871 1734 928 clera
1756 871 1904 930 Wortloat

357 979 404 1038 des
431 978 472 1037 D.
496 977 623 1049 Amolfs
651 978 921 1051 hinruqelrommcn.
966 977 1016 1035 Da
1038 976 1134 1034 dieser
1160 993 1225 1034 aaa
1247 978 1280 1033 ia
1303 975 1359 1033 dea
1380 974 1639 1048 radchstfolpeadea
1660 974 1901 1046 Bestdtiqwnqea,

358 1099 410 1140 roo
432 1081 527 1140 deren
548 1081 598 1140 die
618 1098 682 1139 som
704 1081 737 1140 J.
761 1084 821 1141 991
850 1082 923 1139 noch
950 1083 991 1138 ior
1018 1079 1154 1153 Oriqiaol
1181 1079 1314 1153 corliept,
1349 1078 1553 1148 roiederlrelrrt,
1588 1079 1627 1136 ist
1654 1081 1816 1149 spdtestcos
1846 1093 1901 1135 oon

359 1183 423 1244 Otto
442 1191 498 1242 111.
522 1184 572 1242 die
591 1183 766 1256 Valeriana
787 1200 843 1242 eron
864 1184 927 1242 Zoll
949 1184 1012 1242 aad
1028 1184 1142 1241 Menae
1165 1183 1258 1241 darell
1279 1185 1380 1240 sciara
1399 1181 1572 1240 Grossooter
1593 1180 1758 1238 acerbarent
1774 1179 1898 1237 roordeo.

355 1289 410 1347 Bri
435 1287 534 1347 dieser
556 1287 697 1360 Socldope
718 1287 782 1345 aad
803 1289 836 1344 in
854 1285 1032 1345 deterreret
1055 1285 1124 1344 (loss
1147 1286 1292 1359 dauniae
1312 1284 1524 1357 Verleihwneea
1543 1283 1650 1355 perede
1672 1285 1704 1340 in
1720 1283 1900 1355 Lothriaeen

356 1390 508 1462 metrfocb
528 1391 727 1449 mcbweisbor
747 1389 825 1460 eiad,
849 1390 964 1448 aserdan
986 1391 1042 1447 wir
1063 1389 1226 1447 aaaebrnco
1248 1388 1361 1458 dllrfea
1383 1389 1452 1446 dese
1467 1389 1537 1461 jesse
1560 1388 1632 1444 tiber
1649 1387 1702 1445 dos
1718 1386 1757 1444 D.
1773 1384 1900 1455 Arnolfs

355 1494 588 1568 timusqeltende
602 1495 809 1566 Bestimmonp
831 1494 936 1552 bereits
960 1495 992 1551 in
1014 1493 1080 1551 dem
1099 1491 1444 1576 Oripiaaldiplomdttos
1466 1491 1530 1548 aad
1551 1490 1692 1548 oiellciclrt
1715 1490 1790 1548 cocle
1812 1489 1899 1549 schoa

356 1601 387 1656 ia
409 1598 478 1656 dem
500 1598 628 1670 Prdccpt
649 1597 699 1656 des
722 1595 982 1666 westfrdolriselrea
1003 1597 1118 1669 Kenios
1137 1595 1299 1669 erstanden
1320 1596 1414 1653 liabeo
1436 1594 1519 1652 ποινά.

353 1802 410 1881 (0.)
437 1804 452 1887 e
481 1800 520 1865 In
546 1801 677 1865 nomine
706 1809 817 1883 sancte
847 1808 879 1862 et
906 1796 1071 1882 individue
1103 1798 1265 1862 trinitatis.
1311 1795 1389 1861 Otto
1422 1795 1532 1860 divina
1565 1797 1694 1860 favente
1728 1795 1899 1861 clementia

257 1927 322 1970 rex.
407 1900 476 1972 Cum
498 1921 672 1986 petitionibus
695 1936 830 1971 servorum
853 1919 896 1969 dei
919 1920 995 1968 iustis
1018 1924 1044 1968 et
1066 1918 1270 1969 rationabilibus
1293 1916 1376 1964 divini
1399 1915 1487 1964 cultus
1509 1929 1599 1964 amore
1621 1914 1755 1976 favemus,
1785 1929 1900 1978 superna

254 2024 337 2087 gratia
358 2040 406 2074 uos
430 2024 528 2073 muniri
550 2021 694 2073 diffidimus
716 2029 932 2094 nequaquam.
961 2005 975 2086 ᾗ
1003 2021 1117 2072 Proinde
1139 2022 1243 2070 noverit
1265 2019 1397 2068 industria
1419 2033 1465 2068 seu
1488 2017 1619 2081 sagacitas
1642 2017 1759 2065 omniurn
1781 2014 1899 2065 fidelium

255 2131 400 2176 nostrorum
423 2130 479 2175 tam
501 2127 664 2191 presentium
685 2140 764 2191 quam
786 2131 813 2174 et
834 2124 998 2186 futurorum,
1032 2125 1096 2189 qnia
1123 2125 1164 2173 vir
1191 2122 1352 2173 venerabilis
1374 2106 1569 2172 Volebertus
1598 2120 1797 2170 camaracensis
1824 2121 1899 2169 urbis

206 2233 232 2280 15
254 2229 391 2292 episcopus
421 2227 520 2278 obtulit
548 2229 685 2293 optutibus
713 2230 811 2277 nostris
839 2229 1019 2278 immunitates
1047 2230 1125 2294 beate
1154 2229 1278 2294 memorie
1307 2229 1482 2278 antecessoris
1509 2227 1592 2276 nostri
1614 2210 1728 2274 Kareli
1751 2227 1779 2273 in
1802 2226 1898 2290 quibus

253 2331 437 2381 continebatur
461 2332 588 2381 insertum
600 2325 620 2392 ²,
649 2330 763 2397 qualiter
784 2330 919 2394 predictus
942 2335 1093 2381 antecessor
1115 2337 1205 2381 noster
1226 2315 1369 2381 Karolue
1393 2314 1464 2381 rexb
1490 2332 1652 2380 nominatam
1675 2329 1763 2379 sedem
1785 2346 1837 2395 que
1860 2335 1900 2380 est

252 2432 399 2482 inhonore
423 2438 515 2498 sancte
537 2432 580 2482 dei
602 2433 738 2498 genitricis
759 2433 844 2498 Marie
867 2448 1021 2497 semperque
1044 2433 1155 2498 virginis
1184 2432 1217 2482 ob
1247 2427 1386 2484 amorem⁰
1416 2433 1459 2484 dei
1487 2439 1513 2484 et
1541 2432 1759 2497 tranquillitatem
1787 2431 1898 2481 fratrum

250 2537 346 2587 ibidem
368 2539 572 2588 comisantium
594 2553 697 2602 semper
726 2520 801 2588 sub‘1
832 2537 986 2602 plenissima
1015 2539 1127 2588 tuitione
1158 2543 1184 2587 et
1213 2530 1409 2587 ὶηιιιιιιιιίιιιιίεθ
1438 2535 1590 2585 defensione
1618 2516 1804 2584 habuissent.f
1846 2535 1898 2584 Pro

250 2639 370 2691 firmitate
399 2647 490 2692 tamen
519 2643 556 2691 rei
584 2641 730 2706 postularit
756 2657 804 2691 nos
826 2642 945 2705 prefatus
968 2644 1109 2708 episcopus
1131 2626 1354 2693 Volebertus⁸
1381 2647 1410 2690 ut
1433 2640 1549 2691 eiusdem
1572 2640 1641 2705 regis
1664 2640 1848 2689 auctoritatem
1870 2640 1898 2687 in

206 2752 218 2794 l
251 2760 336 2795 amore
364 2752 392 2796 et
420 2748 569 2796 reverentia
597 2752 687 2796 sancte
718 2745 760 2796 dei
786 2748 922 2811 genitricis
945 2749 1029 2814 Marie
1055 2754 1146 2799 nostra
1174 2749 1332 2799 auctoritate
1361 2747 1590 2809 confirmaremus,
1624 2745 1695 2811 quod
1723 2747 1762 2795 ita
1790 2762 1836 2810 per
1859 2747 1897 2794 in-

253 2856 397 2900 terventum
421 2834 528 2899 dilecti
552 2852 670 2915 episcopi
692 2851 775 2900 nostri
798 2835 942 2899 Rdhharii
965 2851 1079 2901 libenter
1106 2851 1290 2915 adquievimus
1312 2856 1339 2901 et
1360 2852 1399 2900 ita
1421 2851 1448 2899 in
1472 2850 1593 2899 omnibus
1617 2849 1795 2898 concessimus
1817 2852 1897 2912 atque
1947 2868 1950 2873 ·

255 2968 295 3016 per
315 2953 367 3002 boc
389 2959 544 3018 preceptum
567 2958 656 3018 nostre
679 2935 843 3003 auctoritish
865 2954 1056 3003 roboravimus.
1101 2953 1281 3017 Precipientes
1303 2969 1365 3017 ergo
1388 2953 1511 3002 iubemus
1533 2957 1563 3001 ut
1585 2951 1674 3000 uullus
1702 2950 1782 3000 index
1811 2949 1897 3015 publi-

255 3073 296 3107 cus
316 3057 359 3108 vel
382 3057 509 3122 quislibet
532 3072 564 3106 ex
587 3056 728 3106 iudiciaria
749 3061 880 3121 potestate
903 3056 930 3103 in
954 3055 1079 3104 ecclesias
1101 3060 1148 3104 ant
1170 3055 1229 3105 loca
1251 3054 1293 3105 vel
1317 3070 1394 3120 agros
1417 3071 1463 3105 seu
1487 3054 1602 3119 reliquas
1630 3054 1811 3118 possessiones
1839 3067 1897 3116 pre-

255 3162 317 3228 dicte
346 3162 459 3228 ecclesie
489 3176 556 3226 ques
584 3160 710 3211 moderno
738 3167 855 3226 ternpore
885 3161 913 3208 in
934 3159 1097 3224 quibuslibet
1119 3161 1195 3225 pagis
1217 3160 1261 3210 vel
1283 3160 1423 3209 territoriis
1445 3159 1514 3208 infra
1536 3159 1663 3208 ditionem
1685 3157 1788 3221 imperii
1812 3158 1896 3205 nostri

206 3282 218 3308 ι
256 3265 317 3314 iuste
339 3272 366 3314 et
387 3263 511 3328 legaliter
533 3269 678 3313 memorata
700 3269 773 3314 tenet
794 3265 836 3314 vel
859 3265 977 3329 possidet
1000 3265 1114 3315 ecclesia
1136 3266 1178 3314 vel
1201 3280 1233 3315 ea
1255 3281 1306 3330 que
1329 3245 1454 3328 deinceps
1477 3245 1633 3313 catholicisi
1656 3262 1720 3311 viris
1739 3261 1825 3311 eidem
1844 3261 1896 3310 col-

256 3367 300 3418 late
321 3368 421 3418 fuerint
444 3366 570 3433 ecclesie,
593 3367 627 3417 ad
649 3383 745 3419 causas
767 3368 913 3419 audiendas
935 3374 982 3418 aut
1004 3369 1079 3419 freda
1101 3369 1144 3418 vel
1166 3370 1316 3419 mansiones
1338 3369 1380 3418 vel
1404 3349 1536 3434 paratasl
1564 3365 1700 3416 iaciendas
1723 3371 1770 3414 aut
1792 3364 1897 3414 fideius-

256 3485 320 3521 sores
341 3470 474 3521 tollendos
497 3477 545 3521 ant
567 3471 686 3522 homines
708 3473 793 3547 ipsius
816 3472 928 3539 ecclesie
950 3476 1004 3521 tam
1027 3474 1156 3538 ingenuos
1180 3487 1259 3537 quam
1282 3454 1416 3522 servvosh
1444 3487 1523 3536 super
1551 3476 1647 3520 terram
1677 3470 1761 3535 ipsius
1784 3482 1895 3519 comma-

256 3578 338 3623 nentes
360 3588 530 3639 nequaquam
554 3574 748 3640 distringendos
771 3575 814 3624 vel
837 3575 906 3625 ullas
928 3559 1157 3626 retributiones
1180 3581 1227 3624 aut
1248 3575 1364 3626 inlicitas
1387 3576 1539 3627 occasiones
1561 3574 1732 3638 requirendas
1755 3573 1897 3621 nostriset

256 3677 343 3727 laturis
365 3677 531 3741 temporibus
553 3677 656 3743 ingredi
678 3660 796 3728 audeat¹
825 3678 868 3727 vel
891 3694 923 3728 ea
944 3696 996 3747 que
1026 3695 1107 3744 supra
1136 3685 1280 3729 memorata
1306 3687 1368 3730 suut
1397 3681 1503 3745 penitus
1533 3679 1637 3743 exigere
1667 3681 1815 3742 presumat,
1850 3674 1896 3725 sed

206 3780 234 3828 )
255 3780 325 3832 liceat
346 3786 491 3831 memorate
515 3768 614 3845 presuli
637 3783 743 3847 suisque
767 3784 965 3833 successoribus
988 3799 1029 3834 res
1051 3783 1170 3850 predicte
1193 3784 1304 3849 ecclesie
1327 3800 1386 3834 cum
1410 3782 1513 3834 cellulis
1535 3787 1562 3832 et
1584 3781 1663 3831 rebus
1681 3781 1724 3831 vel
1744 3779 1896 3831 homiuibus

256 3884 298 3934 sibi
324 3885 448 3951 legaliter
477 3886 604 3936 subiectis
632 3887 681 3936 sub
710 3887 884 3936 immunitatis
913 3891 1003 3952 nostre
1032 3886 1185 3937 defensione
1214 3889 1304 3952 quieto
1333 3885 1424 3936 ordine
1453 3885 1588 3951 possidere
1617 3890 1643 3934 et
1664 3889 1754 3933 nostro
1783 3882 1896 3933 fideliter

255 4002 338 4050 parere
361 3988 474 4053 imperio
496 3993 576 4053 atque
598 4005 646 4052 pro
670 3989 815 4039 stabilitate
838 3994 928 4039 nostra
950 3989 993 4040 vel
1016 3991 1098 4039 totius
1121 3989 1225 4053 imperii
1248 4004 1264 4038 a
1288 3989 1336 4039 deo
1359 3991 1437 4040 nobis
1459 3989 1550 4039 collati
1573 3988 1616 4038 vel
1638 3985 1812 4037 conservandi
1842 3981 1896 4034 uni

255 4106 306 4140 eum
328 4090 415 4141 clero·
423 4096 451 4141 et
472 4091 572 4156 populo
596 4092 648 4141 sibi
671 4092 790 4142 subiecto
813 4092 896 4142 libere
918 4091 961 4142 dei
983 4092 1191 4143 misericordiam
1220 4109 1343 4153 exorare,
1376 4098 1403 4143 et
1431 4092 1557 4157 quicquid
1587 4090 1681 4142 exinde
1704 4089 1783 4139 fiscus
1806 4093 1895 4138 noster

254 4197 351 4262 exigere
380 4201 502 4261 poterat,
532 4197 560 4245 in
587 4196 763 4247 luminaribus
790 4198 874 4261 ipsine
903 4197 1014 4263 ecclesie
1044 4197 1229 4248 concinnanda
1258 4196 1447 4262 perpetualiter
1469 4197 1647 4246 concessimus
1678 4194 1712 4243 ad
1734 4192 1893 4243 habendum.

206 4300 240 4350 -5
253 4283 384 4368 Insuper
406 4293 521 4348 nostra
542 4283 713 4367 largitione
738 4285 946 4351 concedimus
970 4287 1095 4372 prefato
1119 4290 1276 4373 episcopo
1300 4296 1332 4350 et
1355 4287 1598 4352 suecessoribus
1621 4287 1689 4349 eius
1707 4305 1801 4347 omne
1817 4282 1894 4346 telo-

252 4408 342 4452 neum
365 4409 442 4451 cum
462 4396 595 4451 moneta
617 4388 759 4452 civitatis
775 4412 832 4473 sue
848 4388 1160 4475 Cameracensisisl,
1184 4415 1222 4457 eo
1246 4390 1399 4456 videlicet
1422 4401 1532 4455 tenore
1555 4400 1590 4454 ut
1613 4411 1729 4453 novem
1752 4397 1861 4473 partes
1874 4396 1894 4425 ¹¹¹

252 4494 476 4576 episcoporum
500 4491 611 4557 usibus
635 4491 843 4577 deputentur,
875 4493 1002 4558 decima
1024 4517 1101 4560 vero
1125 4518 1202 4581 pars
1224 4495 1268 4561 ad
1289 4519 1368 4561 usus
1391 4496 1527 4559 fratrum
1550 4493 1695 4559 eiusdem
1718 4513 1894 4577 congrega-

251 4591 344 4658 tionis
367 4594 598 4679 perpetualiter
620 4597 654 4659 in
676 4595 854 4660 elemosina
875 4608 988 4662 nostra
1010 4598 1170 4682 proficiat.
1208 4616 1333 4666 Preterea
1355 4615 1540 4664 constituimus
1555 4630 1588 4664 ne
1604 4614 1663 4678 quis
1678 4613 1733 4662 dux
1748 4612 1790 4661 vel
1807 4627 1894 4662 comes

250 4718 326 4779 atque
347 4713 468 4763 vicanus
490 4728 536 4763 seu
559 4714 686 4779 quislibet
712 4730 744 4765 ex
773 4715 913 4765 iudiciaria
941 4722 1071 4780 potestate
1098 4723 1216 4767 nostram
1243 4717 1286 4768 vel
1315 4723 1512 4768 antecessorum
1538 4722 1689 4767 nostrornm
1717 4732 1807 4782 regum
1830 4710 1895 4764 san

206 4827 237 4879 {0
250 4825 346 4876 violare
375 4830 524 4890 presumat,
565 4825 637 4890 quod
665 4827 688 4876 si
717 4826 810 4876 fecerit
839 4829 927 4877 causis
956 4829 1090 4894 regalibus
1120 4831 1155 4879 sit
1185 4830 1316 4880 obnoxius
1347 4834 1374 4880 et
1404 4831 1513 4894 insuper
1541 4829 1633 4879 solidis
1660 4789 1730 4878 5⁸0⁰
1753 4828 1894 4893 culpabilis

249 4927 391 4989 iudicetur,
415 4926 541 4978 videlicet
562 4932 593 4977 ut
615 4926 667 4994 due
689 4934 778 4993 partes
800 4930 829 4978 in
851 4930 987 4979 archivum
1010 4932 1094 4995 ipsius
1117 4931 1228 4998 ecclesie
1250 4932 1424 4982 admittantur
1439 4938 1466 4982 et
1480 4934 1584 4983 tertiam
1599 4930 1679 4982 fiscus
1694 4930 1790 4997 regalis
1806 4935 1895 4980 noster

249 5031 370 5095 recipiat,
404 5036 435 5080 ut
463 5029 554 5081 nullus
582 5031 635 5082 tale
658 5030 723 5097 quid
746 5031 844 5082 audere
866 5033 990 5097 deinceps
1012 5040 1154 5098 presumat.
1199 5035 1277 5097 Quod
1300 5037 1340 5085 ita
1363 5042 1389 5086 et
1411 5052 1460 5086 nos
1482 5052 1529 5100 per
1551 5036 1619 5086 hanc
1641 5040 1757 5084 nostram
1780 5034 1893 5083 auctori-

345 5201 387 5255 20.
416 5200 513 5271 [Folta]
606 5206 632 5267 a)
651 5204 744 5256 Karoli
756 5206 873 5257 -inser
890 5205 943 5269 aas
954 5205 1050 5267 Rosur,
1069 5205 1105 5257 do
1122 5208 1170 5258 der
1188 5206 1323 5259 Schreiber
1340 5209 1389 5260 dos
1406 5207 1590 5275 urspriioqlicls
1607 5206 1782 5272 amputem
1799 5207 1892 5258 Karoli

415 5271 565 5337 eimfitgeu
582 5271 652 5323 hatte
753 5273 780 5335 b)
801 5289 866 5323 corr.
890 5291 937 5324 eus
960 5278 1136 5327 antecessoris
1160 5279 1243 5327 nostri
1266 5279 1358 5329 liaroli
1381 5280 1451 5346 regis
1555 5280 1579 5339 c)
1599 5277 1633 5327 ob
1652 5292 1711 5326 amo
1735 5276 1787 5338 aas
1803 5275 1894 5328 Rosur

207 5335 233 5382 45
417 5340 443 5400 d)
458 5357 528 5423 ‘ser-r.
547 5357 595 5423 eur
617 5357 666 5424 sup
770 5344 794 5402 e)
813 5347 841 5392 ta
857 5343 920 5392 iiber
936 5343 983 5394 der
1000 5344 1071 5395 Zeila
1087 5343 1276 5411 noebparapen
1376 5348 1397 5411 f)
1416 5346 1440 5398 A
1457 5346 1512 5396 und
1528 5343 1742 5396 weltrsclseiuliclt
1759 5343 1825 5394 auch
1842 5345 1894 5396 dor

416 5406 636 5492 qrtemoldeplom
653 5425 690 5458 em
707 5416 810 5475 nepem
827 5408 967 5494 Auseltlaas
984 5429 1018 5463 on
1035 5414 1080 5464 die
1097 5413 1181 5464 Worte
1197 5415 1245 5465 der
1263 5414 1315 5465 VU.
1334 5423 1513 5468 antecessores
1583 5415 1740 5465 habuissent
1831 5417 1857 5480 g)
1878 5433 1893 5464 c

413 5475 636 5542 messender
721 5478 748 5541 h)
768 5477 791 5529 A
879 5483 898 5542 ι)
917 5496 946 5529 m
962 5481 1010 5563 der
1027 5481 1081 5534 VU.
1101 5499 1118 5533 a
1137 5483 1274 5534 catholicis
1366 5485 1393 5546 lr)
1413 5501 1448 5550 pa
1465 5500 1531 5536 corr.
1550 5499 1597 5534 aaa
1614 5499 1646 5548 pr
1737 5484 1756 5545 l)
1775 5482 1828 5546 aas
1839 5483 1892 5534 aa

412 5561 466 5607 m,
490 5561 566 5596 mor·
583 5562 637 5629 eon
723 5549 758 5609 m)
778 5562 844 5597 corr.
862 5565 910 5598 oue
926 5558 1008 5615 partis
1099 5555 1127 5613 n)
1147 5555 1329 5635 auctoritatem
1347 5570 1379 5602 ro
1396 5551 1604 5634 erqdmenuoeb
1621 5552 1652 5603 L.
1673 5554 1725 5615 83,-
1749 5551 1804 5601 dier
1823 5551 1891 5635 Wert

412 5630 470 5663 soor
485 5613 564 5664 aedon
581 5630 610 5663 m
627 5614 674 5665 der
690 5614 744 5666 VU.
763 5617 935 5681 auspesollen,
956 5617 1040 5680 sedite
1057 5619 1113 5670 oleo
1130 5620 1199 5671 woltl
1217 5621 1283 5670 orech
1301 5637 1329 5670 m
1349 5623 1397 5672 der
1420 5620 1548 5685 Urselmfl
1571 5638 1621 5673 oon
1642 5619 1704 5672 ΒΟ.
1722 5623 1767 5682 39,
1794 5620 1893 5671 sedeam

414 5681 527 5764 depeqen
544 5684 573 5733 iu
589 5683 637 5734 der
655 5683 870 5750 Noehzeiclmuuq
887 5693 968 5737 auersi
983 5694 1075 5753 perstet
1091 5688 1146 5739 und
1162 5690 1236 5741 dorm
1252 5688 1347 5740 wieder
1361 5689 1451 5756 pailet
1471 5705 1503 5739 aa
1522 5693 1591 5753 aaa,
1618 5690 1687 5740 deuo
1711 5690 1740 5738 in
1762 5687 1806 5738 ihr
1827 5688 1892 5739 stela

413 5751 513 5804 violare
531 5759 665 5818 presumat
681 5770 698 5820 q
715 5753 769 5817 aas
778 5753 868 5806 Bauer
951 5759 976 5819 ο)
996 5768 1012 5808 c
1029 5757 1082 5821 “es
1092 5757 1158 5809 ποοΙι
1174 5760 1261 5808 weiter
1278 5757 1430 5812 reicherrder
1446 5758 1535 5812 Rosos
1551 5758 1606 5810 one
1622 5762 1645 5811 is
1663 5757 1891 5825 timarchides.
