4298 6414
226 295 288 363 106
821 301 1277 364 KAISERURKUNDEN.

221 485 265 551 ad
287 486 418 551 easdem
441 488 590 551 civitates
613 485 862 571 pertinentibus,
886 497 919 551 ct
942 485 981 550 de
1004 489 1201 572 proprietate
1224 484 1328 550 eidem
1350 487 1446 550 matri
1469 494 1602 550 nostrae
1616 485 1651 550 in
1666 507 1760 550 suum
1773 509 1910 553 usuru

220 600 421 654 concessae²
442 593 475 654 in
498 590 562 654 loci
584 613 696 653 marca
719 592 772 676 qui
797 588 916 654 Smeon
941 588 1067 672 dicitur,
1091 589 1133 654 ab
1158 588 1272 654 eadem
1295 599 1457 674 potestate
1476 587 1571 653 nobis
1587 589 1687 671 facta,
1711 605 1763 652 111
1776 589 1847 654 fami
1865 627 1911 636 —

144 692 151 704 “
218 690 279 756 lias
303 691 495 756 Sclavorum
518 715 592 756 cum
614 694 782 756 territoriis
805 703 911 778 quas²
932 695 994 777 ipsi
1010 690 1188 778 possident.
1224 690 1321 772 Quod
1336 693 1456 776 scripto
1473 691 1749 772 confirmavimus,
1771 713 1911 756 mam:

218 794 455 878 roboravimus,
481 795 577 859 auido
601 806 712 860 nostro
738 795 870 880 sigillari
894 798 1057 879 iussimus.

321 928 493 1017 {Signum
517 932 626 998 domni
651 933 781 999 Ottonis
807 935 871 1015 (Μ.)
895 936 1098 998 invictissimi
1121 930 1254 1018 regis}

322 1034 472 1122 {Poppo
497 1037 645 1102 advicem
667 1036 824 1102 Friderici
847 1039 1021 1122 recognovi
1045 1046 1077 1101 et
1098 1032 1112 1113 l,
1135 1032 1206 1116 (SR.
1228 1037 1305 1116 NN.)
1744 1037 1800 1116 (Sl.
1823 1040 1865 1118 l.)

321 1172 412 1237 Data
440 1192 516 1238 xm.
539 1175 605 1240 kal.
634 1178 697 1240 ian.
728 1198 813 1240 anno
844 1175 1026 1241 dominicae
1054 1177 1287 1240 incarnationis
1316 1170 1587 1254 Decccxxxvnl‘,
1622 1171 1861 1249 indictionem,

220 1297 306 1339 anno
330 1273 461 1340 Ottonis
484 1278 528 1361 pii
551 1280 637 1360 regis
661 1296 702 1360 113
726 1289 835 1343 actum
858 1281 891 1342 in
915 1277 1215 1362 Qvitilingobvrg03
1239 1299 1344 1341 amen.

1016 1507 1076 1580 19.

229 1657 310 1758 Otto
333 1659 493 1758 bestdtipt
514 1658 593 1732 dem
615 1659 779 1732 Bistbum
801 1659 940 1734 Utrecbt
960 1658 1018 1732 dic
1041 1658 1298 1731 Imrmunboren
1319 1657 1424 1730 seroie
1441 1656 1500 1730 die
1523 1656 1654 1730 Zebot-
1677 1657 1759 1730 aad
1774 1657 1862 1733 Zell-

220 1780 471 1878 oerlediuopeo
491 1780 608 1852 seioer
631 1779 848 1878 Vorpdoper.
1407 1816 1540 1874 Dm„
1563 1819 1627 1876 938
1650 1816 1776 1876 Januor
1796 1822 1825 1878 2.

321 2007 414 2067 Diber
436 2007 535 2066 dona
558 2022 615 2065 aas
638 2005 704 2063 dem
726 2005 814 2064 Eride
835 2006 883 2064 des
906 2009 957 2066 12.
981 2005 1034 2065 Jt.
1059 2005 1083 2077 s.
1100 2009 1141 2066 19
1164 2007 1206 2064 im
1228 2005 1332 2065 Besita
1353 2005 1406 2063 der
1428 2006 1633 2064 oltrdmiscben
1651 2005 1810 2065 Genwinde
1829 2026 1866 2066 aa

326 2109 442 2170 Utrecbt
465 2105 544 2189 (13⁸).

320 2247 408 2306 Reda
427 2248 507 2306 Hist.
531 2264 575 2320 ep.
599 2246 750 2307 Ultroiect.
771 2250 836 2307 260
858 2247 980 2320 Fropm.
1003 2265 1059 2306 aus
1076 2246 1105 2305 Β
1126 2249 1325 2308 osit1v.isn.
1348 2281 1390 2291 -
1413 2247 1677 2307 Hecto-Buchelius
1700 2252 1739 2308 81
1765 2267 1820 2308 aus
1841 2249 1867 2308 B

322 2355 376 2410 mit
399 2367 443 2413 1v.
464 2353 524 2413 ian.
544 2349 586 2431 (a)
604 2375 644 2405 =
660 2352 799 2410 Dambor
813 2353 958 2411 Dceenter
971 2357 1046 2423 231,
1071 2376 1110 2405 =
1133 2354 1241 2412 Mieris
1257 2353 1335 2411 Holl.
1353 2351 1405 2411 Cb.
1423 2352 1459 2411 Β.
1478 2357 1507 2422 1,
1525 2355 1575 2411 41.
1602 2384 1639 2394 -
1664 2352 1804 2411 Bondam
1818 2352 1865 2413 Cb.
1883 2356 1911 2405 Ι

322 2455 359 2514 Β,
382 2473 441 2514 oon
459 2455 639 2514 Gelderlond
653 2460 683 2526 1,
701 2457 740 2515 55
759 2463 793 2513 πθ
809 2460 850 2515 48
865 2474 921 2515 aas
936 2474 956 2514 o
971 2457 1034 2514 aad
1048 2456 1136 2516 MSS.
1160 2490 1202 2501 -
1225 2456 1303 2517 Sloet
1322 2456 1384 2515 OB.
1401 2475 1459 2514 con
1477 2455 1563 2514 θεῖνε
1579 2459 1620 2514 78
1641 2462 1676 2513 n⁰
1691 2458 1734 2515 83
1749 2458 1866 2530 Froqm.

321 2577 378 2618 aas
399 2559 436 2618 Β.
460 2592 503 2604 -
526 2560 655 2619 Bobmer
676 2560 747 2633 Req.
772 2563 822 2620 86.
849 2593 886 2602 -
912 2558 1040 2633 Stampf
1057 2560 1129 2633 Ray.
1155 2562 1204 2620 75.

324 2695 520 2756 Unmittelbor
541 2697 616 2756 acob
637 2697 708 2755 ΒΗ.
732 2701 777 2757 27
796 2697 990 2769 aeschriebea.

425 2880 465 2946 In
491 2884 624 2947 nomine
652 2890 764 2966 sancte
795 2891 828 2945 et
855 2879 1020 2966 individue
1048 2882 1211 2945 trinitatis.
1257 2879 1334 2945 Otto
1365 2879 1476 2945 divina
1506 2889 1669 2945 annuente
1698 2881 1868 2948 clementia

219 3005 288 3048 rex.
375 2999 442 3050 Cum
464 3002 638 3066 petitionibus
661 3000 828 3050 sacerdotnm
851 3002 928 3051 iustis
951 3006 978 3050 et
999 2994 1227 3051 rationabilibus⁸
1255 2999 1338 3048 divini
1367 2999 1455 3049 cultus
1478 3014 1567 3050 amore
1589 3000 1725 3063 favemus,
1755 3017 1869 3067 superna
1884 3020 1911 3067 20

219 3117 268 3152 nos
289 3104 386 3153 muniri
408 3105 496 3170 gratis
517 3121 571 3154 non
594 3102 746 3154 diffidimus.
784 3105 917 3166 Quocirca
944 3107 1048 3155 noverit
1077 3105 1194 3155 omnium
1221 3102 1339 3153 fidelium
1360 3107 1511 3153 nostrorum
1533 3104 1696 3167 presentium
1719 3105 1823 3156 scilicet
1844 3112 1869 3155 et

219 3205 369 3257 futurorum
396 3208 541 3271 industria,
575 3207 689 3273 qualiter
711 3207 852 3258 Baldricus
875 3208 1052 3258 Traiectensis
1082 3206 1193 3272 ecclesie
1214 3205 1319 3256 Veteris
1347 3206 1488 3270 episcopus
1517 3220 1568 3271 quq
1596 3211 1636 3255 est
1663 3212 1818 3257 constructa
1844 3209 1870 3256 in

219 3309 318 3361 honore
333 3312 418 3361 saneti
433 3312 543 3361 Martini
558 3317 585 3362 et
606 3311 719 3362 aliorum
742 3316 902 3374 sanctorum,
925 3311 1024 3361 obtulit
1046 3311 1184 3361 obtutibus
1207 3311 1304 3359 nostris
1326 3310 1453 3375 quasdam
1476 3311 1649 3361 auctoritates
1672 3312 1871 3362 constitutionis

219 3428 311 3479 regum
333 3415 510 3480 antiquorum,
533 3415 641 3481 Pippini
663 3415 789 3466 videlicet
811 3420 837 3466 et
852 3416 945 3474 Karoli
967 3417 1037 3481 bone
1052 3417 1176 3480 memorie
1192 3431 1208 3462 s
1223 3416 1330 3480 augusti
1345 3431 1394 3465 nec
1416 3431 1470 3465 non
1492 3415 1640 3465 Lothowici
1663 3417 1778 3479 piissimi
1802 3431 1871 3467 cesa·

218 3517 255 3567 ris
278 3518 387 3583 eiusque
410 3520 540 3584 equivoci,
562 3520 748 3571 Zuentibolchi
770 3535 876 3585 quoqne
899 3526 925 3571 et
947 3515 1070 3582 cenredi,
1093 3521 1121 3569 in
1143 3519 1241 3585 quibus
1263 3517 1452 3568 continebatur
1473 3516 1545 3582 quod
1566 3504 1629 3587 ipsi
1652 3517 1687 3568 ad
1709 3503 1871 3589 prefatam
1886 3519 1911 3568 2!

219 3619 359 3685 ecclesiam
383 3623 575 3673 concessissent
597 3638 700 3673 omnem
723 3622 852 3673 decimam
874 3622 906 3673 de
929 3625 1068 3688 mancipiis
1090 3624 1168 3673 terris
1191 3628 1217 3672 et
1238 3621 1368 3671 theloneis
1391 3620 1434 3671 vel
1457 3621 1489 3671 de
1511 3623 1623 3687 negocio
1646 3627 1673 3672 et
1695 3622 1728 3674 de
1747 3625 1820 3674 omni
1836 3640 1871 3686 re,

220 3723 404 3789 undecumque
426 3724 460 3775 ad
482 3730 584 3789 partem
606 3726 705 3791 regiam
727 3727 770 3776 ius
792 3725 849 3776 fisci
872 3742 981 3777 censum
1003 3729 1123 3792 accipere
1146 3732 1194 3776 aut
1216 3726 1321 3790 exigere
1335 3725 1484 3787 videbatur,
1508 3730 1535 3776 et
1557 3731 1587 3775 ut
1609 3725 1730 3777 homines
1753 3727 1872 3778 eiusdem

220 3828 331 3894 ecclesie
361 3828 410 3878 sub
439 3829 625 3879 mundiburdio
655 3836 681 3879 et
708 3831 821 3880 tuitione
850 3813 995 3879 eiusdem
1026 3831 1138 3897 ecclesie
1165 3832 1339 3881 consisterent
1367 3846 1416 3880 nec
1438 3846 1493 3880 non
1515 3836 1542 3880 et
1563 3831 1591 3879 in
1613 3832 1694 3896 ripis,
1724 3832 1871 3895 Dorstadii,

220 3931 369 3997 Daventre,
392 3933 466 4000 Tielq
488 3935 672 4001 universisque
694 3933 754 3984 aliis
777 3935 843 3985 locis
865 3935 893 3984 in
915 3935 973 3999 ipso
997 3936 1151 3999 episcopatu
1175 3927 1389 3996 consistentibus,
1413 3949 1462 3983 nec
1483 3934 1602 3984 bannum
1624 3950 1673 3985 nec
1695 3935 1801 3985 fredum
1823 3952 1872 3987 nec

219 4037 369 4086 coniectum
391 4036 463 4102 quod
486 4038 519 4088 ab
543 4039 608 4102 ipsis
629 4039 716 4104 giscot
738 4046 849 4088 vocatur
872 4039 1024 4103 contingere
1047 4044 1094 4087 aut
1122 4040 1227 4104 exigere
1256 4021 1338 4104 quisb
1365 4043 1542 4102 presumeret;
1572 4038 1803 4104 precipientesque
1829 4039 1870 4090 fir·
1887 4044 1911 4092 3(

219 4140 296 4190 miter
323 4142 458 4192 iusserunt
486 4147 516 4191 ut
543 4143 633 4193 nullus
661 4143 741 4193 iudex
769 4143 894 4208 publicus
922 4158 1008 4208 neque
1036 4141 1163 4208 quislibet
1185 4159 1216 4192 ex
1239 4143 1380 4193 iudiciaria
1401 4147 1533 4207 potestate
1555 4147 1602 4192 aut
1623 4122 1811 4207 procuratores
1834 4144 1872 4193 rei

219 4244 327 4311 publice
349 4246 378 4295 in
399 4246 526 4312 ecelesias
549 4252 596 4297 aut
617 4247 678 4298 loca
699 4247 742 4298 vel
765 4262 843 4313 agros
865 4263 913 4297 seu
935 4248 1051 4313 reliquas
1073 4248 1255 4312 possessiones
1277 4263 1344 4313 quas
1366 4246 1491 4297 moderno
1514 4251 1632 4312 tempore
1655 4247 1684 4295 in
1706 4247 1872 4313 quibuslibet

219 4349 296 4415 pagis
319 4349 361 4400 vel
384 4351 523 4401 territoriis
545 4352 615 4401 infra
638 4352 765 4403 ditionem
788 4353 863 4418 regni
886 4368 978 4402 eorum
1000 4352 1069 4402 iuste
1092 4357 1119 4402 et
1146 4352 1340 4401 rationabiliter
1361 4355 1507 4401 memorata
1528 4355 1601 4401 tenet
1623 4351 1666 4401 vel
1688 4351 1809 4416 possidet
1830 4367 1871 4402 sc-

220 4452 301 4504 clesia
323 4453 366 4504 vel
389 4468 421 4504 ea
442 4470 493 4521 quq
516 4454 640 4521 deinceps
660 4457 718 4507 iure
740 4458 825 4522 ipsius
848 4457 932 4506 sancti
955 4455 1008 4505 loci
1031 4454 1122 4504 divina
1143 4456 1229 4520 pietas
1251 4456 1367 4507 voluerit
1388 4455 1494 4520 augeri,
1522 4447 1580 4504 ad⁰
1605 4469 1700 4505 musas
1723 4455 1872 4507 audiendas

220 4561 267 4606 aut
296 4556 371 4606 lreda
398 4557 528 4622 exigenda
561 4564 608 4608 aut
640 4562 790 4611 mansiones
824 4560 867 4609 vel
893 4540 1026 4624 paratasd
1058 4558 1193 4609 faciendas
1222 4564 1269 4608 aut
1296 4558 1463 4610 fideiussores
1492 4556 1624 4609 tollendos
1653 4551 1723 4608 aut⁶
1751 4558 1911 4610 bominestll

220 4661 305 4725 ipsius
327 4661 438 4728 ecclesie
461 4668 515 4712 tam
537 4664 667 4728 ingenuos
689 4680 768 4730 quarn
792 4669 818 4714 et
840 4679 929 4714 servos
952 4665 1050 4713 iniuste
1073 4662 1268 4727 distringendos
1290 4678 1376 4727 neque
1398 4661 1467 4711 ullas
1489 4661 1662 4712 redibitiones
1691 4666 1739 4710 aut
1762 4661 1871 4712 illicitas

221 4766 373 4815 occasiones
403 4766 574 4831 requirendas
603 4769 658 4818 suis
688 4768 838 4834 faunisque
864 4769 1028 4834 temporibus
1059 4765 1162 4833 ingredi
1193 4765 1291 4815 audeat
1312 4765 1355 4815 vel
1383 4780 1415 4814 ea
1443 4746 1518 4830 quqt
1539 4770 1788 4828 supramemorata
1809 4772 1872 4816 sunt

219 4870 326 4933 penitus
348 4877 483 4935 presumat
505 4872 610 4938 exigere
633 4878 659 4922 et
680 4873 807 4939 quioquid
829 4873 862 4924 de
883 4874 993 4938 prelatis
1020 4872 1099 4922 rebus
1127 4887 1143 4918 s
1171 4871 1213 4918 ius
1241 4867 1299 4918 fisci
1327 4869 1432 4934 exigere
1460 4860 1596 4932 poteratss,
1629 4868 1763 4935 integrum
1786 4868 1871 4920 eidem

220 4980 407 5024 concesserunt
429 4975 552 5042 ecclesie,
575 4975 677 5027 scilicet
699 4985 728 5027 ut
749 4983 877 5043 perpetuo
900 4982 1017 5042 tempore
1040 4977 1063 5026 ei
1087 4975 1121 5024 ad
1143 4972 1323 5039 peragendum
1345 4972 1388 5021 dei
1406 4972 1543 5021 servitium
1565 4977 1737 5036 augmentum
1758 4977 1787 5023 et
1809 4988 1871 5038 sup·

220 5061 406 5142 pleurentumh
424 5079 478 5130 liat.
512 5080 553 5130 Ob
570 5079 719 5133 finnitatem
735 5086 823 5132 temen
838 5082 885 5144 rei,
908 5086 938 5131 ut
952 5082 1005 5130 ista
1018 5080 1107 5129 verius
1123 5077 1264 5128 credantur
1286 5056 1458 5139 firmiusquei
1480 5073 1638 5137 recolantur,
1660 5072 1808 5139 postulavit
1823 5076 1911 5126 noslt

325 5249 365 5304 18.
392 5248 501 5322 [Siclsel]
594 5253 621 5315 a)
639 5251 662 5304 A
755 5254 783 5316 b)
801 5270 851 5305 eon
868 5250 1053 5318 arrprllaglicb
1070 5251 1128 5302 ἄνοι’
1146 5248 1271 5314 Scltdflen
1287 5249 1355 5300 acolt
1372 5263 1392 5300 v
1410 5252 1443 5299 tet
1460 5248 1508 5300 der
1525 5247 1596 5300 letata
1612 5248 1746 5301 oarwiaebt
1763 5250 1871 5303 wadan

395 5324 420 5382 c)
439 5323 561 5387 sonegia-t
578 5338 626 5371 am
644 5322 790 5388 Qvitilong.

327 5437 365 5491 lt.
394 5438 488 5509 [l'olta]
600 5443 627 5504 a)
646 5443 819 5495 rationalibus
837 5441 864 5492 Β
972 5441 999 5503 b)
1019 5444 1078 5507 quis
1090 5439 1160 5501 fehlt
1177 5442 1206 5490 sb
1224 5438 1251 5489 B
1358 5441 1382 5498 c)
1401 5455 1450 5489 nos
1467 5437 1494 5488 Β
1603 5438 1629 5500 d)
1650 5438 1780 5505 exigenda
1798 5455 1872 5490 man·

394 5512 482 5561 siones
500 5518 607 5577 paratas
627 5513 670 5563 vel
688 5512 824 5564 faciendas
842 5511 869 5561 Β
956 5511 981 5572 e)
999 5512 1069 5560 sicut
1085 5509 1112 5560 Β
1198 5508 1281 5571 Ovel
1299 5525 1350 5574 que
1362 5507 1389 5558 Β
1476 5508 1504 5573 g)
1522 5512 1611 5573 potest
1622 5506 1649 5557 B
1733 5506 1763 5571 b)
1781 5508 1872 5560 suble-

394 5585 511 5631 mentum
529 5580 556 5632 B
659 5583 679 5646 i)
698 5598 749 5649 que
761 5580 830 5645 sebit
848 5581 876 5630 in
893 5578 927 5632 Β.
1889 5575 1911 5624 ll
