4298 6414
936 456 1061 513 ΟΤΤΟ
1084 457 1108 511 Ι.
1132 452 1204 510 972.

1025 634 1112 708 117.

252 788 339 863 Otto
367 790 510 864 sdrenlet
535 790 600 863 cler
626 790 911 887 Morienlsopelle
937 816 982 862 zea
1008 789 1156 863 Auolueu
1183 788 1241 859 die
1267 787 1371 860 Abtei
1397 786 1640 863 Chaeremon.

1478 911 1574 969 Paula
1597 913 1661 970 972
1682 909 1800 982 August
1822 914 1851 968 1.

353 1101 423 1160 Lib.
442 1102 545 1173 privil.
571 1099 600 1160 S.
625 1101 747 1159 Mariae
769 1099 917 1174 Aquensis
939 1117 996 1158 uus
1019 1099 1084 1157 dem
1105 1099 1194 1158 Eudo
1216 1098 1266 1157 des
1288 1103 1339 1158 12.
1360 1098 1412 1157 Jlr.
1437 1097 1461 1169 f.
1485 1101 1529 1157 12
1550 1100 1583 1155 iu
1605 1098 1657 1155 der
1678 1098 1705 1156 lc.
1729 1098 1896 1156 Bibliothelr

351 1223 393 1263 su
415 1205 522 1262 Berlin
539 1203 597 1282 (A).
621 1237 663 1246 —
687 1200 865 1276 Oopiulbuelr
887 1220 943 1261 uus
966 1203 1019 1261 der
1040 1207 1135 1262 ersten
1157 1200 1263 1273 Hulfte
1285 1201 1334 1259 des
1357 1205 1408 1261 13.
1426 1201 1479 1260 Jlr.
1505 1199 1528 1272 f.
1546 1204 1565 1260 6
1588 1203 1631 1259 ina
1646 1201 1834 1261 Studtarelsio
1855 1219 1896 1259 eu

353 1308 474 1366 Aoelren
498 1305 563 1385 (B).

353 1445 437 1504 Juru
459 1448 539 1504 sueri
567 1447 684 1504 romeu-i
712 1446 831 1517 imperii
858 1446 892 1502 iu
923 1444 1052 1501 donatulo
1082 1442 1117 1501 (le
1145 1441 1257 1501 Flerou
1287 1439 1421 1518 (Intttielt
1443 1439 1539 1518 1628)
1568 1437 1597 1499 1'
1627 1441 1701 1498 nuelt
1729 1441 1898 1499 notarieller

353 1548 505 1619 Abselrrift
528 1567 585 1607 uus
607 1547 637 1606 A
660 1570 700 1601 =
723 1549 862 1606 enarrer
884 1547 1006 1606 Reeuez'l
1035 1547 1084 1605 des
1107 1546 1181 1604 edite
1211 1546 1254 1605 ed.
1275 1555 1294 1606 Ι
1315 1545 1449 1624 (Leuius
1471 1542 1708 1621 1711-1735)
1735 1569 1773 1597 =
1798 1545 1841 1602 ecl.
1866 1552 1899 1602 ll

354 1649 617 1728 (1750-1752),
647 1655 676 1720 4,
706 1654 768 1710 161
797 1658 832 1708 u⁰
859 1656 888 1711 1.
924 1685 965 1693 -
998 1650 1136 1709 Mirueus
1164 1651 1244 1710 Don.
1274 1651 1356 1722 Bur.
1380 1652 1443 1709 379
1473 1648 1691 1720 arroasiensis
1720 1666 1776 1707 uus
1805 1647 1835 1706 A
1858 1673 1896 1699 =

352 1754 660 1826 Miraris-Faenus
685 1752 739 1826 op.
763 1759 793 1823 1,
818 1757 880 1814 506
905 1778 944 1806 =
967 1754 1095 1813 Roileeru
1121 1756 1154 1812 iu
1177 1755 1258 1814 Bull.
1284 1755 1319 1812 ale
1342 1753 1430 1812 linet.
1455 1750 1578 1810 urcisini.
1601 1751 1735 1825 Inepeois
1759 1754 1788 1822 5,
1812 1756 1829 1811 1
1859 1769 1899 1809 eu

356 1861 429 1917 969.
453 1892 497 1899 —
518 1859 655 1917 Mirueus
676 1858 746 1917 Not.
770 1859 834 1918 eccl.
859 1858 941 1931 Belq.
961 1862 1024 1918 120
1047 1857 1266 1930 uurullste'indip
1288 1874 1344 1914 uus
1367 1855 1405 1915 A.
1429 1890 1473 1898 —
1495 1857 1588 1915 Fiseu
1603 1858 1683 1915 Hist.
1700 1856 1790 1914 Leod
1809 1855 1852 1914 ed.
1874 1864 1898 1924 l,

356 1963 423 2020 267
449 1961 669 2034 uuuollstdudiq
696 1978 753 2019 uus
782 1960 812 2019 A
834 1984 874 2013 =
897 1961 941 2020 ed.
961 1969 1001 2029 11,
1026 1966 1055 2031 1,
1079 1962 1151 2018 167.
1182 1993 1224 2002 —
1251 1961 1331 2035 Quia
1355 1957 1417 2018 01).
1441 1958 1574 2033 Aqueus.
1599 1965 1628 2029 1,
1652 1964 1691 2018 11
1715 1964 1750 2016 u⁰
1774 1960 1813 2017 15
1843 1973 1899 2015 uus

356 2064 394 2122 B.
411 2098 454 2106 -
469 2064 636 2123 Decemblet
653 2063 857 2124 Nioderrlreiu.
880 2064 943 2124 ΠΒ.
961 2069 990 2135 1,
1010 2067 1051 2123 68
1065 2069 1100 2121 n⁰
1114 2067 1178 2122 113
1193 2080 1249 2121 aus
1265 2063 1303 2122 R.
1320 2096 1362 2105 -
1381 2062 1511 2120 Boltueer
1525 2064 1597 2135 Rey.
1614 2066 1687 2121 390.
1711 2094 1753 2104 -
1776 2057 1905 2133 Stumpf

357 2168 429 2239 Req.
454 2169 526 2227 513.

206 2316 235 2362 15
360 2304 494 2376 Versusst
516 2306 580 2365 und
598 2307 786 2380 pesetriebeu
806 2321 862 2364 oon
885 2305 960 2365 WB.

462 2508 502 2572 In
524 2510 654 2573 nomine
678 2518 790 2573 sancte
813 2517 846 2574 et
867 2507 1035 2573 individue
1056 2508 1220 2573 trinitatis.
1265 2506 1342 2572 Otto
1367 2507 1467 2572 divini
1490 2517 1588 2572 nutus
1611 2506 1816 2593 providentia
1845 2507 1902 2569 im-

254 2619 389 2695 perator
403 2618 571 2694 augustus.
659 2609 741 2674 Cum
757 2620 868 2675 nostre
884 2612 996 2693 exigat
1014 2609 1222 2675 sublimitatis
1247 2609 1390 2676 officium
1415 2614 1588 2696 omnigena
1609 2634 1670 2677 nos
1694 2610 1902 2676 consiliorum

255 2713 403 2778 sollertia
419 2713 460 2778 ob
476 2736 650 2797 regnorum
669 2723 773 2779 status
794 2736 926 2778 securos
945 2714 1152 2798 gentiumque
1174 2712 1264 2796 leges
1286 2714 1479 2779 moderatim
1504 2714 1717 2779 stabiliendas
1740 2714 1902 2800 pervigili-

255 2839 318 2903 que
343 2818 532 2901 sagacitatis
556 2817 709 2882 consultu
732 2819 874 2881 inanime
897 2816 1139 2880 ecclesiasticas
1164 2815 1273 2881 divino
1298 2816 1388 2881 cultu
1409 2840 1467 2903 per
1489 2818 1601 2884 orbem
1617 2817 1783 2883 dilatando
1801 2826 1903 2880 struc-

207 2925 239 2972 20
256 2929 348 2984 turas
371 2921 424 3004 pie
447 2918 684 3006 salubriterque
707 2919 926 3006 providendas
951 2919 1115 3004 evigilare,
1139 2919 1283 2985 fidelium
1305 2931 1490 2987 nostrorum
1509 2932 1576 2987 tam
1592 2924 1791 3007 presentium
1806 2941 1904 3006 quam

256 3025 439 3088 futurorum
454 3023 601 3108 patefieri
617 3022 767 3088 volumus
785 3024 964 3088 industriae
976 3030 997 3106 ²,
1022 3021 1159 3108 qualiter
1182 3025 1335 3089 memorie
1357 3024 1545 3091 beatissime
1561 3025 1704 3091 Karolus
1727 3027 1906 3110 imperator

257 3136 419 3211 augustus
448 3136 556 3191 eterne
584 3126 898 3212 recompensationis
927 3126 1096 3211 proposito
1125 3124 1236 3191 locum
1264 3127 1428 3211 quendam
1450 3127 1664 3213 Aquisgrani,
1697 3126 1756 3191 sed
1778 3126 1905 3210 vulgari

257 3229 420 3295 vocabulo
444 3229 541 3294 Ahha
564 3239 795 3314 nuncupatum,
824 3230 917 3314 quasi
941 3227 982 3292 ab
1006 3228 1141 3294 exordio
1166 3230 1289 3312 erigere
1311 3229 1443 3318 lataque
1466 3232 1622 3298 facultate
1645 3230 1728 3296 adeo
1752 3252 1903 3315 agressus

257 3342 308 3398 est
331 3331 522 3413 sublimare,
556 3343 592 3397 ut
614 3332 776 3418 capellam
797 3331 918 3396 ibidem
940 3332 1013 3394 miri
1037 3330 1154 3396 decore
1178 3333 1306 3396 artificii
1331 3335 1364 3397 in
1386 3334 1509 3399 honore
1532 3344 1643 3399 sancte
1666 3334 1769 3398 Marie
1792 3333 1905 3398 matris

210 3449 240 3496 25
259 3436 383 3501 domini
405 3438 509 3501 nostri
532 3436 606 3501 Iesu
630 3435 751 3501 Christi
774 3436 918 3500 construi
941 3435 1073 3498 fecisset
1095 3435 1306 3522 plurimisque
1328 3436 1477 3503 locorum
1498 3438 1656 3521 regalium
1680 3437 1800 3523 prediis
1824 3437 1907 3501 eius·

259 3538 334 3603 dem
356 3538 497 3604 honores
519 3561 581 3603 nec
603 3561 670 3604 non
695 3539 887 3603 clericorum
910 3538 995 3603 hanc
1019 3539 1262 3604 observantium
1278 3541 1429 3606 catherve
1445 3565 1523 3607 usus
1540 3540 1730 3607 commodos
1746 3542 1905 3627 perpetim

259 3643 554 3708 subministratums
583 3641 754 3706 honestate
782 3641 901 3706 ditaret
931 3641 1127 3725 sedibusque
1155 3644 1371 3726 imperatoriis
1402 3643 1510 3709 locum
1534 3643 1673 3708 eundem
1695 3642 1828 3728 dignum
1852 3664 1906 3705 ex-

258 3745 396 3827 tulisset,
427 3744 471 3809 ibi
495 3748 564 3830 ipse
587 3744 742 3832 quoqueb
765 3747 798 3809 in
820 3745 944 3810 tumulo
969 3755 1086 3830 pausat
1108 3781 1150 3789 -
1173 3768 1271 3830 quam
1293 3748 1391 3811 etiam
1413 3770 1474 3811 nos
1497 3769 1564 3812 non
1586 3749 1693 3811 minus
1717 3745 1769 3810 dei
1792 3748 1906 3811 timore

258 3860 432 3935 perspecto
446 3858 468 3930 ⁰,
501 3872 542 3913 ne
566 3859 790 3935 paupertatem
807 3848 916 3915 isdem
943 3848 1039 3913 rebus
1063 3849 1295 3914 ecclesiasticis
1318 3874 1382 3938 quo
1407 3851 1472 3916 labi
1496 3853 1677 3936 inciperent
1698 3849 1907 3914 accedentem

210 3970 242 4016 30
260 3962 447 4018 nostrorum
472 3956 661 4017 serenitates
683 3963 865 4037 temporum
889 3974 1094 4016 cerneremus
1116 3975 1221 4038 neque
1244 3957 1396 4038 egestatis
1423 3954 1561 4020 utilitate
1585 3977 1605 4017 a
1628 3955 1758 4039 proprie
1788 3953 1910 4018 consti·

259 4059 400 4121 tucionis
424 4058 548 4140 origine
571 4066 755 4142 permutata
778 4057 811 4119 in
833 4054 1042 4119 beneficiales
1066 4058 1236 4121 servitutes
1252 4080 1272 4120 a
1288 4080 1451 4143 quoquam
1475 4080 1700 4122 successorum
1724 4066 1908 4122 nostrorum

262 4162 378 4227 donari
407 4161 544 4244 valeret,
580 4160 772 4246 locupletari
802 4169 914 4224 nostro
946 4181 1073 4245 quoque
1101 4160 1268 4224 fulcimine
1297 4164 1464 4246 cupientes
1493 4159 1684 4226 abbatiamd
1715 4162 1910 4225 Kiuermunt

262 4264 487 4330 universaliter
502 4274 654 4330 vocatam
676 4273 789 4329 nostra
813 4262 973 4349 imperiali
996 4265 1149 4348 potencia
1172 4263 1215 4327 ad
1239 4263 1384 4328 eiusdem
1407 4263 1543 4328 ecclesie
1566 4265 1766 4350 fratrumque
1788 4262 1910 4327 ibidem

263 4368 326 4432 deo
349 4367 599 4432 famulantiume
629 4390 707 4432 usus
731 4366 956 4431 accumulatas
979 4388 1052 4430 cum
1077 4366 1225 4431 omnibus
1249 4368 1501 4452 appertinenciis
1523 4366 1684 4453 legalibus
1707 4368 1832 4452 riteque
1855 4365 1910 4429 ad·

211 4491 244 4539 35
263 4470 451 4536 herentibus
480 4470 666 4536 condonare
696 4473 730 4535 in
752 4480 909 4556 perpetuo
931 4491 1120 4535 mansuram
1150 4473 1383 4558 proprietatem
1411 4467 1651 4553 decrevimnsf,
1689 4469 1814 4534 seilicet
1836 4489 1911 4531 eum

263 4576 432 4658 utriusque
462 4596 560 4638 sexus
589 4576 759 4660 mancipiis
790 4574 925 4638 edificiis
956 4577 1048 4638 terris
1078 4572 1173 4637 cultis
1196 4584 1229 4637 et
1258 4572 1389 4638 incultis
1412 4574 1516 4658 pratis
1539 4574 1670 4657 pascuis
1694 4570 1784 4635 silvis
1806 4572 1911 4635 vineis

264 4679 359 4762 aquis
382 4699 582 4763 aquarumve
606 4677 797 4742 decursibus
820 4677 1014 4742 molendinis
1038 4676 1214 4741 mobilibus
1238 4685 1270 4741 et
1293 4674 1504 4740 inmobilibus
1520 4676 1582 4738 viis
1598 4684 1630 4738 et
1648 4675 1746 4738 inviis
1770 4673 1912 4738 exitibus

264 4791 297 4844 et
319 4780 477 4846 reditibus
501 4782 636 4867 quesitis
660 4790 692 4844 et
715 4780 921 4866 acquirendis
944 4802 983 4843 ac
1008 4803 1082 4844 cum
1110 4780 1261 4844 omnibus
1291 4782 1376 4845 iuste
1403 4777 1615 4863 legaliterque
1643 4777 1698 4841 illo
1728 4778 1913 4862 pertinenti-

264 4883 337 4948 bus.
382 4883 520 4969 Insuper
542 4885 641 4947 etiarn
665 4885 742 4948 iuris
765 4885 868 4947 nostri
892 4883 1019 4968 legibus
1043 4893 1112 4948 tam
1135 4882 1230 4948 nobis
1254 4904 1352 4968 quam
1376 4883 1501 4946 eunctis
1532 4902 1758 4945 successorum
1786 4889 1914 4944 nostro-

215 5005 249 5054 4ο
266 5009 347 5068 rum,
371 5008 483 5070 regum
506 4985 585 5050 vel&
606 4988 847 5071 imperatorum,
871 4985 1117 5070 posteritatibus
1141 4983 1356 5051 auctoritate¹1
1381 4984 1584 5049 decernimus
1609 4984 1839 5068 decretumque
1861 4982 1914 5045 fir-

268 5112 405 5172 mamus,
430 5098 466 5153 ut
488 5088 642 5174 deinceps
666 5088 706 5152 de
728 5110 842 5171 regum
864 5088 916 5152 vel
940 5090 1173 5174 imperatorum
1195 5088 1323 5173 capella
1345 5086 1450 5151 abbas
1473 5087 1577 5151 eidem
1600 5085 1674 5151 loco
1698 5085 1913 5170 preficiendus

268 5191 406 5276 eligatur
429 5191 579 5277 idemque
603 5194 797 5276 quicumque
820 5193 880 5255 erit
902 5189 1029 5255 nullasi
1053 5191 1190 5256 ecclesie
1211 5213 1264 5255 res
1287 5190 1348 5255 sibi
1367 5188 1587 5275 providendas
1604 5189 1785 5253 forinsecus
1804 5186 1913 5273 aliquo

268 5317 328 5359 usu
344 5294 506 5360 deducere
521 5304 696 5380 presumat,
720 5294 778 5358 sed
796 5291 908 5358 intra*
931 5296 1147 5360 communiter
1162 5293 1205 5358 ad
1223 5295 1358 5358 fratrum
1374 5302 1618 5378 ceterorumque
1637 5292 1760 5356 ibidem
1776 5292 1916 5355 servien-

268 5399 348 5462 tium
377 5397 552 5463 commoda
583 5399 769 5461 necessaria
800 5407 947 5463 retentet.
992 5398 1207 5483 Proponimus
1232 5405 1339 5461 autern
1362 5395 1406 5460 ad
1428 5395 1489 5460 heo
1512 5406 1548 5460 ut
1568 5395 1677 5460 nullus
1700 5417 1758 5480 per
1787 5404 1916 5459 eternas

218 5586 253 5635 46
354 5584 414 5639 117.
442 5585 550 5654 [sichel]
638 5588 665 5653 a)
683 5588 813 5637 industria
830 5586 881 5638 AB
967 5589 994 5653 b)
1008 5587 1078 5651 felslt
1096 5587 1163 5638 aa
1249 5591 1273 5649 c)
1293 5591 1432 5652 prospecto
1446 5584 1472 5635 B
1560 5584 1587 5651 d)
1603 5584 1750 5635 abbatiaB
1838 5587 1863 5648 s)
1882 5583 1916 5645 B,

440 5656 657 5707 famulantumA
749 5657 946 5720 Odonavimus
964 5656 1016 5707 AB
1108 5659 1137 5724 g)
1155 5656 1254 5722 regulis
1271 5655 1322 5706 AB
1413 5656 1440 5716 h)
1460 5669 1528 5705 cerr.
1546 5670 1594 5704 aue
1611 5658 1783 5705 auctoritates
1800 5653 1832 5717 A,
1855 5669 1916 5704 auc·

441 5727 560 5776 toritates
578 5725 606 5775 B
691 5726 710 5787 i)
730 5741 796 5776 corr.
814 5742 862 5776 oras
879 5726 954 5778 nulla
970 5725 1003 5789 A,
1020 5727 1096 5778 nulla
1113 5727 1140 5776 B
1226 5723 1255 5791 k)
1273 5724 1343 5776 infra
1359 5721 1419 5775 AB.

321 5834 512 5880 meamea
527 5835 545 5877 1.
1656 5832 1696 5890 72
