4298 6414
220 436 283 503 632
515 420 517 425 ’
811 445 1265 505 nsrsunuunuuusu.

321 631 422 691 baben.
452 630 534 691 Dese
548 631 605 690 wir
619 645 648 689 es
664 630 805 690 trotedem
819 629 927 690 wieder
941 629 1117 701 comtes,
1137 628 1283 704 yescbiebt
1304 627 1439 702 ledwb'eb
1461 626 1527 686 weil
1549 627 1607 687 wir
1626 626 1707 685 weit
1724 628 1792 686 eber
1804 627 1850 688 dus

317 751 411 808 panes
431 736 465 793 irs
486 734 628 794 Medowd
649 733 818 806 befirtdliebe
833 733 977 792 Materiui
997 731 1141 806 vwfdpen
1162 731 1226 791 wad
1247 732 1327 791 aicit
1348 733 1391 790 im
1414 730 1527 792 &ande
1549 729 1620 789 sind
1648 728 1707 789 dea
1727 729 1849 790 stuw-

320 837 383 895 balt
397 837 571 912 oolbtdwdip
586 836 795 910 cwfrwlsldrers.
826 836 893 898 Wir
907 836 1104 896 destrueter
1125 852 1183 894 wne
1204 834 1267 895 oleo
1289 833 1351 906 aas
1364 835 1459 908 einipe
1472 833 1704 907 Bemerkwrwen
1718 833 1778 891 aad
1793 835 1850 893 Ver-

321 942 510 1015 mwtwnper.
533 941 593 1001 Die
604 941 785 1014 petdwstelte
799 938 912 1011 detriti
928 939 1024 998 dieser
1039 937 1180 999 Urkswde
1193 937 1265 997 idest
1281 940 1344 998 eine
1359 938 1568 1012 Bestimmaap
1583 937 1637 996 der
1651 936 1850 1011 Errtstetaws·

320 1046 379 1103 seit
405 1044 496 1103 Mum
517 1061 566 1103 ew.
606 1043 699 1103 Unter
720 1044 777 1102 dew
798 1042 986 1102 Bwolsstoben
1013 1043 1120 1101 weisen
1146 1040 1277 1100 mebrere
1305 1040 1431 1101 Formen
1458 1039 1522 1112 auf
1539 1040 1644 1099 welche
1667 1043 1726 1097 erat
1746 1041 1786 1097 im
1805 1043 1873 1101 itu

321 1146 391 1205 oder
412 1148 454 1205 im
479 1148 532 1207 15.
555 1146 607 1207 Jb.
638 1145 864 1220 owspetomwen
892 1146 970 1206 sind.
1007 1146 1088 1205 Dnss
1110 1149 1199 1205 writer
1219 1144 1276 1204 ders
1303 1143 1486 1203 eublreieben
1508 1142 1746 1203 Abbrevietwren
1769 1145 1850 1215 esur

318 1249 467 1322 perudeew
490 1247 585 1320 scdsed
607 1249 781 1323 anpewuwdt
804 1247 921 1308 worden
942 1248 1027 1320 sind,
1061 1248 1173 1321 spriobt
1202 1264 1252 1306 um
1274 1248 1397 1305 wetsten
1419 1244 1475 1316 [ἂν
1491 1245 1667 1318 Fdlsebwnp
1690 1246 1722 1302 irr
1742 1262 1851 1303 (ωιτη

324 1352 398 1412 Zeti.
429 1351 524 1413 &lton
544 1351 662 1411 deshaib
684 1351 781 1411 baltea
803 1352 859 1410 wir
873 1353 937 1409 eiwe
950 1349 1164 1410 Dorswaiaotie
1179 1348 1234 1423 fter
1248 1349 1405 1423 wwricldr'p,
1428 1348 1533 1408 welciw
1547 1348 1606 1407 den
1619 1366 1662 1406 eu
1676 1345 1796 1420 Ansere
1809 1348 1849 1407 des

320 1459 371 1514 14.
388 1454 414 1515 J
413 1456 441 1514 le.
464 1455 602 1513 lebenden
619 1454 737 1514 Obiecto
753 1454 920 1513 Viweewuld
943 1451 1009 1533 (opi.
1025 1453 1200 1527 meuqulli
1214 1451 1369 1512 swidero
1383 1451 1476 1524 Lertp.
1494 1450 1607 1509 Milan.
1624 1453 1656 1519 4,
1671 1451 1850 1527 278-290)

321 1555 442 1615 aledea
457 1556 596 1616 Funde
617 1559 787 1617 dwee‘dmet.
816 1556 877 1616 Von
899 1557 981 1614 einer
1001 1555 1089 1614 sebon
1110 1554 1227 1614 dentale
1249 1553 1460 1614 edeturdenen
1473 1553 1647 1626 Fdlscbwrw
1669 1552 1769 1611 wdrde
1787 1553 1850 1611 wold
1863 1568 1884 1613 to

323 1660 399 1717 anob
414 1657 500 1719 Corio
515 1660 679 1720 Keantwiss
697 1661 802 1734 pehebt
823 1659 888 1719 wrtd
906 1657 1060 1719 Gebrewob
1080 1659 1212 1733 perwcbt
1233 1659 1334 1717 taem.
1373 1658 1440 1719 Wir
1461 1656 1577 1716 draken
1598 1656 1738 1715 vielraebr
1754 1673 1792 1714 nr
1804 1656 1848 1714 den

321 1780 375 1820 swa
389 1764 473 1823 1655
489 1763 627 1823 lebereden
641 1763 812 1835 Biuwcbiwe',
835 1761 902 1820 dem
923 1763 966 1820 im
985 1758 1047 1821 OD.
1063 1761 1196 1835 nawen
1214 1764 1299 1821 1779
1322 1759 1386 1819 wad
1407 1762 1490 1820 1781
1515 1759 1612 1819 ardre
1630 1757 1792 1832 pleicbfells
1805 1776 1850 1816 sen

322 1862 401 1935 Bisfi
416 1864 580 1937 patricius
600 1867 720 1925 umente
740 1866 902 1926 Urbwtden
916 1866 1052 1940 beiueiept
1073 1867 1196 1938 werden,
1219 1866 1288 1925 oder
1301 1883 1342 1925 aa
1357 1864 1460 1924 dessew
1474 1863 1570 1923 darell
1584 1863 1747 1922 echireidse
1758 1880 1850 1937 penw-

322 1967 445 2040 loqisebe
465 1968 673 2043 Fdlsobwwew
693 1969 819 2029 betam
839 1969 1029 2043 yewordeaea
1052 1969 1257 2042 Zdtpmossew
1281 1968 1421 2029 (induret
1441 1966 1478 2046 (s.
1495 1966 1674 2040 remeauit
1695 1967 1851 2025 Istitweiow'

323 2070 396 2144 dipl.
417 2074 449 2141 2,
470 2071 554 2150 419).
596 2073 656 2131 Die
676 2074 710 2131 in
730 2074 873 2133 Mailawd
894 2075 1062 2133 erboltewen
1083 2072 1182 2133 didere
1203 2074 1253 2134 des
1276 2073 1339 2132 dem
1362 2072 1500 2132 leteteren
1517 2072 1692 2145 ameum
1712 2071 1851 2130 Prorems
1864 2086 1886 2132 tt

322 2174 436 2233 werden
458 2175 532 2233 wold
559 2192 609 2234 arse
631 2176 744 2236 chester
766 2175 946 2249 Awfsddwss
968 2178 1070 2238 disten.

325 2360 383 2440 (Ο.)
407 2355 421 2436 ll
444 2358 483 2423 In
505 2361 636 2424 nomine
659 2369 773 2426 sancte
796 2370 828 2425 et
850 2361 1017 2426 individue
1040 2361 1204 2428 trinitatis.
1243 2359 1320 2427 Otto
1338 2360 1579 2427 Germanorum
1602 2384 1664 2427 rex
1678 2382 1720 2426 ac
1734 2358 1850 2444 Longo·

221 2461 397 2528 bardorum
420 2463 531 2529 divina
561 2463 774 2550 dispositione
802 2467 980 2550 imperator
1010 2487 1137 2551 semper
1165 2462 1371 2549 augustus}
1456 2464 1589 2550 Equum
1618 2463 1715 2529 nobis
1739 2486 1853 2548 semper

221 2566 327 2630 visum
350 2576 399 2631 est
427 2568 521 2631 iustis
550 2567 760 2652 petitionibus
782 2577 968 2633 nostrorum
990 2567 1135 2633 fidelium
1157 2590 1253 2634 aures
1274 2567 1434 2651 benignas
1457 2567 1657 2634 acomodare
1679 2567 1852 2651 gratiasque

221 2676 349 2732 nostras
371 2668 597 2735 favorabiliter
619 2673 665 2735 eis
693 2672 872 2756 impertire,
901 2672 1044 2735 maxime
1074 2692 1149 2736 cum
1175 2670 1219 2736 ad
1249 2670 1479 2756 omnipotentis
1509 2669 1562 2735 dei
1591 2669 1887 2755 immaculataqueto

220 2771 355 2854 virginis
384 2773 497 2836 matris
520 2771 624 2837 Marie
656 2794 695 2837 ac
727 2783 916 2839 sanctorum
943 2773 1050 2839 cultus
1080 2796 1140 2839 nec
1168 2795 1236 2838 non
1263 2782 1296 2839 et
1317 2773 1361 2838 ad
1382 2773 1619 2840 deffensionem
1640 2773 1851 2857 religiosorum

221 2877 269 2939 eis
298 2877 541 2942 inservientium
569 2899 630 2942 nos
659 2877 807 2944 invitant.
854 2876 1062 2964 Quapropter
1091 2878 1251 2943 universis
1281 2876 1341 2943 snb
1370 2887 1482 2943 nostro
1511 2876 1703 2943 felicissimo
1730 2878 1851 2962 imperio

222 2976 415 3061 degentibus
443 2988 556 3043 notum
585 3002 657 3045 esse
686 2980 854 3065 volumus,
891 2981 1064 3048 Addonem
1092 2980 1250 3048 illustrem
1281 2983 1432 3047 comitem
1461 2981 1686 3047 consiliarium
1721 2990 1853 3046 nostrum

221 3079 444 3146 fidelissimum
476 3081 636 3168 imperiali
670 3086 833 3150 maiestati
862 3096 973 3151 nostre
1005 3087 1214 3172 exposuisse,
1249 3085 1336 3172 quod
1370 3108 1480 3152 comes
1508 3086 1625 3150 Fatius
1660 3086 1730 3151 eins
1762 3105 1853 3169 nepos

222 3184 400 3249 venorabili
419 3185 585 3251 abbatisse
601 3187 730 3253 domine
745 3187 905 3253 Adelaide
927 3189 1018 3255 affini
1039 3198 1149 3255 nostre
1173 3190 1340 3254 carissime
1363 3212 1426 3275 que
1449 3211 1581 3275 preesse
1602 3189 1734 3255 videtur
1754 3209 1854 3253 mona·
1868 3201 1892 3248 u

223 3289 321 3352 sterio
345 3297 457 3353 sancte
479 3288 583 3354 Maris
610 3292 742 3356 maioris
765 3290 916 3357 edificato
945 3295 1031 3357 intra
1053 3295 1182 3358 vineam
1212 3313 1315 3378 prope
1341 3292 1513 3378 antiqum⁸
1535 3292 1694 3377 palatium
1717 3301 1853 3357 nostrum

222 3390 390 3477 imperiale
412 3394 497 3459 intra
521 3395 686 3460 civitatem
708 3394 904 3477 Mediolani,
936 3395 1072 3461 donavit
1099 3396 1306 3462 medietatem
1335 3398 1435 3461 curtis
1465 3397 1564 3461 castri
1594 3404 1629 3461 et
1650 3395 1727 3460 ville
1750 3395 1856 3460 Aroxii

223 3514 296 3559 cum
319 3497 388 3560 eius
411 3495 546 3580 capellis
576 3498 662 3562 casis
690 3498 783 3561 terris
813 3506 846 3562 et
871 3497 996 3563 iuribus
1025 3519 1065 3564 ac
1087 3497 1275 3564 hominibus
1297 3501 1473 3586 utrinque⁸
1501 3521 1601 3565 sexus
1625 3499 1749 3566 eisdem
1771 3502 1856 3584 perti-

222 3598 388 3680 uentibus,
418 3608 450 3663 et
477 3602 611 3685 insuper
639 3600 751 3684 iugera
781 3600 894 3665 decem
923 3610 1006 3664 terre
1035 3603 1143 3686 posita
1171 3601 1217 3666 ibi
1244 3601 1301 3667 ubi
1334 3601 1452 3668 dicitur
1484 3602 1515 3666 in
1545 3602 1734 3667 Romanore
1766 3611 1797 3665 et
1827 3602 1855 3665 in

223 3699 385 3783 Bugontio
408 3723 510 3787 prope
534 3701 654 3767 dictem
676 3712 811 3784 curtem,
838 3711 947 3787 preter
968 3702 1071 3767 multa
1092 3703 1215 3768 inculta
1236 3705 1270 3768 in
1293 3705 1416 3770 eisdem
1438 3704 1530 3786 locis,
1555 3705 1641 3770 sieut
1663 3728 1703 3770 ea
1725 3707 1856 3789 integra·
1871 3716 1896 3762 ³⁰

223 3801 295 3866 liter
324 3814 539 3888 pervenerunt
567 3807 600 3869 in
629 3814 755 3890 partem
782 3805 948 3891 qnondam
976 3805 1092 3871 illustri
1120 3808 1190 3872 viro
1222 3807 1405 3873 Maiufredo
1437 3831 1495 3873 seu
1521 3809 1725 3894 Berengerio
1754 3809 1856 3873 comiti

224 3927 286 3969 avo
316 3928 374 3970 suo
404 3917 436 3971 et
463 3907 506 3972 ab
536 3930 574 3973 eo
601 3917 817 3993 pervenerunt
838 3910 871 3973 in
894 3907 979 3974 bone
1002 3911 1155 3974 memorie
1179 3910 1329 3994 Hugonis
1352 3912 1481 3976 comitis
1504 3913 1573 3977 eius
1596 3911 1654 3977 filii
1679 3921 1712 3977 et
1734 3911 1807 3976 inde
1828 3914 1857 3976 in

224 4009 375 4074 comitem
398 4009 577 4076 Fulconem
600 4013 670 4077 eius
692 4021 861 4097 nepotem,
886 4013 1079 4097 exponentis
1102 4022 1135 4077 et
1156 4012 1326 4078 Amizonis
1350 4014 1476 4079 comitis
1499 4016 1569 4079 eius
1596 4015 1707 4080 fratris
1731 4025 1856 4100 patrem,

225 4132 299 4175 cum
324 4112 473 4178 omnibus
489 4136 600 4179 eorum
624 4114 748 4180 iuribus
770 4113 977 4179 libertatibus
999 4115 1258 4180 immunitatibus
1280 4126 1313 4181 et
1334 4115 1465 4200 regaliis
1484 4116 1580 4181 dictis
1603 4116 1701 4181 bonis
1716 4126 1858 4202 spectan-

225 4214 321 4298 tibus,
346 4219 454 4282 omuia
468 4219 501 4282 in
517 4221 677 4304 integrum
694 4221 858 4305 perpetuis
881 4217 1081 4303 temporibus
1104 4217 1148 4281 ad
1168 4217 1364 4283 beneficium
1381 4240 1547 4285 sacrarum
1563 4221 1728 4304 virginum
1744 4219 1857 4285 ibidem
1871 4237 1898 4283 ss

225 4319 286 4383 deo
315 4319 541 4387 famulantium
570 4345 630 4388 neo
659 4345 725 4388 non
752 4322 796 4387 ad
824 4320 996 4386 utilitatem
1025 4319 1143 4385 nobilis
1172 4320 1277 4407 puelle
1300 4321 1467 4387 Valdrade
1497 4324 1567 4387 eius
1597 4325 1721 4389 sororis
1745 4321 1857 4386 ibidem

225 4433 389 4505 sacratae,
419 4427 471 4488 cui
494 4427 593 4490 etiam
623 4425 756 4491 illustris
779 4426 1024 4509 consanguinea
1052 4433 1165 4489 nostra
1187 4423 1318 4490 Mitilda
1340 4427 1409 4490 eius
1431 4434 1537 4491 mater
1558 4428 1725 4490 concessit
1750 4448 1858 4490 mansa

225 4535 362 4611 quatuor
385 4537 468 4593 terre
490 4531 523 4594 in
545 4529 619 4595 loco
636 4529 757 4610 Quinto
782 4552 824 4594 ex
846 4528 909 4593 illis
932 4527 1027 4593 bonis
1051 4550 1109 4614 per
1130 4527 1274 4613 regalem
1297 4528 1570 4607 munifitentiam⁸
1593 4538 1742 4595 nostram
1761 4528 1858 4594 eidem

224 4628 351 4694 Mitilde
372 4630 508 4716 largitis,
531 4632 689 4697 adiiciens
711 4634 810 4698 etiam
832 4654 872 4697 ea
888 4634 997 4696 omnia
1020 4652 1147 4716 semper
1168 4631 1269 4697 fuisse
1285 4632 1345 4697 sub
1361 4630 1591 4697 mundiburdio
1610 4632 1724 4716 reguli,
1748 4632 1858 4699 deinde

224 4734 383 4821 imperiali
406 4733 498 4800 nonb
520 4759 618 4821 posse
640 4738 674 4802 in
695 4738 764 4802 iure
788 4735 894 4800 alieno
916 4736 1055 4799 transire
1071 4735 1139 4798 sine
1163 4734 1290 4820 spetiali
1313 4736 1404 4820 regia
1419 4746 1476 4801 aut
1497 4735 1657 4820 imperiali
1678 4738 1856 4801 sanctione:
1873 4750 1900 4797 w

225 4837 298 4902 ideo
327 4838 491 4904 humiliter
518 4841 722 4905 maiestatem
750 4848 895 4904 nostram
923 4839 1074 4903 exoravit
1101 4848 1137 4902 ut
1168 4838 1273 4904 dictas
1303 4839 1497 4906 donationes
1525 4841 1725 4904 auctoritate
1754 4848 1859 4904 nostra

225 4941 359 5008 laudare
389 4953 421 5007 et
450 4944 573 5009 donata
595 4943 701 5009 denuo
727 4943 787 5008 sub
812 4942 959 5008 tutellam
981 4940 1202 5007 mundiburdii
1230 4943 1333 5007 nostri
1361 4944 1505 5028 recipere
1528 4943 1749 5026 dignaremur.
1786 4941 1858 5007 Ideo

225 5066 285 5108 nos
308 5046 390 5109 tanti
413 5047 473 5109 viri
501 5046 593 5111 iustis
623 5045 832 5131 petitionibus
860 5055 1015 5111 anuentes
1045 5068 1111 5110 non
1134 5044 1239 5111 solum
1269 5055 1403 5131 propter
1429 5047 1498 5110 eius
1528 5046 1676 5129 ingentia
1698 5047 1812 5110 merita
1832 5052 1860 5107 et

225 5149 405 5214 indefessos
428 5148 558 5215 labores
581 5147 624 5214 ad
647 5149 817 5214 tuitionem
839 5149 964 5235 imperii
988 5158 1020 5213 et
1035 5148 1258 5213 defensionem
1280 5149 1398 5233 regalis
1421 5170 1560 5234 persone
1582 5158 1694 5214 nostre
1718 5170 1777 5234 per
1790 5169 1858 5211 eum

224 5262 336 5337 pastos
348 5261 368 5336 ⁰,
394 5252 451 5317 sed
474 5255 571 5318 etiam
595 5274 668 5316 eum
691 5252 731 5316 de
753 5248 892 5316 nostrad
915 5252 948 5316 in
971 5273 1009 5316 eo
1032 5250 1260 5317 benevolentia
1283 5253 1490 5316 certioratum
1513 5274 1586 5317 esse
1608 5252 1769 5334 volentes,
1791 5273 1857 5337 prc-
1873 5268 1901 5314 w

224 5354 330 5420 dictas
347 5355 538 5421 donationes
562 5354 733 5421 laudamus
750 5356 922 5440 omniaque
945 5356 978 5418 in
1000 5377 1040 5420 ea
1052 5364 1066 5392 ²
1087 5364 1240 5419 contenta
1263 5353 1462 5419 ratificantes
1477 5354 1678 5439 aprobamus
1694 5364 1728 5420 et
1742 5354 1859 5419 donata

224 5459 257 5522 in
280 5460 327 5523 eis
351 5458 410 5523 sub
434 5458 601 5523 tuitionem
624 5456 844 5524 mundiburdii
859 5459 962 5522 nostri
977 5459 1151 5543 recipimus
1175 5466 1207 5521 et
1230 5468 1386 5544 perpetuo
1404 5479 1476 5521 esse
1499 5457 1677 5522 sancimus.
1713 5458 1859 5522 Preterea

225 5582 298 5626 cum
332 5564 365 5626 in
393 5562 534 5628 ecclesia
562 5561 639 5627 dicti
667 5560 862 5627 venerabilis
891 5561 992 5626 nostri
1022 5561 1211 5625 monasterii
1241 5561 1383 5643 insignes
1411 5559 1677 5644 deposuissemus
1711 5558 1860 5645 reliquias

310 5714 368 5769 402.
397 5714 513 5784 [Rieger]
616 5716 683 5782 a)d
789 5718 816 5779 b)
832 5722 892 5767 stau
909 5731 958 5766 uec
1062 5716 1087 5775 c)
1104 5719 1166 5764 etuti
1183 5730 1276 5779 passos
1370 5713 1398 5776 d)
1417 5719 1489 5764 nstra
1506 5711 1572 5763 ohne
1588 5709 1861 5779 Abbt'nnapraeieden.
