4298 6414
905 469 1034 528 o‘r‘ro
1057 471 1080 524 1.
1105 466 1177 526 soa
1802 454 1865 522 509

320 655 456 728 beholsea
476 674 542 716 aas.
576 653 650 727 Aaf
667 655 744 714 ‹tiese
767 655 975 727 Errodpaaqea
996 655 1048 711 hia
1069 658 1141 712 trote
1165 655 1209 712 tet
1231 655 1308 711 attolit
1331 653 1420 710 alteia
1442 652 1497 722 fit-r
1519 652 1566 710 (lle
1585 651 1863 723 Gloubzoitrde'oteit

320 778 377 819 roa
398 759 467 820 Do.
484 764 545 819 371
570 762 635 829 eia,
668 759 795 819 soadoa
823 757 1001 816 beoastaode
1029 759 1105 816 each
1126 760 1205 816 ntulit
1228 758 1277 817 dic
1293 756 1484 831 Ormi-uolitat
1508 757 1557 815 des
1580 755 1635 826 fib·
1657 755 1686 813 A
1709 756 1865 813 beatitatem

324 861 562 934 Schriststaokcs.

427 1064 465 1127 In
488 1065 618 1130 nomine
643 1074 753 1129 sancte
776 1074 808 1128 et
830 1062 994 1127 individue
1018 1065 1180 1127 trinitatis.
1226 1062 1304 1128 Otto
1329 1063 1440 1127 divina
1463 1062 1633 1127 ordinante
1660 1062 1866 1148 providentia

218 1169 398 1251 imperator
427 1177 595 1249 augustus.
698 1165 732 1232 Si
760 1166 904 1230 fidelium
934 1175 1121 1229 nostrorum
1146 1165 1373 1248 petitionibus,
1404 1168 1545 1230 maxime
1574 1166 1703 1230 illorum
1726 1168 1781 1251 qui
1804 1166 1864 1230 fre

217 1271 330 1353 quenti
354 1271 526 1333 conamine
550 1272 582 1333 in
606 1280 717 1333 nostre
738 1269 904 1334 fidelitatis
929 1269 1086 1355 obsequio
1106 1269 1276 1350 desudant,
1301 1292 1395 1334 aures
1411 1280 1522 1334 nostre
1539 1272 1721 1334 serenitatis
1737 1291 1865 1335 accom-

218 1372 476 1453 modaverimus,
506 1374 721 1458 promptiores
750 1383 782 1437 et
810 1373 994 1439 devotiores
1024 1396 1080 1437 eos
1109 1375 1198 1437 eirca
1226 1383 1375 1437 nostrum
1402 1373 1595 1438 famulatum
1618 1373 1704 1438 effici
1727 1396 1793 1437 non
1817 1383 1867 1438 est

218 1475 420 1560 ambiguum.
459 1474 624 1555 Quocirca
646 1479 774 1541 noverit
788 1488 801 1515 ²
823 1479 965 1541 omnium
989 1487 1101 1540 sancte
1124 1475 1175 1541 dei
1199 1477 1335 1541 ecclesie
1357 1475 1502 1540 fidelium
1524 1486 1773 1562 nostrorumque
1797 1499 1866 1561 pre-

219 1581 360 1644 sentium
383 1579 508 1644 seilicet
531 1590 563 1644 et
584 1581 766 1645 futurorum
787 1579 963 1661 industria,
992 1602 1067 1643 cum
1089 1601 1149 1643 nos
1173 1582 1206 1644 in
1228 1579 1388 1643 Kalabria
1410 1576 1659 1643 residebamusb
1682 1580 1715 1641 in
1738 1578 1866 1643 confine

219 1694 319 1768 atque
342 1683 482 1766 planicie
506 1705 568 1768 que
590 1695 640 1748 est
661 1687 746 1748 iuter
760 1680 944 1749 Cassanum
959 1693 992 1748 et
1006 1684 1136 1748 Petram
1156 1684 1415 1767 Sanguinariam,
1440 1682 1549 1768 ibique
1572 1693 1683 1747 nostro
1708 1682 1865 1767 imperiali

219 1788 287 1849 inre
310 1787 431 1850 nostris
454 1786 604 1852 fidelibus
627 1797 695 1851 tam
716 1787 872 1852 Kalabris
896 1809 1057 1874 quamque
1087 1786 1236 1851 omnibns
1270 1786 1395 1850 Italicis
1424 1786 1626 1871 Francisque
1657 1795 1755 1870 atque
1784 1786 1867 1849 Teu-

220 1891 338 1954 tonieis
361 1889 450 1972 leges
473 1902 693 1977 preceptaque
717 1891 890 1956 ordinatim
921 1893 1175 1975 imponeremus,
1206 1889 1390 1954 Hubertum
1414 1888 1633 1953 venerabilem
1656 1899 1768 1952 sancte
1790 1888 1866 1951 Par·

219 1996 341 2058 mensis
364 1993 501 2057 ecclesie
526 1996 717 2080 episcopum
739 2005 772 2058 et
794 1993 1117 2059 archicancellarium
1140 2002 1286 2057 nostram
1308 1991 1429 2056 adiisse
1453 1991 1674 2075 clementiam,
1708 2000 1866 2077 quatenus

219 2096 336 2179 Ingoni
352 2106 465 2161 nostro
483 2096 601 2161 dilecto
625 2096 713 2161 fideli
736 2099 866 2182 suisque
888 2097 975 2178 filiis,
999 2096 1171 2161 Huberto⁰
1195 2096 1321 2160 scilicet
1337 2106 1435 2180 atque
1451 2094 1591 2159 Ribaldo
1610 2118 1666 2159 seu
1683 2093 1829 2159 Obberto
1843 2091 1865 2176 ἃ,

221 2223 396 2286 eorumque
425 2200 599 2266 heredibus
627 2223 677 2265 res
707 2210 738 2265 et
769 2202 984 2286 proprietates
1016 2200 1077 2264 sibi
1107 2200 1222 2285 quovis
1252 2200 1345 2264 titulo
1376 2200 1562 2284 scriptionis
1592 2221 1648 2263 seu
1671 2197 1865 2262 hereditario

220 2306 349 2367 nomine
379 2306 576 2389 pertinentes
606 2304 692 2369 infra
724 2324 860 2387 regnum
893 2303 1043 2368 Italicum
1077 2304 1285 2367 coniaoentes
1313 2314 1426 2368 nostra
1460 2301 1638 2388 preceptali
1673 2302 1867 2365 auctoritate

221 2409 488 2473 confirmaremus
517 2418 549 2472 et
576 2409 872 2473 corroboraremus.
916 2404 1016 2472 Cuius
1045 2406 1196 2492 precibus
1220 2406 1420 2471 acclinantes
1444 2406 1568 2470 eteius
1590 2403 1779 2469 fidelitatem
1801 2426 1867 2468 non

221 2512 391 2575 minimam
420 2512 664 2576 considerantes
693 2510 904 2576 concedimus
933 2512 1092 2575 donamus
1121 2511 1277 2594 largimur
1305 2520 1403 2595 atque
1432 2508 1661 2572 confirmamus
1693 2530 1751 2593 per
1772 2507 1867 2571 huius

220 2617 322 2677 nostri
340 2617 483 2701 precepti
500 2616 654 2700 paginam
670 2615 805 2699 profatis
821 2614 936 2698 lngoni
957 2617 1087 2700 suisque
1109 2614 1183 2678 filiis
1207 2635 1382 2698 eorumque
1406 2610 1579 2676 heredibus
1604 2633 1732 2675 omnem
1755 2633 1866 2674 eorum

220 2716 433 2781 hereditatem
461 2741 481 2782 a
509 2728 601 2803 patre
624 2717 675 2781 vel
705 2740 725 2781 a
754 2727 856 2781 matre
886 2717 946 2781 sibi
979 2716 1146 2782 dimissam
1175 2740 1232 2781 seu
1262 2738 1374 2780 omnes
1402 2737 1454 2779 res
1485 2723 1516 2778 et
1539 2724 1644 2778 cortes
1668 2722 1813 2778 mercata
1836 2722 1868 2777 et

221 2820 371 2906 publicas
395 2821 579 2887 functiones
602 2844 664 2908 que
692 2821 753 2885 sibi
782 2831 849 2885 tam
876 2820 1071 2885 hereditario
1101 2823 1232 2884 nomine
1262 2840 1424 2906 quamque
1452 2819 1550 2883 etiam
1579 2820 1708 2903 seriptis
1738 2818 1868 2904 quibus·

221 2946 360 3009 eumque
384 2926 544 3010 pertinere
559 2923 718 3007 videntur,
743 2926 950 2989 coniacentes
974 2924 1083 2989 infra⁰
1105 2945 1240 3008 regnum
1264 2923 1415 2987 Italicum
1437 2924 1471 2986 in
1492 2922 1700 2986 comitatibus
1716 2920 1869 2985 videlicet

220 3026 438 3111 Bulgariensi,
463 3027 694 3110 Laumellensi,
717 3026 947 3109 Plumbiensif,
972 3027 1219 3109 Mediolanensi,
1243 3027 1426 3107 Evoriensi,
1450 3026 1613 3110 Papiensi,
1640 3024 1866 3107 Placentinos,

221 3132 400 3213 Parmensi,
431 3142 555 3197 cortem
584 3131 707 3195 scilicet
734 3130 773 3196 de
795 3130 945 3195 Bercleto
959 3129 982 3212 ¹¹,
1013 3140 1136 3195 cortem
1159 3131 1199 3195 de
1223 3127 1382 3194 Ceretano
1396 3125 1414 3209 l,
1445 3137 1568 3192 cortem
1590 3127 1764 3192 Villanove
1794 3150 1866 3192 cum

223 3247 331 3300 castro
355 3260 453 3322 super
476 3260 510 3301 se
532 3237 722 3319 habentem,
754 3246 877 3301 cortem
900 3235 940 3298 de
965 3233 1179 3300 (lrravalonak
1207 3258 1280 3299 cum
1309 3245 1417 3300 castro
1442 3231 1591 3298 Cassiolo
1619 3244 1651 3297 et
1673 3232 1836 3298 Creblado
1849 3231 1866 3314 ¹,

223 3349 346 3404 cortem
366 3340 405 3404 de
423 3340 620 3423 Marinasco,
645 3349 768 3405 cortem
791 3339 831 3404 de
853 3340 997 3405 Nevirim
1025 3362 1099 3405 eum
1123 3352 1231 3405 castro
1255 3340 1444 3405 Vicoboin¹¹
1467 3349 1499 3404 et
1520 3338 1623 3403 villa⁰
1648 3337 1786 3421 Sazago,
1811 3360 1867 3401 seu

222 3444 306 3507 iufra
329 3444 496 3509 civitatem
518 3444 753 3508 Novariensem
778 3453 901 3507 cortem
925 3442 964 3508 de
986 3443 1200 3509 Verietelimp
1229 3466 1303 3508 cum
1330 3454 1437 3509 castro
1462 3467 1558 3529 super
1582 3467 1617 3508 se
1638 3442 1812 3507 habentem
1836 3453 1868 3505 ot

222 3547 254 3610 iu
271 3548 438 3611 Parmensi
462 3555 585 3611 cortem
608 3546 647 3611 de
662 3545 854 3611 Tortoliano
881 3546 974 3610 simul
999 3569 1072 3610 cum
1096 3558 1215 3628 castro,
1240 3556 1363 3612 cortem
1386 3547 1425 3611 de
1443 3547 1636 3612 Staderiano
1661 3568 1734 3609 enm
1757 3555 1865 3609 castro

223 3659 254 3713 et
268 3649 482 3715 Vieoferdulfi
505 3671 580 3714 cum
603 3658 710 3713 castro
733 3671 794 3713 neo
817 3671 883 3713 non
906 3658 1031 3714 ceteras
1053 3673 1104 3713 res
1122 3659 1153 3713 et
1168 3649 1282 3734 predia
1301 3672 1362 3736 que
1381 3651 1465 3714 infra
1483 3658 1674 3736 pretaxatos
1693 3651 1867 3713 comitatus

223 3752 375 3816 adiacent
393 3773 467 3816 eum
484 3751 633 3816 omnibus
649 3752 841 3816 adiacentiis
858 3762 889 3816 et
907 3754 1107 3836 pertinentiis
1127 3754 1203 3834 suis,
1228 3762 1263 3817 ut
1277 3753 1420 3819 habeant
1436 3762 1566 3817 teneant
1581 3754 1777 3838 firmiterque
1794 3775 1867 3837 pos·

223 3855 351 3919 sideant
366 3864 432 3919 tam
448 3856 510 3938 ipsi
527 3876 625 3939 quam
640 3856 689 3919 sui
707 3854 853 3937 heredes,
877 3866 988 3919 nostra
1012 3866 1260 3942 nostrorumque
1283 3879 1507 3921 successorum
1528 3856 1579 3920 vol
1603 3858 1745 3920 omnium
1766 3856 1867 3920 homi-

222 3980 299 4021 nnm
313 3957 572 4021 contradictione
584 3967 719 4022 remota.
743 3956 959 4023 Concedimus
972 3969 1004 4023 et
1015 3981 1072 4044 per
1084 3959 1146 4023 hoc
1158 3969 1304 4024 nostrum
1317 3970 1507 4046 preceptum
1519 3960 1748 4024 confirmamus
1763 3959 1865 4023 eidem

222 4062 338 4143 [ugoni
362 4069 394 4124 et
417 4062 483 4124 suis
505 4061 579 4125 filiis
603 4083 780 4147 eorumque
802 4061 985 4143 heredibus,
1009 4072 1044 4126 ut
1067 4085 1109 4126 ex
1131 4063 1181 4127 his
1198 4065 1432 4149 prenominatis
1450 4063 1593 4129 cortibus
1611 4085 1668 4128 seu
1683 4087 1725 4127 ex
1741 4064 1866 4128 cunetis

224 4165 338 4228 ceteris
361 4164 457 4228 rebus
481 4186 539 4249 per
562 4165 704 4229 cartulas
728 4165 918 4231 vinditionis
942 4166 1126 4231 donationis
1150 4168 1283 4232 iudicati
1308 4191 1363 4232 seu
1387 4170 1489 4233 nostri
1512 4179 1760 4255 nostrorumque
1779 4178 1866 4232 ante·

223 4289 389 4331 sessorum
418 4278 646 4353 preceptorum
675 4271 803 4354 paginis
832 4270 893 4334 sibi
924 4272 1053 4356 suisque
1083 4269 1250 4336 datoribus
1264 4283 1276 4319 ‘¹
1305 4272 1476 4357 adquisitis
1504 4295 1577 4336 cunr
1606 4273 1755 4337 omuibus
1779 4270 1867 4335 adia·

223 4372 337 4435 contiis
367 4381 398 4434 et
426 4374 628 4455 pertinentiis
658 4375 724 4436 suis
753 4372 860 4437 nullus
890 4372 1043 4437 invadere
1073 4384 1207 4458 temptet
1236 4385 1292 4439 aut
1321 4398 1377 4440 eos
1407 4376 1577 4440 disvestire
1601 4386 1779 4460 presumat,
1810 4374 1867 4438 sed

222 4485 334 4539 nostra
362 4475 541 4561 preceptali
573 4477 766 4540 auctoritato
795 4475 995 4540 corroborati
1026 4487 1057 4540 et
1086 4478 1267 4543 confirmati
1297 4479 1394 4543 liceat
1416 4482 1461 4544 eis
1485 4479 1649 4564 predictas
1672 4503 1723 4543 res
1746 4479 1866 4543 habere

223 4588 330 4643 tenere
354 4590 386 4642 et
410 4580 516 4665 quiete
539 4579 717 4664 possidere,
742 4578 872 4644 sublata
895 4581 982 4643 omni
1005 4583 1237 4645 controversia.
1283 4580 1500 4648 Concedimus
1524 4586 1623 4647 etiam
1646 4592 1678 4647 et
1700 4606 1759 4667 per
1780 4582 1865 4645 huno

224 4695 411 4768 preceptum
435 4683 680 4765 confirmamus,
709 4695 744 4747 ut
767 4683 874 4748 nullus
899 4681 966 4746 dux
989 4683 1133 4747 marchio
1157 4706 1265 4748 eomes
1289 4686 1472 4749 vicecomes
1497 4685 1677 4750 sculdassio
1702 4684 1865 4768 gastaldio

206 4812 207 4823 ¹
224 4807 279 4849 seu
303 4795 446 4869 magna¹
468 4807 634 4871 parvaque
656 4788 758 4850 nostri
776 4789 864 4869 regni
882 4810 1021 4872 persona
1037 4791 1296 4871 prenominatum
1312 4788 1470 4871 Ingonem
1487 4811 1626 4874 suosque
1641 4789 1725 4852 filios
1742 4811 1865 4852 corum-

224 4908 286 4971 que
312 4886 447 4950 herodes
479 4910 535 4951 seu
564 4887 712 4952 homines
741 4889 774 4952 in
798 4911 909 4954 eorum
932 4890 1051 4973 prediis
1075 4890 1253 4954 residentes
1276 4914 1318 4955 ex
1342 4891 1391 4956 his
1414 4895 1648 4976 prenominatis
1671 4892 1813 4957 cortibus
1835 4911 1868 4968 et

223 4989 320 5054 rebus
350 4992 484 5075 prefatis
506 4993 584 5055 viris
613 4991 848 5076 pertinentibus
879 4992 1022 5078 aliquam
1052 4993 1217 5077 publicam
1247 4994 1445 5059 functionem
1477 5019 1534 5060 seu
1562 4996 1724 5059 toloneum
1753 4996 1865 5060 tollore

224 5103 390 5179 presumat
416 5103 472 5157 aut
501 5093 544 5159 ad
572 5094 729 5179 placitum
757 5095 884 5179 redigat
912 5096 963 5160 vel
994 5096 1097 5180 legem
1126 5120 1182 5161 eos
1212 5098 1320 5161 facere
1348 5099 1496 5180 instiget,
1530 5099 1592 5160 nisi
1622 5099 1865 5182 prenominatos

222 5199 311 5261 viros
339 5219 514 5282 eorumque
541 5197 677 5263 heredes
706 5201 739 5263 in
768 5209 881 5264 nostra
909 5211 1157 5285 nostrorumque
1187 5222 1411 5265 successorum
1442 5202 1605 5283 presentia
1634 5211 1666 5264 et
1695 5203 1727 5264 iu
1755 5223 1865 5266 eorum

309 5400 368 5454 ³71.
396 5401 551 5470 [Ottenthal]
655 5405 683 5468 a)
702 5405 731 5468 U,
750 5406 912 5457 noverintA
1017 5408 1044 5467 b)
1064 5406 1119 5457 Αἱ]
1218 5411 1243 5468 e)
1261 5409 1361 5458 Vberto
1380 5407 1405 5458 U
1505 5407 1650 5474 dlssOberto
1669 5408 1694 5458 U
1794 5410 1819 5472 e)
1837 5408 1867 5465 U.

393 5472 507 5523 iuxtaA
616 5474 817 5536 Ol'lombieusi
835 5475 861 5525 U
965 5477 992 5540 g)
1009 5477 1158 5527 Placentini
1177 5476 1231 5527 At]
1336 5477 1364 5539 b)
1383 5478 1494 5527 Berceto
1512 5477 1538 5527 U
1642 5480 1661 5535 i)
1681 5479 1823 5529 Cerretano
1847 5477 1872 5527 U

395 5542 424 5599 k)
443 5541 588 5592 Graualiua
611 5542 637 5592 U
746 5545 764 5606 l)
783 5545 898 5594 Casiollo
918 5550 943 5593 et
961 5545 1094 5595 Trebaldo
1112 5545 1137 5595 U
1243 5545 1462 5607 m)13eneut0U‚
1482 5545 1550 5595 wohl
1569 5545 1685 5596 Noniano
1788 5547 1816 5609 n)
1838 5546 1867 5599 U.

397 5611 556 5676 Vicogiboin
580 5611 617 5672 A,
640 5611 706 5676 jetzt
729 5611 823 5677 Vtcopo
850 5614 890 5663 bei
917 5613 944 5664 S.
970 5614 1071 5663 Lazaro
1180 5614 1207 5674 o)
1226 5614 1317 5664 villam
1340 5614 1365 5664 U
1473 5618 1499 5680 p)
1520 5622 1620 5665 curtem
1643 5616 1823 5665 Deueratelim
1847 5614 1872 5665 U

394 5686 421 5745 q)
440 5678 498 5743 ΛΠ,
516 5679 644 5731 meatem
662 5682 803 5732 heredibus
906 5684 927 5746 r)
944 5699 992 5732 seu
1010 5685 1100 5747 aliqua
1117 5698 1214 5749 magna
1232 5682 1268 5746 U,·
1296 5683 1328 5735 le.
1347 5683 1382 5734 D.
1398 5682 1537 5748 pebroucht
1554 5700 1590 5734 aa
1607 5683 1692 5735 diem
1710 5682 1789 5736 Stella
1807 5683 1869 5734 bald

396 5749 493 5815 aliqua,
520 5748 583 5799 bald
599 5749 662 5800 asset
680 5764 708 5800 cr
725 5765 751 5801 aa
769 5767 823 5801 oras.
