<?xml version="1.0" encoding="UTF-8"?>
<!DOCTYPE html PUBLIC "-//W3C//DTD XHTML 1.0 Transitional//EN"
    "http://www.w3.org/TR/xhtml1/DTD/xhtml1-transitional.dtd">
<html xmlns="http://www.w3.org/1999/xhtml" xml:lang="en" lang="en">
 <head>
  <title>
</title>
<meta http-equiv="Content-Type" content="text/html;charset=utf-8" />
  <meta name='ocr-system' content='tesseract 3.04.00' />
  <meta name='ocr-capabilities' content='ocr_page ocr_carea ocr_par ocr_line ocrx_word'/>
</head>
<body>
  <div class='ocr_page' id='page_1' title='image "./conradiiheinric00ottogoog_0514.png"; bbox 0 0 4500 6420; ppageno 0'>
   <div class='ocr_carea' id='block_1_1' title="bbox 242 422 1291 487">
    <p class='ocr_par' dir='ltr' id='par_1_1' title="bbox 242 422 1291 487">
     <span class='ocr_line' id='line_1_1' title="bbox 242 422 1291 487; baseline -0.005 -1"><span class='ocrx_word' id='word_1_1' title='bbox 242 422 306 487; x_wconf 77' lang='lat'>482</span> <span class='ocrx_word' id='word_1_2' title='bbox 839 425 1291 483; x_wconf 79' lang='lat' dir='ltr'>KAISERURKUNDEN.</span> 
     </span>
    </p>
   </div>
   <div class='ocr_carea' id='block_1_2' title="bbox 238 602 1944 3580">
    <p class='ocr_par' dir='ltr' id='par_1_2' title="bbox 239 602 1893 795">
     <span class='ocr_line' id='line_1_2' title="bbox 239 602 1893 692; baseline -0.002 -19"><span class='ocrx_word' id='word_1_3' title='bbox 239 608 393 674; x_wconf 82' lang='lat' dir='ltr'>ciendum</span> <span class='ocrx_word' id='word_1_4' title='bbox 416 616 495 672; x_wconf 83' lang='lat' dir='ltr'>aut⁰</span> <span class='ocrx_word' id='word_1_5' title='bbox 518 607 607 692; x_wconf 87' lang='lat' dir='ltr'>quod</span> <span class='ocrx_word' id='word_1_6' title='bbox 628 628 740 670; x_wconf 90' lang='lat' dir='ltr'>eorum</span> <span class='ocrx_word' id='word_1_7' title='bbox 764 627 845 689; x_wconf 88' lang='lat' dir='ltr'>opus</span> <span class='ocrx_word' id='word_1_8' title='bbox 868 604 1034 686; x_wconf 84' lang='lat' dir='ltr'>habuerit,</span> <span class='ocrx_word' id='word_1_9' title='bbox 1070 629 1096 669; x_wconf 80' lang='lat' dir='ltr'>ot</span> <span class='ocrx_word' id='word_1_10' title='bbox 1119 620 1240 669; x_wconf 76' lang='lat' dir='ltr'>similiter</span> <span class='ocrx_word' id='word_1_11' title='bbox 1262 621 1344 669; x_wconf 74' lang='lat' dir='ltr'>nostri</span> <span class='ocrx_word' id='word_1_12' title='bbox 1367 619 1486 668; x_wconf 72' lang='lat' dir='ltr'>hominos</span> <span class='ocrx_word' id='word_1_13' title='bbox 1509 602 1674 689; x_wconf 71' lang='lat' dir='ltr'>itemques</span> <span class='ocrx_word' id='word_1_14' title='bbox 1693 603 1893 669; x_wconf 83' lang='lat' dir='ltr'>ambulandi</span> 
     </span>
     <span class='ocr_line' id='line_1_3' title="bbox 239 710 553 795; baseline 0 -20"><span class='ocrx_word' id='word_1_15' title='bbox 239 711 284 775; x_wconf 84' lang='lat' dir='ltr'>ad</span> <span class='ocrx_word' id='word_1_16' title='bbox 306 710 553 795; x_wconf 81' lang='lat' dir='ltr'>negociandum.</span> 
     </span>
    </p>

    <p class='ocr_par' dir='ltr' id='par_1_3' title="bbox 239 820 1927 1203">
     <span class='ocr_line' id='line_1_4' title="bbox 341 820 1894 892; baseline -0.001 -14"><span class='ocrx_word' id='word_1_17' title='bbox 341 829 393 879; x_wconf 81' lang='lat' dir='ltr'>Sed</span> <span class='ocrx_word' id='word_1_18' title='bbox 416 835 441 879; x_wconf 88' lang='lat' dir='ltr'>et</span> <span class='ocrx_word' id='word_1_19' title='bbox 463 830 513 879; x_wconf 93' lang='lat' dir='ltr'>hoc</span> <span class='ocrx_word' id='word_1_20' title='bbox 536 831 660 879; x_wconf 90' lang='lat' dir='ltr'>convenit</span> <span class='ocrx_word' id='word_1_21' title='bbox 682 836 725 889; x_wconf 91' lang='lat' dir='ltr'>nt,</span> <span class='ocrx_word' id='word_1_22' title='bbox 756 829 778 875; x_wconf 82' lang='lat' dir='ltr'>si</span> <span class='ocrx_word' id='word_1_23' title='bbox 806 843 860 892; x_wconf 89' lang='lat' dir='ltr'>qna</span> <span class='ocrx_word' id='word_1_24' title='bbox 889 827 954 876; x_wconf 86' lang='lat' dir='ltr'>lesio</span> <span class='ocrx_word' id='word_1_25' title='bbox 983 828 1051 876; x_wconf 88' lang='lat' dir='ltr'>inter</span> <span class='ocrx_word' id='word_1_26' title='bbox 1077 832 1166 891; x_wconf 86' lang='lat' dir='ltr'>partes</span> <span class='ocrx_word' id='word_1_27' title='bbox 1188 829 1320 888; x_wconf 80' lang='lat' dir='ltr'>evenerit,</span> <span class='ocrx_word' id='word_1_28' title='bbox 1349 828 1469 892; x_wconf 75' lang='lat' dir='ltr'>legatarii</span> <span class='ocrx_word' id='word_1_29' title='bbox 1492 844 1508 874; x_wconf 84' lang='grc' dir='ltr'>ιι</span> <span class='ocrx_word' id='word_1_30' title='bbox 1531 843 1584 876; x_wconf 90' lang='lat' dir='ltr'>non</span> <span class='ocrx_word' id='word_1_31' title='bbox 1607 828 1783 885; x_wconf 84' lang='lat' dir='ltr'>detineantur,</span> <span class='ocrx_word' id='word_1_32' title='bbox 1813 820 1894 878; x_wconf 73' lang='lat' dir='ltr'>sed⁸</span> 
     </span>
     <span class='ocr_line' id='line_1_5' title="bbox 239 913 1893 997; baseline -0.001 -16"><span class='ocrx_word' id='word_1_33' title='bbox 239 934 325 985; x_wconf 86' lang='lat' dir='ltr'>securi</span> <span class='ocrx_word' id='word_1_34' title='bbox 348 933 382 981; x_wconf 89' lang='lat' dir='ltr'>ad</span> <span class='ocrx_word' id='word_1_35' title='bbox 405 933 512 997; x_wconf 88' lang='lat' dir='ltr'>propria</span> <span class='ocrx_word' id='word_1_36' title='bbox 535 931 657 995; x_wconf 83' lang='lat' dir='ltr'>redeant;</span> <span class='ocrx_word' id='word_1_37' title='bbox 691 931 811 980; x_wconf 82' lang='lat' dir='ltr'>sinriliter</span> <span class='ocrx_word' id='word_1_38' title='bbox 833 940 859 979; x_wconf 87' lang='lat' dir='ltr'>et</span> <span class='ocrx_word' id='word_1_39' title='bbox 882 930 1027 993; x_wconf 82' lang='lat' dir='ltr'>epistolarii</span> <span class='ocrx_word' id='word_1_40' title='bbox 1040 913 1063 991; x_wconf 83' lang='lat'>¹¹,</span> <span class='ocrx_word' id='word_1_41' title='bbox 1091 932 1113 978; x_wconf 85' lang='lat' dir='ltr'>si</span> <span class='ocrx_word' id='word_1_42' title='bbox 1137 930 1236 980; x_wconf 86' lang='lat' dir='ltr'>detenti</span> <span class='ocrx_word' id='word_1_43' title='bbox 1263 931 1375 987; x_wconf 79' lang='lat' dir='ltr'>fuerint,</span> <span class='ocrx_word' id='word_1_44' title='bbox 1410 930 1561 980; x_wconf 79' lang='lat' dir='ltr'><strong>relaxentur</strong></span> <span class='ocrx_word' id='word_1_45' title='bbox 1584 936 1610 980; x_wconf 92' lang='lat' dir='ltr'>et</span> <span class='ocrx_word' id='word_1_46' title='bbox 1632 942 1826 997; x_wconf 77' lang='lat' dir='ltr'>componantur</span> <span class='ocrx_word' id='word_1_47' title='bbox 1849 934 1893 981; x_wconf 87' lang='lat' dir='ltr'>eis</span> 
     </span>
     <span class='ocr_line' id='line_1_6' title="bbox 239 1017 1927 1100; baseline -0.001 -15"><span class='ocrx_word' id='word_1_48' title='bbox 239 1036 316 1085; x_wconf 85' lang='lat' dir='ltr'>solidi</span> <span class='ocrx_word' id='word_1_49' title='bbox 339 1037 457 1095; x_wconf 83' lang='lat' dir='ltr'>trecenti,</span> <span class='ocrx_word' id='word_1_50' title='bbox 480 1041 507 1084; x_wconf 91' lang='lat' dir='ltr'>et</span> <span class='ocrx_word' id='word_1_51' title='bbox 528 1036 559 1095; x_wconf 89' lang='lat' dir='ltr'>si,</span> <span class='ocrx_word' id='word_1_52' title='bbox 581 1034 652 1099; x_wconf 84' lang='lat' dir='ltr'>quod</span> <span class='ocrx_word' id='word_1_53' title='bbox 675 1035 752 1094; x_wconf 83' lang='lat' dir='ltr'>absit,</span> <span class='ocrx_word' id='word_1_54' title='bbox 775 1035 855 1082; x_wconf 85' lang='lat' dir='ltr'>occisi</span> <span class='ocrx_word' id='word_1_55' title='bbox 880 1032 985 1090; x_wconf 81' lang='lat' dir='ltr'>suerint,</span> <span class='ocrx_word' id='word_1_56' title='bbox 1015 1042 1207 1097; x_wconf 77' lang='lat' dir='ltr'>componantur</span> <span class='ocrx_word' id='word_1_57' title='bbox 1229 1034 1384 1097; x_wconf 83' lang='lat' dir='ltr'>perentibus</span> <span class='ocrx_word' id='word_1_58' title='bbox 1407 1050 1497 1083; x_wconf 89' lang='lat' dir='ltr'>eorum</span> <span class='ocrx_word' id='word_1_59' title='bbox 1520 1051 1568 1099; x_wconf 89' lang='lat' dir='ltr'>pro</span> <span class='ocrx_word' id='word_1_60' title='bbox 1592 1038 1657 1100; x_wconf 90' lang='lat' dir='ltr'>ipsis</span> <span class='ocrx_word' id='word_1_61' title='bbox 1683 1017 1780 1085; x_wconf 78' lang='lat' dir='ltr'>solidii</span> <span class='ocrx_word' id='word_1_62' title='bbox 1803 1032 1927 1087; x_wconf 78' lang='lat' dir='ltr'>mine.5</span> 
     </span>
     <span class='ocr_line' id='line_1_7' title="bbox 240 1135 954 1203; baseline -0.008 -14"><span class='ocrx_word' id='word_1_63' title='bbox 240 1146 266 1189; x_wconf 93' lang='lat' dir='ltr'>et</span> <span class='ocrx_word' id='word_1_64' title='bbox 288 1140 346 1203; x_wconf 83' lang='lat' dir='ltr'>ipsa</span> <span class='ocrx_word' id='word_1_65' title='bbox 368 1153 482 1203; x_wconf 89' lang='lat' dir='ltr'>persona</span> <span class='ocrx_word' id='word_1_66' title='bbox 503 1138 624 1187; x_wconf 83' lang='lat' dir='ltr'>tradatur</span> <span class='ocrx_word' id='word_1_67' title='bbox 646 1139 673 1185; x_wconf 89' lang='lat' dir='ltr'>in</span> <span class='ocrx_word' id='word_1_68' title='bbox 696 1138 819 1186; x_wconf 86' lang='lat' dir='ltr'>manibus</span> <span class='ocrx_word' id='word_1_69' title='bbox 841 1135 954 1185; x_wconf 84' lang='lat' dir='ltr'>illomm.</span> 
     </span>
    </p>

    <p class='ocr_par' dir='ltr' id='par_1_4' title="bbox 238 1220 1944 1615">
     <span class='ocr_line' id='line_1_8' title="bbox 342 1220 1890 1306; baseline 0.001 -17"><span class='ocrx_word' id='word_1_70' title='bbox 342 1240 369 1289; x_wconf 82' lang='lat' dir='ltr'>Si</span> <span class='ocrx_word' id='word_1_71' title='bbox 392 1241 451 1304; x_wconf 89' lang='lat' dir='ltr'>quis</span> <span class='ocrx_word' id='word_1_72' title='bbox 474 1241 541 1289; x_wconf 89' lang='lat' dir='ltr'>inter</span> <span class='ocrx_word' id='word_1_73' title='bbox 563 1246 651 1303; x_wconf 86' lang='lat' dir='ltr'>partes</span> <span class='ocrx_word' id='word_1_74' title='bbox 674 1220 807 1289; x_wconf 78' lang='lat' dir='ltr'>carmemk</span> <span class='ocrx_word' id='word_1_75' title='bbox 836 1239 972 1300; x_wconf 90' lang='lat' dir='ltr'>habuerit,</span> <span class='ocrx_word' id='word_1_76' title='bbox 1001 1238 1081 1289; x_wconf 77' lang='lat' dir='ltr'>s&#39;adat</span> <span class='ocrx_word' id='word_1_77' title='bbox 1103 1239 1184 1289; x_wconf 83' lang='lat' dir='ltr'>semel</span> <span class='ocrx_word' id='word_1_78' title='bbox 1207 1238 1249 1289; x_wconf 80' lang='lat' dir='ltr'>vel</span> <span class='ocrx_word' id='word_1_79' title='bbox 1272 1241 1313 1289; x_wconf 79' lang='lat' dir='ltr'>bis</span> <span class='ocrx_word' id='word_1_80' title='bbox 1335 1257 1395 1290; x_wconf 89' lang='lat' dir='ltr'>cum</span> <span class='ocrx_word' id='word_1_81' title='bbox 1418 1241 1531 1306; x_wconf 90' lang='lat' dir='ltr'>epistola</span> <span class='ocrx_word' id='word_1_82' title='bbox 1553 1242 1634 1291; x_wconf 90' lang='lat' dir='ltr'>iudici</span> <span class='ocrx_word' id='word_1_83' title='bbox 1657 1225 1736 1302; x_wconf 60' lang='lat' dir='ltr'>suol,</span> <span class='ocrx_word' id='word_1_84' title='bbox 1766 1246 1792 1291; x_wconf 88' lang='lat' dir='ltr'>et</span> <span class='ocrx_word' id='word_1_85' title='bbox 1816 1243 1838 1291; x_wconf 84' lang='lat' dir='ltr'>si</span> <span class='ocrx_word' id='word_1_86' title='bbox 1862 1242 1890 1291; x_wconf 89' lang='lat' dir='ltr'>ei</span> 
     </span>
     <span class='ocr_line' id='line_1_9' title="bbox 238 1338 1891 1409; baseline -0.002 -14"><span class='ocrx_word' id='word_1_87' title='bbox 238 1346 346 1395; x_wconf 91' lang='lat' dir='ltr'>minime</span> <span class='ocrx_word' id='word_1_88' title='bbox 375 1344 477 1392; x_wconf 79' lang='lat' dir='ltr'>tristitia</span> <span class='ocrx_word' id='word_1_89' title='bbox 505 1343 576 1391; x_wconf 85' lang='lat' dir='ltr'>facta</span> <span class='ocrx_word' id='word_1_90' title='bbox 604 1342 685 1392; x_wconf 81' lang='lat' dir='ltr'>tuerit</span> <span class='ocrx_word' id='word_1_91' title='bbox 712 1343 783 1391; x_wconf 83' lang='lat' dir='ltr'>infra</span> <span class='ocrx_word' id='word_1_92' title='bbox 812 1342 868 1391; x_wconf 89' lang='lat' dir='ltr'>dies</span> <span class='ocrx_word' id='word_1_93' title='bbox 896 1343 1107 1407; x_wconf 67' lang='lat' dir='ltr'>(quattuordecim</span> <span class='ocrx_word' id='word_1_94' title='bbox 1136 1338 1168 1391; x_wconf 80' lang='lat' dir='ltr'>et</span> <span class='ocrx_word' id='word_1_95' title='bbox 1196 1344 1217 1391; x_wconf 91' lang='lat' dir='ltr'>si</span> <span class='ocrx_word' id='word_1_96' title='bbox 1247 1344 1303 1407; x_wconf 91' lang='lat' dir='ltr'>ipse</span> <span class='ocrx_word' id='word_1_97' title='bbox 1332 1343 1410 1392; x_wconf 93' lang='lat' dir='ltr'>homo</span> <span class='ocrx_word' id='word_1_98' title='bbox 1433 1344 1504 1393; x_wconf 89' lang='lat' dir='ltr'>uude</span> <span class='ocrx_word' id='word_1_99' title='bbox 1526 1346 1629 1393; x_wconf 83' lang='lat' dir='ltr'>institia</span> <span class='ocrx_word' id='word_1_100' title='bbox 1652 1345 1794 1409; x_wconf 82' lang='lat' dir='ltr'>requiritur</span> <span class='ocrx_word' id='word_1_101' title='bbox 1816 1343 1891 1393; x_wconf 79' lang='lat' dir='ltr'>infra</span> 
     </span>
     <span class='ocr_line' id='line_1_10' title="bbox 238 1429 1889 1513; baseline -0.001 -16"><span class='ocrx_word' id='word_1_102' title='bbox 238 1450 325 1513; x_wconf 89' lang='lat' dir='ltr'>ipsum</span> <span class='ocrx_word' id='word_1_103' title='bbox 348 1447 436 1496; x_wconf 88' lang='lat' dir='ltr'>locum</span> <span class='ocrx_word' id='word_1_104' title='bbox 459 1447 538 1495; x_wconf 90' lang='lat' dir='ltr'>fuerit</span> <span class='ocrx_word' id='word_1_105' title='bbox 561 1440 617 1493; x_wconf 82' lang='lat' dir='ltr'>aut</span> <span class='ocrx_word' id='word_1_106' title='bbox 640 1429 681 1494; x_wconf 83' lang='lat' dir='ltr'>de</span> <span class='ocrx_word' id='word_1_107' title='bbox 704 1429 834 1494; x_wconf 81' lang='lat' dir='ltr'>aliunde</span> <span class='ocrx_word' id='word_1_108' title='bbox 857 1452 1007 1494; x_wconf 78' lang='lat' dir='ltr'>reversus</span> <span class='ocrx_word' id='word_1_109' title='bbox 1030 1431 1141 1511; x_wconf 80' lang='lat' dir='ltr'>fuerit,</span> <span class='ocrx_word' id='word_1_110' title='bbox 1176 1445 1244 1495; x_wconf 85' lang='lat' dir='ltr'>infra</span> <span class='ocrx_word' id='word_1_111' title='bbox 1266 1446 1323 1496; x_wconf 85' lang='lat' dir='ltr'>dies</span> <span class='ocrx_word' id='word_1_112' title='bbox 1345 1454 1445 1510; x_wconf 87' lang='lat' dir='ltr'>septem</span> <span class='ocrx_word' id='word_1_113' title='bbox 1468 1447 1602 1497; x_wconf 85' lang='lat' dir='ltr'>licentiam</span> <span class='ocrx_word' id='word_1_114' title='bbox 1626 1448 1722 1496; x_wconf 81' lang='lat' dir='ltr'>habeat</span> <span class='ocrx_word' id='word_1_115' title='bbox 1744 1448 1889 1511; x_wconf 78' lang='lat' dir='ltr'>pignorare</span> 
     </span>
     <span class='ocr_line' id='line_1_11' title="bbox 239 1542 1944 1615; baseline -0.001 -16"><span class='ocrx_word' id='word_1_116' title='bbox 239 1551 321 1601; x_wconf 90' lang='lat' dir='ltr'>iudici</span> <span class='ocrx_word' id='word_1_117' title='bbox 344 1552 390 1615; x_wconf 93' lang='lat' dir='ltr'>qni</span> <span class='ocrx_word' id='word_1_118' title='bbox 413 1552 440 1598; x_wconf 92' lang='lat' dir='ltr'>in</span> <span class='ocrx_word' id='word_1_119' title='bbox 463 1551 520 1614; x_wconf 88' lang='lat' dir='ltr'>ipso</span> <span class='ocrx_word' id='word_1_120' title='bbox 544 1555 660 1612; x_wconf 88' lang='lat' dir='ltr'>tempore</span> <span class='ocrx_word' id='word_1_121' title='bbox 684 1542 852 1597; x_wconf 78' lang='lat' dir='ltr'>ordinatusm</span> <span class='ocrx_word' id='word_1_122' title='bbox 875 1548 954 1596; x_wconf 86' lang='lat' dir='ltr'>fuerit</span> <span class='ocrx_word' id='word_1_123' title='bbox 976 1549 1046 1598; x_wconf 85' lang='lat' dir='ltr'>infra</span> <span class='ocrx_word' id='word_1_124' title='bbox 1068 1563 1130 1597; x_wconf 87' lang='lat' dir='ltr'>casa</span> <span class='ocrx_word' id='word_1_125' title='bbox 1152 1563 1208 1609; x_wconf 75' lang='lat' dir='ltr'>sira,</span> <span class='ocrx_word' id='word_1_126' title='bbox 1235 1555 1363 1613; x_wconf 90' lang='lat' dir='ltr'>quantum</span> <span class='ocrx_word' id='word_1_127' title='bbox 1385 1551 1472 1613; x_wconf 87' lang='lat' dir='ltr'>ipsum</span> <span class='ocrx_word' id='word_1_128' title='bbox 1495 1549 1612 1599; x_wconf 88' lang='lat' dir='ltr'>debitum</span> <span class='ocrx_word' id='word_1_129' title='bbox 1635 1549 1715 1599; x_wconf 80' lang='lat' dir='ltr'>suerit</span> <span class='ocrx_word' id='word_1_130' title='bbox 1732 1565 1756 1597; x_wconf 75' lang='grc' dir='ltr'>ιι.</span> <span class='ocrx_word' id='word_1_131' title='bbox 1908 1554 1944 1601; x_wconf 86' lang='grc'>10</span> 
     </span>
    </p>

    <p class='ocr_par' dir='ltr' id='par_1_5' title="bbox 240 1648 1942 2234">
     <span class='ocr_line' id='line_1_12' title="bbox 343 1648 1889 1719; baseline -0.001 -16"><span class='ocrx_word' id='word_1_132' title='bbox 343 1653 480 1713; x_wconf 82' lang='grc' dir='ltr'>Λι1ι1ίιιιιιιι,</span> <span class='ocrx_word' id='word_1_133' title='bbox 503 1652 603 1715; x_wconf 90' lang='lat' dir='ltr'>siquis</span> <span class='ocrx_word' id='word_1_134' title='bbox 625 1651 768 1701; x_wconf 86' lang='lat' dir='ltr'>homicidia</span> <span class='ocrx_word' id='word_1_135' title='bbox 789 1655 980 1716; x_wconf 80' lang='lat' dir='ltr'>perpetraverit</span> <span class='ocrx_word' id='word_1_136' title='bbox 1002 1660 1087 1702; x_wconf 87' lang='lat' dir='ltr'>stante</span> <span class='ocrx_word' id='word_1_137' title='bbox 1110 1661 1196 1719; x_wconf 84' lang='lat' dir='ltr'>pacto,</span> <span class='ocrx_word' id='word_1_138' title='bbox 1219 1654 1304 1703; x_wconf 82' lang='lat' dir='ltr'>nrodis</span> <span class='ocrx_word' id='word_1_139' title='bbox 1319 1654 1441 1704; x_wconf 86' lang='lat' dir='ltr'>omnibus</span> <span class='ocrx_word' id='word_1_140' title='bbox 1456 1656 1578 1719; x_wconf 84' lang='lat' dir='ltr'>partibus</span> <span class='ocrx_word' id='word_1_141' title='bbox 1593 1672 1609 1702; x_wconf 74' lang='grc' dir='ltr'>ι</span> <span class='ocrx_word' id='word_1_142' title='bbox 1624 1648 1725 1719; x_wconf 73' lang='lat' dir='ltr'>ligati¹¹</span> <span class='ocrx_word' id='word_1_143' title='bbox 1747 1653 1889 1702; x_wconf 77' lang='lat' dir='ltr'>tradantur</span> 
     </span>
     <span class='ocr_line' id='line_1_13' title="bbox 240 1749 1888 1823; baseline -0.001 -18"><span class='ocrx_word' id='word_1_144' title='bbox 240 1759 332 1823; x_wconf 86' lang='lat' dir='ltr'>quanti</span> <span class='ocrx_word' id='word_1_145' title='bbox 356 1758 382 1806; x_wconf 92' lang='lat' dir='ltr'>in</span> <span class='ocrx_word' id='word_1_146' title='bbox 406 1758 463 1821; x_wconf 91' lang='lat' dir='ltr'>ipso</span> <span class='ocrx_word' id='word_1_147' title='bbox 487 1754 629 1805; x_wconf 90' lang='lat' dir='ltr'>homicidio</span> <span class='ocrx_word' id='word_1_148' title='bbox 651 1754 751 1804; x_wconf 82' lang='lat' dir='ltr'>fuerint</span> <span class='ocrx_word' id='word_1_149' title='bbox 772 1756 860 1813; x_wconf 84' lang='lat' dir='ltr'>mixti,</span> <span class='ocrx_word' id='word_1_150' title='bbox 890 1762 917 1806; x_wconf 89' lang='lat' dir='ltr'>et</span> <span class='ocrx_word' id='word_1_151' title='bbox 939 1759 961 1805; x_wconf 83' lang='lat' dir='ltr'>si</span> <span class='ocrx_word' id='word_1_152' title='bbox 991 1756 1142 1807; x_wconf 66' lang='lat' dir='ltr'>distulerint</span> <span class='ocrx_word' id='word_1_153' title='bbox 1170 1773 1215 1806; x_wconf 89' lang='lat' dir='ltr'>eos</span> <span class='ocrx_word' id='word_1_154' title='bbox 1244 1757 1360 1820; x_wconf 86' lang='lat' dir='ltr'>tradere,</span> <span class='ocrx_word' id='word_1_155' title='bbox 1388 1774 1436 1821; x_wconf 92' lang='lat' dir='ltr'>pro</span> <span class='ocrx_word' id='word_1_156' title='bbox 1466 1773 1626 1822; x_wconf 83' lang='lat' dir='ltr'>unaquaque</span> <span class='ocrx_word' id='word_1_157' title='bbox 1655 1749 1792 1822; x_wconf 72' lang='lat' dir='ltr'>ptersona⁰</span> <span class='ocrx_word' id='word_1_158' title='bbox 1816 1771 1888 1804; x_wconf 89' lang='lat' dir='ltr'>com·</span> 
     </span>
     <span class='ocr_line' id='line_1_14' title="bbox 240 1852 1888 1925; baseline -0.002 -16"><span class='ocrx_word' id='word_1_159' title='bbox 240 1866 322 1924; x_wconf 83' lang='lat' dir='ltr'>ponat</span> <span class='ocrx_word' id='word_1_160' title='bbox 343 1860 401 1909; x_wconf 85' lang='lat' dir='ltr'>auri</span> <span class='ocrx_word' id='word_1_161' title='bbox 424 1857 522 1907; x_wconf 90' lang='lat' dir='ltr'>solidos</span> <span class='ocrx_word' id='word_1_162' title='bbox 545 1864 690 1920; x_wconf 72' lang='lat' dir='ltr'>trecentos,</span> <span class='ocrx_word' id='word_1_163' title='bbox 720 1864 745 1907; x_wconf 91' lang='lat' dir='ltr'>et</span> <span class='ocrx_word' id='word_1_164' title='bbox 768 1860 789 1907; x_wconf 88' lang='lat' dir='ltr'>si</span> <span class='ocrx_word' id='word_1_165' title='bbox 812 1854 953 1923; x_wconf 72' lang='lat' dir='ltr'>aliquaml&#39;</span> <span class='ocrx_word' id='word_1_166' title='bbox 982 1861 1009 1909; x_wconf 93' lang='lat' dir='ltr'>in</span> <span class='ocrx_word' id='word_1_167' title='bbox 1031 1860 1100 1910; x_wconf 83' lang='lat' dir='ltr'>silva</span> <span class='ocrx_word' id='word_1_168' title='bbox 1121 1856 1357 1925; x_wconf 70' lang='lat' dir='ltr'>pignerationemq</span> <span class='ocrx_word' id='word_1_169' title='bbox 1386 1861 1472 1911; x_wconf 84' lang='lat' dir='ltr'>facere</span> <span class='ocrx_word' id='word_1_170' title='bbox 1501 1861 1629 1921; x_wconf 78' lang='lat' dir='ltr'>voluerit,</span> <span class='ocrx_word' id='word_1_171' title='bbox 1664 1861 1702 1909; x_wconf 85' lang='lat' dir='ltr'>sic</span> <span class='ocrx_word' id='word_1_172' title='bbox 1733 1852 1802 1907; x_wconf 79' lang='lat' dir='ltr'>liatr</span> <span class='ocrx_word' id='word_1_173' title='bbox 1828 1860 1888 1907; x_wconf 87' lang='lat' dir='ltr'>sine</span> 
     </span>
     <span class='ocr_line' id='line_1_15' title="bbox 241 1955 1887 2027; baseline -0.002 -15"><span class='ocrx_word' id='word_1_174' title='bbox 241 1962 392 2022; x_wconf 91' lang='lat' dir='ltr'>homicidio,</span> <span class='ocrx_word' id='word_1_175' title='bbox 416 1968 441 2010; x_wconf 91' lang='lat' dir='ltr'>et</span> <span class='ocrx_word' id='word_1_176' title='bbox 464 1963 486 2009; x_wconf 92' lang='lat' dir='ltr'>si</span> <span class='ocrx_word' id='word_1_177' title='bbox 509 1961 581 2025; x_wconf 92' lang='lat' dir='ltr'>quod</span> <span class='ocrx_word' id='word_1_178' title='bbox 603 1962 680 2021; x_wconf 89' lang='lat' dir='ltr'>absit,</span> <span class='ocrx_word' id='word_1_179' title='bbox 703 1955 739 2008; x_wconf 82' lang='lat' dir='ltr'>ut</span> <span class='ocrx_word' id='word_1_180' title='bbox 760 1961 931 2011; x_wconf 86' lang='lat' dir='ltr'>homicidium</span> <span class='ocrx_word' id='word_1_181' title='bbox 954 1963 1052 2012; x_wconf 84' lang='lat' dir='ltr'>factum</span> <span class='ocrx_word' id='word_1_182' title='bbox 1074 1964 1155 2013; x_wconf 88' lang='lat' dir='ltr'>fuerit</span> <span class='ocrx_word' id='word_1_183' title='bbox 1178 1966 1204 2012; x_wconf 92' lang='lat' dir='ltr'>in</span> <span class='ocrx_word' id='word_1_184' title='bbox 1228 1964 1311 2014; x_wconf 86' lang='lat' dir='ltr'>libero</span> <span class='ocrx_word' id='word_1_185' title='bbox 1335 1964 1448 2023; x_wconf 89' lang='lat' dir='ltr'>homine,</span> <span class='ocrx_word' id='word_1_186' title='bbox 1478 1971 1618 2027; x_wconf 84' lang='lat' dir='ltr'>componat</span> <span class='ocrx_word' id='word_1_187' title='bbox 1641 1979 1689 2027; x_wconf 91' lang='lat' dir='ltr'>pro</span> <span class='ocrx_word' id='word_1_188' title='bbox 1716 1955 1797 2027; x_wconf 81' lang='lat' dir='ltr'>ipso&#39;</span> <span class='ocrx_word' id='word_1_189' title='bbox 1824 1960 1887 2010; x_wconf 86' lang='lat' dir='ltr'>soli-</span> 
     </span>
     <span class='ocr_line' id='line_1_16' title="bbox 240 2048 1942 2132; baseline 0 -18"><span class='ocrx_word' id='word_1_190' title='bbox 240 2065 289 2115; x_wconf 84' lang='lat' dir='ltr'>dos</span> <span class='ocrx_word' id='word_1_191' title='bbox 311 2048 465 2114; x_wconf 69' lang='lat' dir='ltr'>trecentost</span> <span class='ocrx_word' id='word_1_192' title='bbox 487 2070 513 2113; x_wconf 88' lang='lat' dir='ltr'>et</span> <span class='ocrx_word' id='word_1_193' title='bbox 535 2080 582 2127; x_wconf 87' lang='lat' dir='ltr'>pro</span> <span class='ocrx_word' id='word_1_194' title='bbox 605 2080 681 2113; x_wconf 89' lang='lat' dir='ltr'>servo</span> <span class='ocrx_word' id='word_1_195' title='bbox 704 2063 802 2113; x_wconf 88' lang='lat' dir='ltr'>solidos</span> <span class='ocrx_word' id='word_1_196' title='bbox 825 2067 1031 2132; x_wconf 81' lang='lat' dir='ltr'>quinquaginta3</span> <span class='ocrx_word' id='word_1_197' title='bbox 1062 2074 1087 2116; x_wconf 91' lang='lat' dir='ltr'>ct</span> <span class='ocrx_word' id='word_1_198' title='bbox 1110 2069 1132 2115; x_wconf 92' lang='lat' dir='ltr'>si</span> <span class='ocrx_word' id='word_1_199' title='bbox 1155 2062 1259 2132; x_wconf 78' lang='lat' dir='ltr'>plagau</span> <span class='ocrx_word' id='word_1_200' title='bbox 1282 2075 1389 2131; x_wconf 87' lang='lat' dir='ltr'>peraeta</span> <span class='ocrx_word' id='word_1_201' title='bbox 1411 2068 1492 2116; x_wconf 85' lang='lat' dir='ltr'>fuerit</span> <span class='ocrx_word' id='word_1_202' title='bbox 1515 2069 1542 2115; x_wconf 94' lang='lat' dir='ltr'>in</span> <span class='ocrx_word' id='word_1_203' title='bbox 1565 2067 1648 2115; x_wconf 86' lang='lat' dir='ltr'>libero</span> <span class='ocrx_word' id='word_1_204' title='bbox 1672 2066 1786 2125; x_wconf 90' lang='lat' dir='ltr'>homine,</span> <span class='ocrx_word' id='word_1_205' title='bbox 1815 2080 1886 2113; x_wconf 93' lang='lat' dir='ltr'>com·</span> <span class='ocrx_word' id='word_1_206' title='bbox 1907 2068 1942 2114; x_wconf 77' lang='lat' dir='ltr'>lo</span> 
     </span>
     <span class='ocr_line' id='line_1_17' title="bbox 240 2150 1347 2234; baseline -0.001 -16"><span class='ocrx_word' id='word_1_207' title='bbox 240 2175 323 2233; x_wconf 83' lang='lat' dir='ltr'>ponet</span> <span class='ocrx_word' id='word_1_208' title='bbox 345 2150 493 2217; x_wconf 78' lang='lat' dir='ltr'>similiter</span> <span class='ocrx_word' id='word_1_209' title='bbox 515 2166 614 2216; x_wconf 91' lang='lat' dir='ltr'>solidos</span> <span class='ocrx_word' id='word_1_210' title='bbox 636 2168 829 2232; x_wconf 67' lang='lat' dir='ltr'>quinquaginta</span> <span class='ocrx_word' id='word_1_211' title='bbox 851 2176 877 2218; x_wconf 94' lang='lat' dir='ltr'>et</span> <span class='ocrx_word' id='word_1_212' title='bbox 899 2185 947 2233; x_wconf 85' lang='lat' dir='ltr'>pro</span> <span class='ocrx_word' id='word_1_213' title='bbox 971 2186 1047 2219; x_wconf 79' lang='lat' dir='ltr'>servo</span> <span class='ocrx_word' id='word_1_214' title='bbox 1070 2170 1169 2219; x_wconf 86' lang='lat' dir='ltr'>solidos</span> <span class='ocrx_word' id='word_1_215' title='bbox 1193 2171 1310 2234; x_wconf 74' lang='lat' dir='ltr'>triginta.</span> <span class='ocrx_word' id='word_1_216' title='bbox 1331 2188 1347 2217; x_wconf 69' lang='grc' dir='ltr'>ι</span> 
     </span>
    </p>

    <p class='ocr_par' dir='ltr' id='par_1_6' title="bbox 239 2266 1942 2735">
     <span class='ocr_line' id='line_1_18' title="bbox 342 2266 1887 2336; baseline -0.002 -16"><span class='ocrx_word' id='word_1_217' title='bbox 342 2270 473 2320; x_wconf 82' lang='lat' dir='ltr'>Volumus</span> <span class='ocrx_word' id='word_1_218' title='bbox 496 2275 526 2319; x_wconf 90' lang='lat' dir='ltr'>ut</span> <span class='ocrx_word' id='word_1_219' title='bbox 547 2286 595 2334; x_wconf 90' lang='lat' dir='ltr'>pro</span> <span class='ocrx_word' id='word_1_220' title='bbox 618 2286 664 2320; x_wconf 83' lang='lat' dir='ltr'>sex</span> <span class='ocrx_word' id='word_1_221' title='bbox 687 2273 819 2321; x_wconf 85' lang='lat' dir='ltr'>meneusis</span> <span class='ocrx_word' id='word_1_222' title='bbox 842 2273 928 2322; x_wconf 88' lang='lat' dir='ltr'>solum</span> <span class='ocrx_word' id='word_1_223' title='bbox 951 2273 985 2322; x_wconf 90' lang='lat' dir='ltr'>ab</span> <span class='ocrx_word' id='word_1_224' title='bbox 1008 2289 1061 2322; x_wconf 95' lang='lat' dir='ltr'>uno</span> <span class='ocrx_word' id='word_1_225' title='bbox 1084 2273 1189 2322; x_wconf 91' lang='lat' dir='ltr'>homine</span> <span class='ocrx_word' id='word_1_226' title='bbox 1212 2280 1404 2322; x_wconf 85' lang='lat' dir='ltr'>sacramentnm</span> <span class='ocrx_word' id='word_1_227' title='bbox 1428 2273 1570 2336; x_wconf 86' lang='lat' dir='ltr'>recipiatur</span> <span class='ocrx_word' id='word_1_228' title='bbox 1581 2266 1602 2329; x_wconf 80' lang='lat'>&#39;,</span> <span class='ocrx_word' id='word_1_229' title='bbox 1630 2278 1656 2321; x_wconf 90' lang='lat' dir='ltr'>et</span> <span class='ocrx_word' id='word_1_230' title='bbox 1678 2273 1701 2319; x_wconf 88' lang='lat' dir='ltr'>si</span> <span class='ocrx_word' id='word_1_231' title='bbox 1723 2270 1783 2334; x_wconf 89' lang='lat' dir='ltr'>plus</span> <span class='ocrx_word' id='word_1_232' title='bbox 1805 2269 1887 2318; x_wconf 81' lang='lat' dir='ltr'>fuerit</span> 
     </span>
     <span class='ocr_line' id='line_1_19' title="bbox 239 2370 1886 2439; baseline -0.002 -16"><span class='ocrx_word' id='word_1_233' title='bbox 239 2389 324 2439; x_wconf 89' lang='lat' dir='ltr'>usque</span> <span class='ocrx_word' id='word_1_234' title='bbox 342 2373 376 2422; x_wconf 86' lang='lat' dir='ltr'>ad</span> <span class='ocrx_word' id='word_1_235' title='bbox 394 2389 533 2423; x_wconf 90' lang='lat' dir='ltr'>mancusos</span> <span class='ocrx_word' id='word_1_236' title='bbox 557 2373 696 2423; x_wconf 82' lang='lat' dir='ltr'>duodecim</span> <span class='ocrx_word' id='word_1_237' title='bbox 719 2373 830 2424; x_wconf 89' lang='lat' dir='ltr'>duorum</span> <span class='ocrx_word' id='word_1_238' title='bbox 853 2376 989 2425; x_wconf 90' lang='lat' dir='ltr'>hominum</span> <span class='ocrx_word' id='word_1_239' title='bbox 1011 2378 1186 2425; x_wconf 85' lang='lat' dir='ltr'>iuramentum</span> <span class='ocrx_word' id='word_1_240' title='bbox 1199 2370 1217 2397; x_wconf 76' lang='lat'>&#39;</span> <span class='ocrx_word' id='word_1_241' title='bbox 1240 2377 1274 2424; x_wconf 91' lang='lat' dir='ltr'>sit</span> <span class='ocrx_word' id='word_1_242' title='bbox 1296 2375 1469 2433; x_wconf 82' lang='lat' dir='ltr'>satisfactum,</span> <span class='ocrx_word' id='word_1_243' title='bbox 1493 2383 1519 2424; x_wconf 89' lang='lat' dir='ltr'>et</span> <span class='ocrx_word' id='word_1_244' title='bbox 1536 2376 1574 2423; x_wconf 88' lang='lat' dir='ltr'>ita</span> <span class='ocrx_word' id='word_1_245' title='bbox 1591 2389 1675 2438; x_wconf 79' lang='lat' dir='ltr'>usque</span> <span class='ocrx_word' id='word_1_246' title='bbox 1694 2372 1726 2421; x_wconf 85' lang='lat' dir='ltr'>nd</span> <span class='ocrx_word' id='word_1_247' title='bbox 1746 2371 1886 2421; x_wconf 85' lang='lat' dir='ltr'>duodecim</span> 
     </span>
     <span class='ocr_line' id='line_1_20' title="bbox 239 2471 1887 2547; baseline -0.002 -20"><span class='ocrx_word' id='word_1_248' title='bbox 239 2478 322 2528; x_wconf 87' lang='lat' dir='ltr'>libras</span> <span class='ocrx_word' id='word_1_249' title='bbox 344 2478 532 2528; x_wconf 87' lang='lat' dir='ltr'>Uenetieorum</span> <span class='ocrx_word' id='word_1_250' title='bbox 555 2493 657 2541; x_wconf 89' lang='lat' dir='ltr'>semper</span> <span class='ocrx_word' id='word_1_251' title='bbox 679 2477 828 2527; x_wconf 74' lang='lat' dir='ltr'>acldendum</span> <span class='ocrx_word' id='word_1_252' title='bbox 851 2495 898 2543; x_wconf 90' lang='lat' dir='ltr'>per</span> <span class='ocrx_word' id='word_1_253' title='bbox 921 2480 1060 2530; x_wconf 81' lang='lat' dir='ltr'>duodecim</span> <span class='ocrx_word' id='word_1_254' title='bbox 1083 2480 1181 2529; x_wconf 88' lang='lat' dir='ltr'>electos</span> <span class='ocrx_word' id='word_1_255' title='bbox 1207 2481 1336 2528; x_wconf 86' lang='lat' dir='ltr'>iuratores</span> <span class='ocrx_word' id='word_1_256' title='bbox 1364 2479 1517 2542; x_wconf 82' lang='lat' dir='ltr'>perveniat,</span> <span class='ocrx_word' id='word_1_257' title='bbox 1550 2484 1652 2547; x_wconf 82' lang='lat' dir='ltr'>usque</span> <span class='ocrx_word' id='word_1_258' title='bbox 1682 2471 1804 2541; x_wconf 65' lang='grc' dir='ltr'>ιμιιιιιιει</span> <span class='ocrx_word' id='word_1_259' title='bbox 1833 2477 1887 2524; x_wconf 88' lang='lat' dir='ltr'>sint</span> 
     </span>
     <span class='ocr_line' id='line_1_21' title="bbox 240 2579 1942 2647; baseline -0.001 -18"><span class='ocrx_word' id='word_1_260' title='bbox 240 2580 321 2643; x_wconf 91' lang='lat' dir='ltr'>libre,</span> <span class='ocrx_word' id='word_1_261' title='bbox 350 2583 429 2631; x_wconf 86' lang='lat' dir='ltr'>etiam</span> <span class='ocrx_word' id='word_1_262' title='bbox 451 2583 518 2630; x_wconf 88' lang='lat' dir='ltr'>tanti</span> <span class='ocrx_word' id='word_1_263' title='bbox 541 2583 594 2630; x_wconf 91' lang='lat' dir='ltr'>sint</span> <span class='ocrx_word' id='word_1_264' title='bbox 617 2582 760 2645; x_wconf 78' lang='lat' dir='ltr'>iuratores3</span> <span class='ocrx_word' id='word_1_265' title='bbox 790 2597 851 2630; x_wconf 87' lang='lat' dir='ltr'>nam</span> <span class='ocrx_word' id='word_1_266' title='bbox 873 2584 896 2631; x_wconf 87' lang='lat' dir='ltr'>si</span> <span class='ocrx_word' id='word_1_267' title='bbox 918 2583 989 2632; x_wconf 85' lang='lat' dir='ltr'>ultra</span> <span class='ocrx_word' id='word_1_268' title='bbox 1012 2582 1151 2633; x_wconf 84' lang='lat' dir='ltr'>duodecim</span> <span class='ocrx_word' id='word_1_269' title='bbox 1174 2583 1302 2632; x_wconf 86' lang='lat' dir='ltr'>librarum</span> <span class='ocrx_word' id='word_1_270' title='bbox 1324 2584 1428 2647; x_wconf 84' lang='lat' dir='ltr'>questio</span> <span class='ocrx_word' id='word_1_271' title='bbox 1451 2584 1546 2645; x_wconf 86' lang='lat' dir='ltr'>fuerit,</span> <span class='ocrx_word' id='word_1_272' title='bbox 1576 2584 1706 2631; x_wconf 87' lang='lat' dir='ltr'>iuratores</span> <span class='ocrx_word' id='word_1_273' title='bbox 1729 2581 1799 2629; x_wconf 88' lang='lat' dir='ltr'>ultra</span> <span class='ocrx_word' id='word_1_274' title='bbox 1822 2579 1887 2628; x_wconf 92' lang='lat' dir='ltr'>duo·</span> <span class='ocrx_word' id='word_1_275' title='bbox 1906 2581 1942 2629; x_wconf 79' lang='lat'>20</span> 
     </span>
     <span class='ocr_line' id='line_1_22' title="bbox 242 2684 561 2735; baseline 0.003 -2"><span class='ocrx_word' id='word_1_276' title='bbox 242 2685 326 2735; x_wconf 88' lang='lat' dir='ltr'>decim</span> <span class='ocrx_word' id='word_1_277' title='bbox 349 2701 403 2734; x_wconf 89' lang='lat' dir='ltr'>non</span> <span class='ocrx_word' id='word_1_278' title='bbox 425 2684 561 2735; x_wconf 86' lang='lat' dir='ltr'>excedant.</span> 
     </span>
    </p>

    <p class='ocr_par' dir='ltr' id='par_1_7' title="bbox 240 2787 1889 2964">
     <span class='ocr_line' id='line_1_23' title="bbox 345 2787 1889 2855; baseline -0.005 -15"><span class='ocrx_word' id='word_1_279' title='bbox 345 2789 491 2840; x_wconf 87' lang='lat' dir='ltr'>Statuimus</span> <span class='ocrx_word' id='word_1_280' title='bbox 513 2791 584 2839; x_wconf 92' lang='lat' dir='ltr'>enim</span> <span class='ocrx_word' id='word_1_281' title='bbox 606 2790 638 2839; x_wconf 90' lang='lat' dir='ltr'>de</span> <span class='ocrx_word' id='word_1_282' title='bbox 661 2790 817 2855; x_wconf 86' lang='lat' dir='ltr'>pignoribus</span> <span class='ocrx_word' id='word_1_283' title='bbox 839 2806 891 2854; x_wconf 87' lang='lat' dir='ltr'>que</span> <span class='ocrx_word' id='word_1_284' title='bbox 914 2792 982 2840; x_wconf 89' lang='lat' dir='ltr'>inter</span> <span class='ocrx_word' id='word_1_285' title='bbox 1004 2797 1092 2855; x_wconf 86' lang='lat' dir='ltr'>partes</span> <span class='ocrx_word' id='word_1_286' title='bbox 1115 2793 1203 2854; x_wconf 87' lang='lat' dir='ltr'>posita</span> <span class='ocrx_word' id='word_1_287' title='bbox 1225 2791 1338 2851; x_wconf 84' lang='lat' dir='ltr'>fuerint,</span> <span class='ocrx_word' id='word_1_288' title='bbox 1368 2796 1398 2839; x_wconf 88' lang='lat' dir='ltr'>nt</span> <span class='ocrx_word' id='word_1_289' title='bbox 1426 2792 1447 2838; x_wconf 82' lang='lat' dir='ltr'>si</span> <span class='ocrx_word' id='word_1_290' title='bbox 1473 2805 1525 2854; x_wconf 86' lang='lat' dir='ltr'>qna</span> <span class='ocrx_word' id='word_1_291' title='bbox 1548 2789 1687 2839; x_wconf 87' lang='lat' dir='ltr'>contencio</span> <span class='ocrx_word' id='word_1_292' title='bbox 1711 2788 1743 2837; x_wconf 90' lang='lat' dir='ltr'>de</span> <span class='ocrx_word' id='word_1_293' title='bbox 1765 2787 1806 2836; x_wconf 86' lang='lat' dir='ltr'>his</span> <span class='ocrx_word' id='word_1_294' title='bbox 1829 2790 1889 2834; x_wconf 76' lang='lat' dir='ltr'>cirta</span> 
     </span>
     <span class='ocr_line' id='line_1_24' title="bbox 240 2878 1674 2964; baseline -0.002 -22"><span class='ocrx_word' id='word_1_295' title='bbox 240 2893 321 2943; x_wconf 82' lang='lat' dir='ltr'>suerit</span> <span class='ocrx_word' id='word_1_296' title='bbox 331 2887 352 2955; x_wconf 68' lang='grc'>1,</span> <span class='ocrx_word' id='word_1_297' title='bbox 374 2880 444 2964; x_wconf 84' lang='lat' dir='ltr'>ipse</span> <span class='ocrx_word' id='word_1_298' title='bbox 468 2880 521 2963; x_wconf 92' lang='lat' dir='ltr'>qui</span> <span class='ocrx_word' id='word_1_299' title='bbox 545 2879 664 2963; x_wconf 85' lang='lat' dir='ltr'>pignus</span> <span class='ocrx_word' id='word_1_300' title='bbox 686 2879 856 2943; x_wconf 86' lang='lat' dir='ltr'>retinuerit</span> <span class='ocrx_word' id='word_1_301' title='bbox 878 2900 936 2963; x_wconf 90' lang='lat' dir='ltr'>pro</span> <span class='ocrx_word' id='word_1_302' title='bbox 962 2901 996 2943; x_wconf 87' lang='lat' dir='ltr'>se</span> <span class='ocrx_word' id='word_1_303' title='bbox 1020 2878 1114 2943; x_wconf 80' lang='lat' dir='ltr'>sola²</span> <span class='ocrx_word' id='word_1_304' title='bbox 1136 2901 1278 2963; x_wconf 85' lang='lat' dir='ltr'>persona</span> <span class='ocrx_word' id='word_1_305' title='bbox 1302 2887 1540 2942; x_wconf 85' lang='lat' dir='ltr'>sacramentum</span> <span class='ocrx_word' id='word_1_306' title='bbox 1564 2879 1674 2941; x_wconf 87' lang='lat' dir='ltr'>faciat.</span> 
     </span>
    </p>

    <p class='ocr_par' dir='ltr' id='par_1_8' title="bbox 241 2980 1941 3372">
     <span class='ocr_line' id='line_1_25' title="bbox 343 2980 1889 3066; baseline -0.004 -22"><span class='ocrx_word' id='word_1_307' title='bbox 343 2996 469 3046; x_wconf 83' lang='lat' dir='ltr'>Similiter</span> <span class='ocrx_word' id='word_1_308' title='bbox 496 2998 569 3046; x_wconf 88' lang='lat' dir='ltr'>stetit</span> <span class='ocrx_word' id='word_1_309' title='bbox 597 3003 627 3046; x_wconf 88' lang='lat' dir='ltr'>ut</span> <span class='ocrx_word' id='word_1_310' title='bbox 655 2991 706 3046; x_wconf 73' lang='lat' dir='ltr'>in⁸</span> <span class='ocrx_word' id='word_1_311' title='bbox 734 3013 775 3047; x_wconf 90' lang='lat' dir='ltr'>res</span> <span class='ocrx_word' id='word_1_312' title='bbox 804 3003 956 3046; x_wconf 80' lang='lat' dir='ltr'>sarietorum</span> <span class='ocrx_word' id='word_1_313' title='bbox 985 2980 1233 3061; x_wconf 73' lang='lat' dir='ltr'>ecclesiarumqueb</span> <span class='ocrx_word' id='word_1_314' title='bbox 1262 2997 1304 3046; x_wconf 91' lang='lat' dir='ltr'>dei</span> <span class='ocrx_word' id='word_1_315' title='bbox 1333 2997 1407 3045; x_wconf 85' lang='lat' dir='ltr'>nulla</span> <span class='ocrx_word' id='word_1_316' title='bbox 1435 2980 1538 3066; x_wconf 80' lang='lat' dir='ltr'>preda</span> <span class='ocrx_word' id='word_1_317' title='bbox 1559 3001 1620 3043; x_wconf 80' lang='lat' dir='ltr'>nec</span> <span class='ocrx_word' id='word_1_318' title='bbox 1650 2992 1800 3057; x_wconf 81' lang='lat' dir='ltr'>pignoratio</span> <span class='ocrx_word' id='word_1_319' title='bbox 1830 2989 1889 3039; x_wconf 82' lang='lat' dir='ltr'>lieri</span> 
     </span>
     <span class='ocr_line' id='line_1_26' title="bbox 241 3092 1941 3164; baseline -0.004 -16"><span class='ocrx_word' id='word_1_320' title='bbox 241 3098 343 3161; x_wconf 88' lang='lat' dir='ltr'>debeat,</span> <span class='ocrx_word' id='word_1_321' title='bbox 367 3105 477 3163; x_wconf 85' lang='lat' dir='ltr'>excepto</span> <span class='ocrx_word' id='word_1_322' title='bbox 500 3101 521 3147; x_wconf 92' lang='lat' dir='ltr'>si</span> <span class='ocrx_word' id='word_1_323' title='bbox 546 3115 605 3148; x_wconf 88' lang='lat' dir='ltr'>cnm</span> <span class='ocrx_word' id='word_1_324' title='bbox 628 3095 835 3150; x_wconf 73' lang='lat' dir='ltr'>sacerdotibus⁰</span> <span class='ocrx_word' id='word_1_325' title='bbox 858 3092 984 3164; x_wconf 77' lang='lat' dir='ltr'>ipsarlum</span> <span class='ocrx_word' id='word_1_326' title='bbox 1007 3092 1186 3160; x_wconf 79' lang='lat' dir='ltr'>ecclesilarum</span> <span class='ocrx_word' id='word_1_327' title='bbox 1210 3115 1317 3149; x_wconf 84' lang='lat' dir='ltr'>cansam</span> <span class='ocrx_word' id='word_1_328' title='bbox 1340 3101 1477 3162; x_wconf 79' lang='lat' dir='ltr'>liabuerit3</span> <span class='ocrx_word' id='word_1_329' title='bbox 1501 3106 1527 3149; x_wconf 92' lang='lat' dir='ltr'>et</span> <span class='ocrx_word' id='word_1_330' title='bbox 1549 3106 1628 3148; x_wconf 86' lang='lat' dir='ltr'>antea</span> <span class='ocrx_word' id='word_1_331' title='bbox 1650 3096 1818 3160; x_wconf 81' lang='lat' dir='ltr'>compellatio</span> <span class='ocrx_word' id='word_1_332' title='bbox 1840 3094 1889 3143; x_wconf 85' lang='lat' dir='ltr'>fiat</span> <span class='ocrx_word' id='word_1_333' title='bbox 1906 3096 1941 3142; x_wconf 76' lang='lat'>25</span> 
     </span>
     <span class='ocr_line' id='line_1_27' title="bbox 241 3201 1888 3269; baseline -0.002 -19"><span class='ocrx_word' id='word_1_334' title='bbox 241 3202 321 3251; x_wconf 89' lang='lat' dir='ltr'>semel</span> <span class='ocrx_word' id='word_1_335' title='bbox 344 3207 371 3251; x_wconf 91' lang='lat' dir='ltr'>et</span> <span class='ocrx_word' id='word_1_336' title='bbox 392 3203 441 3265; x_wconf 92' lang='lat' dir='ltr'>bis,</span> <span class='ocrx_word' id='word_1_337' title='bbox 464 3207 556 3268; x_wconf 85' lang='lat' dir='ltr'>postea</span> <span class='ocrx_word' id='word_1_338' title='bbox 579 3201 635 3252; x_wconf 90' lang='lat' dir='ltr'>fieri</span> <span class='ocrx_word' id='word_1_339' title='bbox 659 3203 753 3253; x_wconf 85' lang='lat' dir='ltr'>debeat</span> <span class='ocrx_word' id='word_1_340' title='bbox 774 3205 939 3269; x_wconf 66' lang='lat' dir='ltr'>pignerando,</span> <span class='ocrx_word' id='word_1_341' title='bbox 961 3219 1021 3253; x_wconf 84' lang='lat' dir='ltr'>nam</span> <span class='ocrx_word' id='word_1_342' title='bbox 1044 3206 1090 3269; x_wconf 91' lang='lat' dir='ltr'>qni</span> <span class='ocrx_word' id='word_1_343' title='bbox 1113 3204 1190 3254; x_wconf 84' lang='lat' dir='ltr'>aliter</span> <span class='ocrx_word' id='word_1_344' title='bbox 1212 3206 1299 3253; x_wconf 80' lang='lat' dir='ltr'>facere</span> <span class='ocrx_word' id='word_1_345' title='bbox 1322 3205 1517 3267; x_wconf 71' lang='lat' dir='ltr'>presumpserit,</span> <span class='ocrx_word' id='word_1_346' title='bbox 1541 3203 1621 3266; x_wconf 89' lang='lat' dir='ltr'>duplo</span> <span class='ocrx_word' id='word_1_347' title='bbox 1645 3208 1793 3264; x_wconf 81' lang='lat' dir='ltr'>componat,</span> <span class='ocrx_word' id='word_1_348' title='bbox 1817 3206 1843 3248; x_wconf 86' lang='lat' dir='ltr'>et</span> <span class='ocrx_word' id='word_1_349' title='bbox 1865 3201 1888 3247; x_wconf 84' lang='lat' dir='ltr'>si</span> 
     </span>
     <span class='ocr_line' id='line_1_28' title="bbox 241 3292 1834 3372; baseline -0.004 -17"><span class='ocrx_word' id='word_1_350' title='bbox 241 3307 362 3356; x_wconf 88' lang='lat' dir='ltr'>nesciens</span> <span class='ocrx_word' id='word_1_351' title='bbox 384 3307 571 3372; x_wconf 76' lang='lat' dir='ltr'>pigneraverit,</span> <span class='ocrx_word' id='word_1_352' title='bbox 595 3307 704 3369; x_wconf 84' lang='lat' dir='ltr'>prebeat</span> <span class='ocrx_word' id='word_1_353' title='bbox 726 3313 920 3356; x_wconf 85' lang='lat' dir='ltr'>sacramentum</span> <span class='ocrx_word' id='word_1_354' title='bbox 942 3312 969 3357; x_wconf 91' lang='lat' dir='ltr'>et</span> <span class='ocrx_word' id='word_1_355' title='bbox 991 3309 1025 3356; x_wconf 85' lang='lat' dir='ltr'>sit</span> <span class='ocrx_word' id='word_1_356' title='bbox 1044 3292 1168 3356; x_wconf 78' lang='lat' dir='ltr'>solutus</span> <span class='ocrx_word' id='word_1_357' title='bbox 1192 3294 1239 3355; x_wconf 81' lang='lat' dir='ltr'>ita</span> <span class='ocrx_word' id='word_1_358' title='bbox 1261 3301 1297 3355; x_wconf 79' lang='lat' dir='ltr'>ut</span> <span class='ocrx_word' id='word_1_359' title='bbox 1321 3309 1405 3370; x_wconf 92' lang='lat' dir='ltr'>ipsnm</span> <span class='ocrx_word' id='word_1_360' title='bbox 1426 3308 1523 3371; x_wconf 84' lang='lat' dir='ltr'>pignus</span> <span class='ocrx_word' id='word_1_361' title='bbox 1545 3306 1646 3355; x_wconf 81' lang='lat' dir='ltr'>salvum</span> <span class='ocrx_word' id='word_1_362' title='bbox 1670 3305 1800 3354; x_wconf 88' lang='lat' dir='ltr'>restituat.</span> <span class='ocrx_word' id='word_1_363' title='bbox 1818 3319 1834 3349; x_wconf 73' lang='lat' dir='ltr'>a</span> 
     </span>
    </p>

    <p class='ocr_par' dir='ltr' id='par_1_9' title="bbox 241 3395 1888 3580">
     <span class='ocr_line' id='line_1_29' title="bbox 344 3395 1888 3480; baseline -0.004 -22"><span class='ocrx_word' id='word_1_364' title='bbox 344 3410 380 3458; x_wconf 80' lang='lat' dir='ltr'>Et</span> <span class='ocrx_word' id='word_1_365' title='bbox 401 3410 451 3460; x_wconf 92' lang='lat' dir='ltr'>hoe</span> <span class='ocrx_word' id='word_1_366' title='bbox 474 3411 547 3459; x_wconf 91' lang='lat' dir='ltr'>stetit</span> <span class='ocrx_word' id='word_1_367' title='bbox 570 3408 602 3459; x_wconf 91' lang='lat' dir='ltr'>de</span> <span class='ocrx_word' id='word_1_368' title='bbox 625 3410 720 3473; x_wconf 88' lang='lat' dir='ltr'>capulo</span> <span class='ocrx_word' id='word_1_369' title='bbox 751 3395 839 3480; x_wconf 80' lang='lat' dir='ltr'>quod</span> <span class='ocrx_word' id='word_1_370' title='bbox 865 3410 1058 3475; x_wconf 86' lang='lat' dir='ltr'>Ripoaltenses,</span> <span class='ocrx_word' id='word_1_371' title='bbox 1087 3410 1263 3471; x_wconf 86' lang='lat' dir='ltr'>Olibolenses,</span> <span class='ocrx_word' id='word_1_372' title='bbox 1293 3410 1505 3470; x_wconf 81' lang='lat' dir='ltr'>Amnrianenses,</span> <span class='ocrx_word' id='word_1_373' title='bbox 1534 3409 1769 3468; x_wconf 85' lang='lat' dir='ltr'>Metamancenses,</span> <span class='ocrx_word' id='word_1_374' title='bbox 1798 3404 1888 3453; x_wconf 86' lang='lat' dir='ltr'>Albio-</span> 
     </span>
     <span class='ocr_line' id='line_1_30' title="bbox 241 3510 1888 3580; baseline -0.003 -19"><span class='ocrx_word' id='word_1_375' title='bbox 241 3512 336 3575; x_wconf 85' lang='lat' dir='ltr'>lenses,</span> <span class='ocrx_word' id='word_1_376' title='bbox 358 3513 548 3574; x_wconf 88' lang='lat' dir='ltr'>Torcellenses,</span> <span class='ocrx_word' id='word_1_377' title='bbox 564 3513 737 3563; x_wconf 82' lang='lat' dir='ltr'>Amianenses</span> <span class='ocrx_word' id='word_1_378' title='bbox 752 3514 871 3563; x_wconf 78' lang='lat' dir='ltr'>lecerunt</span> <span class='ocrx_word' id='word_1_379' title='bbox 886 3531 902 3561; x_wconf 71' lang='lat' dir='ltr'>a</span> <span class='ocrx_word' id='word_1_380' title='bbox 917 3513 996 3563; x_wconf 89' lang='lat' dir='ltr'>hodie</span> <span class='ocrx_word' id='word_1_381' title='bbox 1018 3515 1045 3562; x_wconf 92' lang='lat' dir='ltr'>in</span> <span class='ocrx_word' id='word_1_382' title='bbox 1069 3529 1153 3563; x_wconf 87' lang='lat' dir='ltr'>annos</span> <span class='ocrx_word' id='word_1_383' title='bbox 1175 3516 1297 3580; x_wconf 77' lang='lat' dir='ltr'>triginta:</span> <span class='ocrx_word' id='word_1_384' title='bbox 1321 3515 1366 3562; x_wconf 91' lang='lat' dir='ltr'>ubi</span> <span class='ocrx_word' id='word_1_385' title='bbox 1390 3513 1589 3577; x_wconf 76' lang='lat' dir='ltr'>copulaverunt,</span> <span class='ocrx_word' id='word_1_386' title='bbox 1613 3512 1729 3562; x_wconf 78' lang='lat' dir='ltr'>habeant</span> <span class='ocrx_word' id='word_1_387' title='bbox 1750 3510 1888 3559; x_wconf 80' lang='lat' dir='ltr'>licenciam</span> 
     </span>
    </p>
   </div>
   <div class='ocr_carea' id='block_1_3' title="bbox 241 3599 1941 3682">
    <p class='ocr_par' dir='ltr' id='par_1_10' title="bbox 241 3599 1941 3682">
     <span class='ocr_line' id='line_1_31' title="bbox 241 3599 1941 3682; baseline -0.006 -15"><span class='ocrx_word' id='word_1_388' title='bbox 241 3617 398 3682; x_wconf 76' lang='lat' dir='ltr'>copulandi,</span> <span class='ocrx_word' id='word_1_389' title='bbox 432 3619 501 3667; x_wconf 90' lang='lat' dir='ltr'>sicut</span> <span class='ocrx_word' id='word_1_390' title='bbox 528 3632 575 3681; x_wconf 91' lang='lat' dir='ltr'>per</span> <span class='ocrx_word' id='word_1_391' title='bbox 602 3619 795 3682; x_wconf 83' lang='lat' dir='ltr'>suprascriptos</span> <span class='ocrx_word' id='word_1_392' title='bbox 824 3632 907 3666; x_wconf 78' lang='lat' dir='ltr'>erinos</span> <span class='ocrx_word' id='word_1_393' title='bbox 936 3618 1087 3667; x_wconf 87' lang='lat' dir='ltr'>habuerunt</span> <span class='ocrx_word' id='word_1_394' title='bbox 1109 3618 1327 3667; x_wconf 86' lang='lat' dir='ltr'>consuetudinem</span> <span class='ocrx_word' id='word_1_395' title='bbox 1340 3599 1361 3678; x_wconf 82' lang='lat'>‘¹,</span> <span class='ocrx_word' id='word_1_396' title='bbox 1385 3618 1440 3666; x_wconf 82' lang='lat' dir='ltr'>sive</span> <span class='ocrx_word' id='word_1_397' title='bbox 1463 3632 1510 3680; x_wconf 91' lang='lat' dir='ltr'>per</span> <span class='ocrx_word' id='word_1_398' title='bbox 1531 3617 1641 3665; x_wconf 79' lang='lat' dir='ltr'>flunrims</span> <span class='ocrx_word' id='word_1_399' title='bbox 1663 3616 1719 3664; x_wconf 81' lang='lat' dir='ltr'>sive</span> <span class='ocrx_word' id='word_1_400' title='bbox 1738 3630 1784 3678; x_wconf 89' lang='lat' dir='ltr'>per</span> <span class='ocrx_word' id='word_1_401' title='bbox 1801 3627 1888 3673; x_wconf 73' lang='lat' dir='ltr'>mare,</span> <span class='ocrx_word' id='word_1_402' title='bbox 1906 3610 1941 3658; x_wconf 80' lang='lat'>30</span> 
     </span>
    </p>
   </div>
   <div class='ocr_carea' id='block_1_4' title="bbox 241 3699 1889 4099">
    <p class='ocr_par' dir='ltr' id='par_1_11' title="bbox 241 3699 1888 3892">
     <span class='ocr_line' id='line_1_32' title="bbox 241 3699 1888 3786; baseline -0.004 -16"><span class='ocrx_word' id='word_1_403' title='bbox 241 3726 268 3770; x_wconf 92' lang='lat' dir='ltr'>et</span> <span class='ocrx_word' id='word_1_404' title='bbox 289 3722 400 3770; x_wconf 86' lang='lat' dir='ltr'>flumina</span> <span class='ocrx_word' id='word_1_405' title='bbox 422 3736 473 3785; x_wconf 91' lang='lat' dir='ltr'>que</span> <span class='ocrx_word' id='word_1_406' title='bbox 496 3727 588 3786; x_wconf 84' lang='lat' dir='ltr'>aperta</span> <span class='ocrx_word' id='word_1_407' title='bbox 610 3722 717 3770; x_wconf 78' lang='lat' dir='ltr'>suorum</span> <span class='ocrx_word' id='word_1_408' title='bbox 739 3722 767 3769; x_wconf 92' lang='lat' dir='ltr'>in</span> <span class='ocrx_word' id='word_1_409' title='bbox 790 3719 841 3770; x_wconf 87' lang='lat' dir='ltr'>tine</span> <span class='ocrx_word' id='word_1_410' title='bbox 864 3721 1022 3771; x_wconf 84' lang='lat' dir='ltr'>Taruisiano</span> <span class='ocrx_word' id='word_1_411' title='bbox 1046 3721 1124 3771; x_wconf 93' lang='lat' dir='ltr'>hodie</span> <span class='ocrx_word' id='word_1_412' title='bbox 1154 3721 1187 3770; x_wconf 90' lang='lat' dir='ltr'>ab</span> <span class='ocrx_word' id='word_1_413' title='bbox 1216 3714 1316 3770; x_wconf 82' lang='lat' dir='ltr'>annis⁰</span> <span class='ocrx_word' id='word_1_414' title='bbox 1339 3721 1455 3785; x_wconf 87' lang='lat' dir='ltr'>triginta,</span> <span class='ocrx_word' id='word_1_415' title='bbox 1483 3699 1707 3784; x_wconf 72' lang='lat' dir='ltr'>reapperianmr‘</span> <span class='ocrx_word' id='word_1_416' title='bbox 1733 3724 1790 3786; x_wconf 82' lang='lat' dir='ltr'>per</span> <span class='ocrx_word' id='word_1_417' title='bbox 1812 3723 1888 3765; x_wconf 80' lang='lat' dir='ltr'>con·</span> 
     </span>
     <span class='ocr_line' id='line_1_33' title="bbox 243 3807 786 3892; baseline 0 -21"><span class='ocrx_word' id='word_1_418' title='bbox 243 3807 471 3873; x_wconf 75' lang='lat' dir='ltr'>suetudinem⁸</span> <span class='ocrx_word' id='word_1_419' title='bbox 495 3830 622 3892; x_wconf 88' lang='lat' dir='ltr'>semper</span> <span class='ocrx_word' id='word_1_420' title='bbox 644 3810 786 3872; x_wconf 83' lang='lat' dir='ltr'>inantea.</span> 
     </span>
    </p>

    <p class='ocr_par' dir='ltr' id='par_1_12' title="bbox 246 3922 1889 4099">
     <span class='ocr_line' id='line_1_34' title="bbox 344 3922 1865 3991; baseline -0.005 -16"><span class='ocrx_word' id='word_1_421' title='bbox 344 3925 502 3991; x_wconf 86' lang='lat' dir='ltr'>Equilenses</span> <span class='ocrx_word' id='word_1_422' title='bbox 525 3941 587 3974; x_wconf 84' lang='lat' dir='ltr'>vero</span> <span class='ocrx_word' id='word_1_423' title='bbox 610 3926 735 3989; x_wconf 87' lang='lat' dir='ltr'>capulare</span> <span class='ocrx_word' id='word_1_424' title='bbox 758 3926 872 3976; x_wconf 84' lang='lat' dir='ltr'>debeant</span> <span class='ocrx_word' id='word_1_425' title='bbox 895 3926 927 3975; x_wconf 92' lang='lat' dir='ltr'>de</span> <span class='ocrx_word' id='word_1_426' title='bbox 950 3928 1007 3990; x_wconf 90' lang='lat' dir='ltr'>ripa</span> <span class='ocrx_word' id='word_1_427' title='bbox 1030 3928 1116 3975; x_wconf 81' lang='lat' dir='ltr'>sarrcti</span> <span class='ocrx_word' id='word_1_428' title='bbox 1137 3926 1237 3975; x_wconf 84' lang='lat' dir='ltr'>Zenoni</span> <span class='ocrx_word' id='word_1_429' title='bbox 1260 3941 1344 3989; x_wconf 85' lang='lat' dir='ltr'>usque</span> <span class='ocrx_word' id='word_1_430' title='bbox 1365 3927 1393 3973; x_wconf 93' lang='lat' dir='ltr'>in</span> <span class='ocrx_word' id='word_1_431' title='bbox 1416 3925 1488 3975; x_wconf 82' lang='lat' dir='ltr'>fossa</span> <span class='ocrx_word' id='word_1_432' title='bbox 1511 3924 1668 3974; x_wconf 72' lang='lat' dir='ltr'>bletamanri</span> <span class='ocrx_word' id='word_1_433' title='bbox 1685 3929 1711 3973; x_wconf 88' lang='lat' dir='ltr'>et</span> <span class='ocrx_word' id='word_1_434' title='bbox 1726 3922 1865 3972; x_wconf 87' lang='lat' dir='ltr'>Gentionis</span> 
     </span>
     <span class='ocr_line' id='line_1_35' title="bbox 246 4011 1889 4099; baseline -0.005 -20"><span class='ocrx_word' id='word_1_435' title='bbox 246 4045 349 4079; x_wconf 80' lang='lat' dir='ltr'>omnem</span> <span class='ocrx_word' id='word_1_436' title='bbox 366 4030 486 4079; x_wconf 80' lang='lat' dir='ltr'>arborem</span> <span class='ocrx_word' id='word_1_437' title='bbox 509 4034 573 4098; x_wconf 90' lang='lat' dir='ltr'>quo</span> <span class='ocrx_word' id='word_1_438' title='bbox 590 4035 701 4078; x_wconf 90' lang='lat' dir='ltr'>eorum</span> <span class='ocrx_word' id='word_1_439' title='bbox 718 4036 799 4099; x_wconf 89' lang='lat' dir='ltr'>opus</span> <span class='ocrx_word' id='word_1_440' title='bbox 814 4014 965 4078; x_wconf 86' lang='lat' dir='ltr'>habuerit</span> <span class='ocrx_word' id='word_1_441' title='bbox 980 4013 1155 4099; x_wconf 81' lang='lat' dir='ltr'>copulandi</span> <span class='ocrx_word' id='word_1_442' title='bbox 1178 4035 1205 4079; x_wconf 75' lang='lat' dir='ltr'>ot</span> <span class='ocrx_word' id='word_1_443' title='bbox 1227 4011 1341 4095; x_wconf 68' lang='lat' dir='ltr'>vagorei</span> <span class='ocrx_word' id='word_1_444' title='bbox 1364 4013 1452 4098; x_wconf 89' lang='lat' dir='ltr'>quod</span> <span class='ocrx_word' id='word_1_445' title='bbox 1467 4011 1582 4077; x_wconf 89' lang='lat' dir='ltr'>melius</span> <span class='ocrx_word' id='word_1_446' title='bbox 1598 4012 1740 4098; x_wconf 89' lang='lat' dir='ltr'>potuerit</span> <span class='ocrx_word' id='word_1_447' title='bbox 1762 4032 1788 4075; x_wconf 77' lang='lat' dir='ltr'>et</span> <span class='ocrx_word' id='word_1_448' title='bbox 1809 4025 1889 4074; x_wconf 80' lang='lat' dir='ltr'>lieen-</span> 
     </span>
    </p>
   </div>
   <div class='ocr_carea' id='block_1_5' title="bbox 243 4115 1942 4198">
    <p class='ocr_par' dir='ltr' id='par_1_13' title="bbox 243 4115 1942 4198">
     <span class='ocr_line' id='line_1_36' title="bbox 243 4115 1942 4198; baseline -0.001 -16"><span class='ocrx_word' id='word_1_449' title='bbox 243 4135 307 4183; x_wconf 85' lang='lat' dir='ltr'>tiam</span> <span class='ocrx_word' id='word_1_450' title='bbox 330 4133 428 4183; x_wconf 83' lang='lat' dir='ltr'>habeat</span> <span class='ocrx_word' id='word_1_451' title='bbox 450 4131 556 4197; x_wconf 86' lang='lat' dir='ltr'>peculia</span> <span class='ocrx_word' id='word_1_452' title='bbox 577 4115 691 4183; x_wconf 61' lang='lat' dir='ltr'>vestrak</span> <span class='ocrx_word' id='word_1_453' title='bbox 713 4135 741 4182; x_wconf 89' lang='lat' dir='ltr'>in</span> <span class='ocrx_word' id='word_1_454' title='bbox 763 4134 835 4198; x_wconf 89' lang='lat' dir='ltr'>ipsas</span> <span class='ocrx_word' id='word_1_455' title='bbox 857 4133 923 4184; x_wconf 87' lang='lat' dir='ltr'>fines</span> <span class='ocrx_word' id='word_1_456' title='bbox 945 4149 1051 4198; x_wconf 84' lang='lat' dir='ltr'>passere</span> <span class='ocrx_word' id='word_1_457' title='bbox 1075 4139 1101 4183; x_wconf 90' lang='lat' dir='ltr'>et</span> <span class='ocrx_word' id='word_1_458' title='bbox 1122 4133 1250 4197; x_wconf 87' lang='lat' dir='ltr'>pabulare</span> <span class='ocrx_word' id='word_1_459' title='bbox 1273 4150 1333 4183; x_wconf 91' lang='lat' dir='ltr'>cum</span> <span class='ocrx_word' id='word_1_460' title='bbox 1355 4134 1504 4184; x_wconf 87' lang='lat' dir='ltr'>securitate.</span> <span class='ocrx_word' id='word_1_461' title='bbox 1908 4133 1942 4181; x_wconf 77' lang='grc'>35</span> 
     </span>
    </p>
   </div>
   <div class='ocr_carea' id='block_1_6' title="bbox 1875 3901 1889 3941">
    <p class='ocr_par' dir='ltr' id='par_1_14' title="bbox 1875 3901 1889 3941">
     <span class='ocr_line' id='line_1_37' title="bbox 1875 3901 1889 3941; baseline 0 0"><span class='ocrx_word' id='word_1_462' title='bbox 1875 3901 1889 3941; x_wconf 92' lang='lat' dir='ltr'>h</span> 
     </span>
    </p>
   </div>
   <div class='ocr_carea' id='block_1_7' title="bbox 328 4247 1944 5771">
    <p class='ocr_par' dir='ltr' id='par_1_15' title="bbox 328 4247 1944 5771">
     <span class='ocr_line' id='line_1_38' title="bbox 328 4247 1895 4322; baseline -0.003 -17"><span class='ocrx_word' id='word_1_463' title='bbox 328 4253 386 4307; x_wconf 75' lang='grc'>3511.</span> <span class='ocrx_word' id='word_1_464' title='bbox 415 4258 439 4315; x_wconf 90' lang='lat' dir='ltr'>e)</span> <span class='ocrx_word' id='word_1_465' title='bbox 452 4254 520 4304; x_wconf 89' lang='lat' dir='ltr'>utB</span> <span class='ocrx_word' id='word_1_466' title='bbox 572 4255 593 4314; x_wconf 84' lang='lat' dir='ltr'>f)</span> <span class='ocrx_word' id='word_1_467' title='bbox 606 4257 688 4305; x_wconf 91' lang='lat' dir='ltr'>nostri</span> <span class='ocrx_word' id='word_1_468' title='bbox 700 4256 820 4305; x_wconf 89' lang='lat' dir='ltr'>homines</span> <span class='ocrx_word' id='word_1_469' title='bbox 834 4259 934 4317; x_wconf 89' lang='lat' dir='ltr'>(omnes</span> <span class='ocrx_word' id='word_1_470' title='bbox 947 4255 985 4322; x_wconf 90' lang='lat' dir='ltr'>D)</span> <span class='ocrx_word' id='word_1_471' title='bbox 996 4272 1043 4320; x_wconf 90' lang='lat' dir='ltr'>per</span> <span class='ocrx_word' id='word_1_472' title='bbox 1054 4262 1154 4305; x_wconf 80' lang='lat' dir='ltr'>vestras</span> <span class='ocrx_word' id='word_1_473' title='bbox 1168 4272 1250 4321; x_wconf 78' lang='lat' dir='ltr'>aquas</span> <span class='ocrx_word' id='word_1_474' title='bbox 1263 4255 1385 4319; x_wconf 79' lang='lat' dir='ltr'>(vestram</span> <span class='ocrx_word' id='word_1_475' title='bbox 1399 4273 1493 4322; x_wconf 84' lang='lat' dir='ltr'>aquam</span> <span class='ocrx_word' id='word_1_476' title='bbox 1507 4256 1545 4315; x_wconf 86' lang='lat' dir='ltr'>D)</span> <span class='ocrx_word' id='word_1_477' title='bbox 1558 4259 1672 4321; x_wconf 89' lang='lat' dir='ltr'>itemquo</span> <span class='ocrx_word' id='word_1_478' title='bbox 1684 4252 1732 4304; x_wconf 80' lang='lat'>01)</span> <span class='ocrx_word' id='word_1_479' title='bbox 1783 4252 1811 4317; x_wconf 81' lang='lat' dir='ltr'>g)</span> <span class='ocrx_word' id='word_1_480' title='bbox 1831 4247 1895 4300; x_wconf 76' lang='lat' dir='ltr'>eto</span> 
     </span>
     <span class='ocr_line' id='line_1_39' title="bbox 413 4320 1891 4391; baseline -0.004 -19"><span class='ocrx_word' id='word_1_481' title='bbox 413 4324 440 4386; x_wconf 88' lang='lat' dir='ltr'>h)</span> <span class='ocrx_word' id='word_1_482' title='bbox 457 4324 587 4388; x_wconf 87' lang='lat' dir='ltr'>pistolarii</span> <span class='ocrx_word' id='word_1_483' title='bbox 605 4324 632 4374; x_wconf 90' lang='lat' dir='ltr'><em>B</em></span> <span class='ocrx_word' id='word_1_484' title='bbox 718 4326 737 4388; x_wconf 89' lang='lat' dir='ltr'>i)</span> <span class='ocrx_word' id='word_1_485' title='bbox 759 4323 785 4385; x_wconf 85' lang='lat'>0,</span> <span class='ocrx_word' id='word_1_486' title='bbox 811 4331 837 4374; x_wconf 91' lang='lat' dir='ltr'>et</span> <span class='ocrx_word' id='word_1_487' title='bbox 860 4333 1001 4390; x_wconf 81' lang='lat' dir='ltr'>componat</span> <span class='ocrx_word' id='word_1_488' title='bbox 1025 4327 1049 4375; x_wconf 92' lang='lat' dir='ltr'>ei</span> <span class='ocrx_word' id='word_1_489' title='bbox 1072 4325 1120 4373; x_wconf 88' lang='lat' dir='ltr'>sol.</span> <span class='ocrx_word' id='word_1_490' title='bbox 1147 4331 1278 4375; x_wconf 89' lang='lat' dir='ltr'>trecentos</span> <span class='ocrx_word' id='word_1_491' title='bbox 1303 4333 1329 4375; x_wconf 90' lang='lat' dir='ltr'>et</span> <span class='ocrx_word' id='word_1_492' title='bbox 1353 4328 1375 4375; x_wconf 92' lang='lat' dir='ltr'>si</span> <span class='ocrx_word' id='word_1_493' title='bbox 1393 4327 1463 4391; x_wconf 88' lang='lat' dir='ltr'>quod</span> <span class='ocrx_word' id='word_1_494' title='bbox 1482 4325 1552 4375; x_wconf 92' lang='lat' dir='ltr'>absit</span> <span class='ocrx_word' id='word_1_495' title='bbox 1570 4328 1673 4375; x_wconf 87' lang='lat' dir='ltr'>occisus</span> <span class='ocrx_word' id='word_1_496' title='bbox 1691 4324 1769 4372; x_wconf 84' lang='lat' dir='ltr'>suerit</span> <span class='ocrx_word' id='word_1_497' title='bbox 1787 4320 1891 4383; x_wconf 89' lang='lat' dir='ltr'>—ipsi</span> 
     </span>
     <span class='ocr_line' id='line_1_40' title="bbox 370 4386 1891 4458; baseline -0.003 -17"><span class='ocrx_word' id='word_1_498' title='bbox 370 4440 375 4450; x_wconf 83' lang='grc'><em>,</em></span> <span class='ocrx_word' id='word_1_499' title='bbox 414 4393 462 4441; x_wconf 90' lang='lat' dir='ltr'>sol.</span> <span class='ocrx_word' id='word_1_500' title='bbox 476 4391 532 4441; x_wconf 91' lang='lat' dir='ltr'>BD</span> <span class='ocrx_word' id='word_1_501' title='bbox 617 4390 853 4457; x_wconf 78' lang='lat' dir='ltr'>k)B=1)0.n.‚</span> <span class='ocrx_word' id='word_1_502' title='bbox 873 4410 967 4443; x_wconf 85' lang='lat' dir='ltr'>causas</span> <span class='ocrx_word' id='word_1_503' title='bbox 985 4392 1147 4444; x_wconf 82' lang='lat' dir='ltr'><strong><em>0D=VU.</em></strong></span> <span class='ocrx_word' id='word_1_504' title='bbox 1233 4395 1252 4457; x_wconf 93' lang='grc'>1)</span> <span class='ocrx_word' id='word_1_505' title='bbox 1272 4393 1435 4444; x_wconf 71' lang='lat' dir='ltr'>012=Vo¹</span> <span class='ocrx_word' id='word_1_506' title='bbox 1453 4404 1488 4456; x_wconf 79' lang='lat'>11,</span> <span class='ocrx_word' id='word_1_507' title='bbox 1508 4396 1549 4444; x_wconf 92' lang='lat' dir='ltr'>bis</span> <span class='ocrx_word' id='word_1_508' title='bbox 1568 4394 1680 4458; x_wconf 85' lang='lat' dir='ltr'>epistola</span> <span class='ocrx_word' id='word_1_509' title='bbox 1698 4408 1745 4442; x_wconf 89' lang='lat' dir='ltr'>sno</span> <span class='ocrx_word' id='word_1_510' title='bbox 1765 4390 1846 4439; x_wconf 92' lang='lat' dir='ltr'>iudici</span> <span class='ocrx_word' id='word_1_511' title='bbox 1865 4386 1891 4435; x_wconf 99' lang='grc' dir='ltr'><em>Β</em></span> 
     </span>
     <span class='ocr_line' id='line_1_41' title="bbox 414 4457 1890 4530; baseline 0.004 -21"><span class='ocrx_word' id='word_1_512' title='bbox 414 4461 451 4524; x_wconf 93' lang='grc' dir='ltr'>ιιι)</span> <span class='ocrx_word' id='word_1_513' title='bbox 471 4460 543 4509; x_wconf 89' lang='lat' dir='ltr'>D=</span> <span class='ocrx_word' id='word_1_514' title='bbox 557 4460 611 4510; x_wconf 88' lang='lat' dir='ltr'>VU.</span> <span class='ocrx_word' id='word_1_515' title='bbox 629 4461 684 4510; x_wconf 80' lang='lat' dir='ltr'>ond</span> <span class='ocrx_word' id='word_1_516' title='bbox 702 4460 762 4512; x_wconf 87' lang='lat' dir='ltr'>Do.</span> <span class='ocrx_word' id='word_1_517' title='bbox 774 4471 814 4521; x_wconf 77' lang='lat'>11,</span> <span class='ocrx_word' id='word_1_518' title='bbox 833 4463 953 4512; x_wconf 86' lang='lat' dir='ltr'>ordinato</span> <span class='ocrx_word' id='word_1_519' title='bbox 967 4462 1019 4513; x_wconf 82' lang='lat' dir='ltr'>Bo</span> <span class='ocrx_word' id='word_1_520' title='bbox 1084 4463 1112 4530; x_wconf 93' lang='grc' dir='ltr'>ιι)</span> <span class='ocrx_word' id='word_1_521' title='bbox 1128 4462 1182 4514; x_wconf 86' lang='lat' dir='ltr'>VU.</span> <span class='ocrx_word' id='word_1_522' title='bbox 1202 4463 1257 4512; x_wconf 78' lang='lat' dir='ltr'>aad</span> <span class='ocrx_word' id='word_1_523' title='bbox 1275 4462 1335 4514; x_wconf 83' lang='grc' dir='ltr'>ΒΟ.</span> <span class='ocrx_word' id='word_1_524' title='bbox 1348 4472 1388 4521; x_wconf 78' lang='lat' dir='ltr'>m,</span> <span class='ocrx_word' id='word_1_525' title='bbox 1407 4465 1486 4528; x_wconf 79' lang='lat' dir='ltr'>legati</span> <span class='ocrx_word' id='word_1_526' title='bbox 1500 4463 1579 4513; x_wconf 78' lang='lat'><em>1301)</em></span> <span class='ocrx_word' id='word_1_527' title='bbox 1648 4464 1674 4527; x_wconf 90' lang='grc' dir='ltr'>ο)</span> <span class='ocrx_word' id='word_1_528' title='bbox 1688 4460 1760 4510; x_wconf 87' lang='lat' dir='ltr'>D:</span> <span class='ocrx_word' id='word_1_529' title='bbox 1773 4457 1833 4508; x_wconf 86' lang='lat' dir='ltr'>Do.</span> <span class='ocrx_word' id='word_1_530' title='bbox 1851 4465 1890 4515; x_wconf 72' lang='lat' dir='ltr'>llo</span> 
     </span>
     <span class='ocr_line' id='line_1_42' title="bbox 413 4525 1942 4664; baseline 0.001 -17"><span class='ocrx_word' id='word_1_531' title='bbox 413 4545 637 4648; x_wconf 51' lang='lat' dir='ltr'>libilqffiil?</span> <span class='ocrx_word' id='word_1_532' title='bbox 648 4530 894 4649; x_wconf 43' lang='lat' dir='ltr'>ababa</span> <span class='ocrx_word' id='word_1_533' title='bbox 916 4547 1290 4663; x_wconf 51' lang='lat' dir='ltr'>una131q3appqpqpqn</span> <span class='ocrx_word' id='word_1_534' title='bbox 1312 4530 1670 4664; x_wconf 49' lang='lat' dir='ltr'>ilai‘thihl&#39;iiikm</span> <span class='ocrx_word' id='word_1_535' title='bbox 1693 4525 1891 4663; x_wconf 40' lang='lat' dir='ltr'>altatis</span> <span class='ocrx_word' id='word_1_536' title='bbox 1908 4526 1942 4573; x_wconf 71' lang='lat'>‘²⁰</span> 
     </span>
     <span class='ocr_line' id='line_1_43' title="bbox 416 4617 1890 4734; baseline -0.002 -18"><span class='ocrx_word' id='word_1_537' title='bbox 416 4670 487 4717; x_wconf 93' lang='lat' dir='ltr'>tione</span> <span class='ocrx_word' id='word_1_538' title='bbox 511 4667 537 4716; x_wconf 94' lang='grc' dir='ltr'><em>Β</em></span> <span class='ocrx_word' id='word_1_539' title='bbox 624 4667 646 4733; x_wconf 85' lang='grc' dir='ltr'>ι)</span> <span class='ocrx_word' id='word_1_540' title='bbox 666 4667 738 4717; x_wconf 89' lang='lat' dir='ltr'>D:</span> <span class='ocrx_word' id='word_1_541' title='bbox 753 4667 823 4728; x_wconf 73' lang='lat' dir='ltr'>Va,</span> <span class='ocrx_word' id='word_1_542' title='bbox 851 4617 1026 4718; x_wconf 71' lang='lat' dir='ltr'>volueritpsic</span> <span class='ocrx_word' id='word_1_543' title='bbox 1048 4639 1113 4719; x_wconf 79' lang='lat' dir='ltr'>fianl</span> <span class='ocrx_word' id='word_1_544' title='bbox 1131 4618 1315 4731; x_wconf 58' lang='lat' dir='ltr'>aboluerint</span> <span class='ocrx_word' id='word_1_545' title='bbox 1332 4671 1371 4718; x_wconf 90' lang='lat' dir='ltr'>sic</span> <span class='ocrx_word' id='word_1_546' title='bbox 1389 4668 1497 4719; x_wconf 82' lang='lat' dir='ltr'>liantO</span> <span class='ocrx_word' id='word_1_547' title='bbox 1523 4620 1531 4665; x_wconf 56' lang='lat' dir='ltr'>l</span> <span class='ocrx_word' id='word_1_548' title='bbox 1579 4670 1602 4732; x_wconf 86' lang='lat' dir='ltr'>s)</span> <span class='ocrx_word' id='word_1_549' title='bbox 1621 4671 1671 4734; x_wconf 90' lang='lat' dir='ltr'>ipsi</span> <span class='ocrx_word' id='word_1_550' title='bbox 1690 4668 1716 4717; x_wconf 98' lang='grc' dir='ltr'><em>Β</em></span> <span class='ocrx_word' id='word_1_551' title='bbox 1801 4672 1822 4724; x_wconf 86' lang='grc' dir='ltr'>ι)</span> <span class='ocrx_word' id='word_1_552' title='bbox 1841 4670 1890 4713; x_wconf 90' lang='lat' dir='ltr'>tre·</span> 
     </span>
     <span class='ocr_line' id='line_1_44' title="bbox 415 4732 1890 4804; baseline -0.001 -20"><span class='ocrx_word' id='word_1_553' title='bbox 415 4738 484 4785; x_wconf 89' lang='lat' dir='ltr'>conti</span> <span class='ocrx_word' id='word_1_554' title='bbox 503 4736 529 4785; x_wconf 91' lang='lat' dir='ltr'><em>B</em></span> <span class='ocrx_word' id='word_1_555' title='bbox 615 4736 645 4801; x_wconf 89' lang='lat' dir='ltr'>u)</span> <span class='ocrx_word' id='word_1_556' title='bbox 663 4737 756 4802; x_wconf 82' lang='lat' dir='ltr'>plagas</span> <span class='ocrx_word' id='word_1_557' title='bbox 774 4736 801 4786; x_wconf 89' lang='lat' dir='ltr'><em>B</em></span> <span class='ocrx_word' id='word_1_558' title='bbox 889 4738 916 4801; x_wconf 87' lang='lat' dir='ltr'>v)</span> <span class='ocrx_word' id='word_1_559' title='bbox 934 4735 983 4788; x_wconf 82' lang='lat'>01)</span> <span class='ocrx_word' id='word_1_560' title='bbox 994 4757 1028 4782; x_wconf 98' lang='lat'><strong><em>=</em></strong></span> <span class='ocrx_word' id='word_1_561' title='bbox 1042 4737 1104 4801; x_wconf 80' lang='lat' dir='ltr'>VU,</span> <span class='ocrx_word' id='word_1_562' title='bbox 1123 4741 1282 4804; x_wconf 83' lang='lat' dir='ltr'>suscipiatur</span> <span class='ocrx_word' id='word_1_563' title='bbox 1299 4737 1325 4786; x_wconf 91' lang='lat' dir='ltr'><strong><em>B</em></strong></span> <span class='ocrx_word' id='word_1_564' title='bbox 1411 4737 1445 4804; x_wconf 82' lang='lat' dir='ltr'>w)</span> <span class='ocrx_word' id='word_1_565' title='bbox 1459 4736 1507 4787; x_wconf 78' lang='lat'>01)</span> <span class='ocrx_word' id='word_1_566' title='bbox 1520 4758 1551 4781; x_wconf 92' lang='lat'><strong><em>=</em></strong></span> <span class='ocrx_word' id='word_1_567' title='bbox 1566 4736 1629 4797; x_wconf 76' lang='lat' dir='ltr'>VU,</span> <span class='ocrx_word' id='word_1_568' title='bbox 1654 4741 1846 4787; x_wconf 84' lang='lat' dir='ltr'>sacramentum</span> <span class='ocrx_word' id='word_1_569' title='bbox 1864 4732 1890 4779; x_wconf 91' lang='lat' dir='ltr'><em>B</em></span> 
     </span>
     <span class='ocr_line' id='line_1_45' title="bbox 414 4799 1892 4872; baseline -0.002 -19"><span class='ocrx_word' id='word_1_570' title='bbox 414 4806 441 4868; x_wconf 84' lang='lat' dir='ltr'>x)</span> <span class='ocrx_word' id='word_1_571' title='bbox 458 4807 548 4870; x_wconf 84' lang='lat' dir='ltr'>quanti</span> <span class='ocrx_word' id='word_1_572' title='bbox 573 4805 599 4854; x_wconf 92' lang='grc' dir='ltr'><em>Β</em></span> <span class='ocrx_word' id='word_1_573' title='bbox 702 4806 729 4870; x_wconf 90' lang='lat' dir='ltr'>y)</span> <span class='ocrx_word' id='word_1_574' title='bbox 746 4805 843 4856; x_wconf 84' lang='lat' dir='ltr'>fuerint</span> <span class='ocrx_word' id='word_1_575' title='bbox 865 4806 892 4855; x_wconf 92' lang='lat' dir='ltr'><em>B</em></span> <span class='ocrx_word' id='word_1_576' title='bbox 996 4808 1019 4869; x_wconf 82' lang='lat' dir='ltr'>n)</span> <span class='ocrx_word' id='word_1_577' title='bbox 1038 4807 1072 4869; x_wconf 88' lang='lat' dir='ltr'>D,</span> <span class='ocrx_word' id='word_1_578' title='bbox 1100 4823 1146 4872; x_wconf 91' lang='lat' dir='ltr'>per</span> <span class='ocrx_word' id='word_1_579' title='bbox 1164 4824 1193 4857; x_wconf 91' lang='lat' dir='ltr'>se</span> <span class='ocrx_word' id='word_1_580' title='bbox 1211 4808 1269 4857; x_wconf 87' lang='lat' dir='ltr'>sola</span> <span class='ocrx_word' id='word_1_581' title='bbox 1292 4805 1326 4866; x_wconf 94' lang='grc' dir='ltr'>Β,</span> <span class='ocrx_word' id='word_1_582' title='bbox 1354 4822 1400 4871; x_wconf 90' lang='lat' dir='ltr'>pro</span> <span class='ocrx_word' id='word_1_583' title='bbox 1424 4807 1483 4857; x_wconf 86' lang='lat' dir='ltr'>sola</span> <span class='ocrx_word' id='word_1_584' title='bbox 1503 4804 1526 4855; x_wconf 82' lang='lat'><em>0</em></span> <span class='ocrx_word' id='word_1_585' title='bbox 1625 4808 1651 4863; x_wconf 82' lang='lat' dir='ltr'>a)</span> <span class='ocrx_word' id='word_1_586' title='bbox 1669 4805 1739 4868; x_wconf 75' lang='lat' dir='ltr'>fehlt</span> <span class='ocrx_word' id='word_1_587' title='bbox 1764 4807 1792 4852; x_wconf 82' lang='lat' dir='ltr'>in</span> <span class='ocrx_word' id='word_1_588' title='bbox 1815 4799 1892 4852; x_wconf 77' lang='lat'><em>1301)</em></span> 
     </span>
     <span class='ocr_line' id='line_1_46' title="bbox 415 4872 1944 4940; baseline 0.001 -17"><span class='ocrx_word' id='word_1_589' title='bbox 415 4874 444 4937; x_wconf 92' lang='lat' dir='ltr'>b)</span> <span class='ocrx_word' id='word_1_590' title='bbox 463 4890 514 4938; x_wconf 92' lang='lat' dir='ltr'>que</span> <span class='ocrx_word' id='word_1_591' title='bbox 525 4872 595 4934; x_wconf 78' lang='lat' dir='ltr'>seltlt</span> <span class='ocrx_word' id='word_1_592' title='bbox 612 4875 641 4923; x_wconf 80' lang='lat' dir='ltr'>ia</span> <span class='ocrx_word' id='word_1_593' title='bbox 658 4874 691 4935; x_wconf 93' lang='grc' dir='ltr'>Β,</span> <span class='ocrx_word' id='word_1_594' title='bbox 711 4878 813 4939; x_wconf 68' lang='lat' dir='ltr'>orphet</span> <span class='ocrx_word' id='word_1_595' title='bbox 829 4874 897 4925; x_wconf 74' lang='lat' dir='ltr'>nach</span> <span class='ocrx_word' id='word_1_596' title='bbox 914 4874 977 4940; x_wconf 69' lang='lat' dir='ltr'>VU,</span> <span class='ocrx_word' id='word_1_597' title='bbox 996 4883 1145 4926; x_wconf 84' lang='lat' dir='ltr'>sanctarum</span> <span class='ocrx_word' id='word_1_598' title='bbox 1164 4877 1334 4926; x_wconf 84' lang='lat' dir='ltr'>ecclesiarum</span> <span class='ocrx_word' id='word_1_599' title='bbox 1350 4873 1398 4925; x_wconf 83' lang='lat' dir='ltr'>OD</span> <span class='ocrx_word' id='word_1_600' title='bbox 1495 4877 1520 4936; x_wconf 87' lang='lat' dir='ltr'>e)</span> <span class='ocrx_word' id='word_1_601' title='bbox 1541 4874 1613 4923; x_wconf 88' lang='lat' dir='ltr'>D=</span> <span class='ocrx_word' id='word_1_602' title='bbox 1631 4874 1694 4931; x_wconf 64' lang='lat' dir='ltr'>VU„</span> <span class='ocrx_word' id='word_1_603' title='bbox 1712 4890 1788 4923; x_wconf 89' lang='lat' dir='ltr'>sunm</span> <span class='ocrx_word' id='word_1_604' title='bbox 1807 4886 1890 4922; x_wconf 87' lang='lat' dir='ltr'>sacer·</span> <span class='ocrx_word' id='word_1_605' title='bbox 1909 4877 1944 4924; x_wconf 75' lang='lat'>45</span> 
     </span>
     <span class='ocr_line' id='line_1_47' title="bbox 416 4940 1890 5010; baseline -0.003 -18"><span class='ocrx_word' id='word_1_606' title='bbox 416 4944 522 4992; x_wconf 91' lang='lat' dir='ltr'>dotibus</span> <span class='ocrx_word' id='word_1_607' title='bbox 535 4942 569 5003; x_wconf 92' lang='grc' dir='ltr'>Β,</span> <span class='ocrx_word' id='word_1_608' title='bbox 588 4944 611 4992; x_wconf 91' lang='lat' dir='ltr'>si</span> <span class='ocrx_word' id='word_1_609' title='bbox 624 4946 652 4992; x_wconf 93' lang='lat' dir='ltr'>in</span> <span class='ocrx_word' id='word_1_610' title='bbox 664 4944 846 4995; x_wconf 83' lang='lat' dir='ltr'>sacerdotibus</span> <span class='ocrx_word' id='word_1_611' title='bbox 861 4942 885 4994; x_wconf 81' lang='lat'><strong><em>0</em></strong></span> <span class='ocrx_word' id='word_1_612' title='bbox 967 4946 993 5007; x_wconf 91' lang='lat' dir='ltr'>d)</span> <span class='ocrx_word' id='word_1_613' title='bbox 1011 4945 1124 4994; x_wconf 83' lang='lat' dir='ltr'>licencia</span> <span class='ocrx_word' id='word_1_614' title='bbox 1143 4944 1292 5010; x_wconf 72' lang='lat' dir='ltr'>copulando</span> <span class='ocrx_word' id='word_1_615' title='bbox 1311 4945 1333 4993; x_wconf 93' lang='lat' dir='ltr'>si</span> <span class='ocrx_word' id='word_1_616' title='bbox 1351 4960 1398 5008; x_wconf 86' lang='lat' dir='ltr'>per</span> <span class='ocrx_word' id='word_1_617' title='bbox 1409 4972 1442 4979; x_wconf 97' lang='lat'>—</span> <span class='ocrx_word' id='word_1_618' title='bbox 1456 4944 1646 4993; x_wconf 86' lang='lat' dir='ltr'>consuetudine</span> <span class='ocrx_word' id='word_1_619' title='bbox 1660 4943 1686 4992; x_wconf 98' lang='grc' dir='ltr'><em>Β</em></span> <span class='ocrx_word' id='word_1_620' title='bbox 1772 4944 1795 5004; x_wconf 90' lang='lat' dir='ltr'>e)</span> <span class='ocrx_word' id='word_1_621' title='bbox 1810 4940 1837 5003; x_wconf 82' lang='lat'>0,</span> <span class='ocrx_word' id='word_1_622' title='bbox 1857 4940 1890 4989; x_wconf 86' lang='lat' dir='ltr'>ab</span> 
     </span>
     <span class='ocr_line' id='line_1_48' title="bbox 417 5011 1891 5080; baseline -0.003 -19"><span class='ocrx_word' id='word_1_623' title='bbox 417 5028 500 5062; x_wconf 73' lang='lat' dir='ltr'>anulos</span> <span class='ocrx_word' id='word_1_624' title='bbox 519 5011 552 5073; x_wconf 91' lang='grc' dir='ltr'>Β,</span> <span class='ocrx_word' id='word_1_625' title='bbox 577 5012 611 5061; x_wconf 87' lang='lat' dir='ltr'>ad</span> <span class='ocrx_word' id='word_1_626' title='bbox 629 5028 713 5062; x_wconf 80' lang='lat' dir='ltr'>annos</span> <span class='ocrx_word' id='word_1_627' title='bbox 732 5012 761 5062; x_wconf 91' lang='lat' dir='ltr'><em>D</em></span> <span class='ocrx_word' id='word_1_628' title='bbox 858 5012 929 5077; x_wconf 84' lang='grc' dir='ltr'>ι’)Β,</span> <span class='ocrx_word' id='word_1_629' title='bbox 947 5015 1110 5079; x_wconf 87' lang='lat' dir='ltr'>reperiantur</span> <span class='ocrx_word' id='word_1_630' title='bbox 1132 5011 1180 5063; x_wconf 80' lang='lat'>01&gt;</span> <span class='ocrx_word' id='word_1_631' title='bbox 1281 5013 1309 5080; x_wconf 81' lang='lat' dir='ltr'>g)</span> <span class='ocrx_word' id='word_1_632' title='bbox 1326 5012 1489 5062; x_wconf 89' lang='lat' dir='ltr'>consuetudo</span> <span class='ocrx_word' id='word_1_633' title='bbox 1508 5012 1534 5061; x_wconf 92' lang='grc' dir='ltr'><em>Β</em></span> <span class='ocrx_word' id='word_1_634' title='bbox 1638 5012 1664 5075; x_wconf 89' lang='lat' dir='ltr'>h)</span> <span class='ocrx_word' id='word_1_635' title='bbox 1682 5011 1744 5072; x_wconf 74' lang='lat' dir='ltr'>VU,</span> <span class='ocrx_word' id='word_1_636' title='bbox 1763 5011 1891 5061; x_wconf 85' lang='lat' dir='ltr'>Medauro</span> 
     </span>
     <span class='ocr_line' id='line_1_49' title="bbox 415 5080 1892 5147; baseline -0.003 -17"><span class='ocrx_word' id='word_1_637' title='bbox 415 5082 590 5147; x_wconf 80' lang='lat' dir='ltr'>Egeritionem</span> <span class='ocrx_word' id='word_1_638' title='bbox 609 5080 648 5141; x_wconf 91' lang='grc' dir='ltr'>Β,</span> <span class='ocrx_word' id='word_1_639' title='bbox 677 5082 709 5131; x_wconf 91' lang='lat' dir='ltr'>de</span> <span class='ocrx_word' id='word_1_640' title='bbox 734 5083 897 5131; x_wconf 86' lang='lat' dir='ltr'>hletamauro</span> <span class='ocrx_word' id='word_1_641' title='bbox 915 5083 1064 5145; x_wconf 84' lang='lat' dir='ltr'>Egentione</span> <span class='ocrx_word' id='word_1_642' title='bbox 1079 5082 1128 5133; x_wconf 83' lang='lat' dir='ltr'>OD</span> <span class='ocrx_word' id='word_1_643' title='bbox 1219 5084 1237 5145; x_wconf 89' lang='lat' dir='ltr'>i)</span> <span class='ocrx_word' id='word_1_644' title='bbox 1255 5088 1282 5131; x_wconf 90' lang='lat' dir='ltr'>et</span> <span class='ocrx_word' id='word_1_645' title='bbox 1299 5097 1393 5147; x_wconf 72' lang='lat' dir='ltr'>regere</span> <span class='ocrx_word' id='word_1_646' title='bbox 1412 5081 1483 5146; x_wconf 90' lang='lat' dir='ltr'>quod</span> <span class='ocrx_word' id='word_1_647' title='bbox 1502 5081 1595 5131; x_wconf 89' lang='lat' dir='ltr'>molius</span> <span class='ocrx_word' id='word_1_648' title='bbox 1613 5084 1728 5146; x_wconf 88' lang='lat' dir='ltr'>potuerit</span> <span class='ocrx_word' id='word_1_649' title='bbox 1745 5086 1774 5129; x_wconf 92' lang='lat' dir='ltr'>nt</span> <span class='ocrx_word' id='word_1_650' title='bbox 1792 5087 1892 5129; x_wconf 86' lang='lat' dir='ltr'>rectum</span> 
     </span>
     <span class='ocr_line' id='line_1_50' title="bbox 417 5149 1889 5215; baseline -0.002 -16"><span class='ocrx_word' id='word_1_651' title='bbox 417 5158 458 5199; x_wconf 82' lang='lat' dir='ltr'>est</span> <span class='ocrx_word' id='word_1_652' title='bbox 480 5152 539 5199; x_wconf 92' lang='lat' dir='ltr'>usui</span> <span class='ocrx_word' id='word_1_653' title='bbox 564 5149 768 5214; x_wconf 88' lang='lat' dir='ltr'>persolvendum</span> <span class='ocrx_word' id='word_1_654' title='bbox 792 5156 818 5200; x_wconf 88' lang='lat' dir='ltr'>ct</span> <span class='ocrx_word' id='word_1_655' title='bbox 841 5151 973 5200; x_wconf 87' lang='lat' dir='ltr'>licentiam</span> <span class='ocrx_word' id='word_1_656' title='bbox 992 5152 1109 5202; x_wconf 80' lang='lat' dir='ltr'>habeant</span> <span class='ocrx_word' id='word_1_657' title='bbox 1131 5151 1236 5215; x_wconf 79' lang='lat' dir='ltr'>peculia</span> <span class='ocrx_word' id='word_1_658' title='bbox 1254 5157 1345 5200; x_wconf 83' lang='lat' dir='ltr'>nostra</span> <span class='ocrx_word' id='word_1_659' title='bbox 1363 5151 1390 5198; x_wconf 93' lang='lat' dir='ltr'>in</span> <span class='ocrx_word' id='word_1_660' title='bbox 1408 5152 1478 5215; x_wconf 84' lang='lat' dir='ltr'>ipsas</span> <span class='ocrx_word' id='word_1_661' title='bbox 1497 5150 1562 5199; x_wconf 81' lang='lat' dir='ltr'>lines</span> <span class='ocrx_word' id='word_1_662' title='bbox 1582 5166 1691 5214; x_wconf 86' lang='lat' dir='ltr'>pascere</span> <span class='ocrx_word' id='word_1_663' title='bbox 1709 5156 1735 5199; x_wconf 89' lang='lat' dir='ltr'>et</span> <span class='ocrx_word' id='word_1_664' title='bbox 1753 5150 1889 5214; x_wconf 89' lang='lat' dir='ltr'>pabulare.</span> 
     </span>
     <span class='ocr_line' id='line_1_51' title="bbox 418 5217 1943 5284; baseline -0.002 -17"><span class='ocrx_word' id='word_1_665' title='bbox 418 5219 460 5268; x_wconf 89' lang='lat' dir='ltr'>Do</span> <span class='ocrx_word' id='word_1_666' title='bbox 478 5218 574 5268; x_wconf 87' lang='lat' dir='ltr'>finibus</span> <span class='ocrx_word' id='word_1_667' title='bbox 593 5226 682 5268; x_wconf 84' lang='lat' dir='ltr'>eutem</span> <span class='ocrx_word' id='word_1_668' title='bbox 694 5219 816 5269; x_wconf 83' lang='lat' dir='ltr'>Ciuitatis</span> <span class='ocrx_word' id='word_1_669' title='bbox 835 5234 904 5268; x_wconf 91' lang='lat' dir='ltr'>noue</span> <span class='ocrx_word' id='word_1_670' title='bbox 923 5220 960 5268; x_wconf 83' lang='lat' dir='ltr'>ita</span> <span class='ocrx_word' id='word_1_671' title='bbox 978 5220 1104 5284; x_wconf 87' lang='lat' dir='ltr'>capulent</span> <span class='ocrx_word' id='word_1_672' title='bbox 1116 5223 1184 5269; x_wconf 89' lang='lat' dir='ltr'>sicut</span> <span class='ocrx_word' id='word_1_673' title='bbox 1196 5221 1230 5269; x_wconf 86' lang='lat' dir='ltr'>ab</span> <span class='ocrx_word' id='word_1_674' title='bbox 1244 5220 1389 5284; x_wconf 86' lang='lat' dir='ltr'>antiquitus</span> <span class='ocrx_word' id='word_1_675' title='bbox 1402 5219 1528 5268; x_wconf 81' lang='lat' dir='ltr'>fecemnt</span> <span class='ocrx_word' id='word_1_676' title='bbox 1557 5219 1693 5283; x_wconf 70' lang='lat' dir='ltr'>(laprisani</span> <span class='ocrx_word' id='word_1_677' title='bbox 1708 5235 1769 5268; x_wconf 79' lang='lat' dir='ltr'>vero</span> <span class='ocrx_word' id='word_1_678' title='bbox 1784 5221 1811 5267; x_wconf 92' lang='lat' dir='ltr'>in</span> <span class='ocrx_word' id='word_1_679' title='bbox 1824 5218 1892 5267; x_wconf 83' lang='lat' dir='ltr'>silva</span> <span class='ocrx_word' id='word_1_680' title='bbox 1910 5217 1943 5267; x_wconf 77' lang='lat'>50</span> 
     </span>
     <span class='ocr_line' id='line_1_52' title="bbox 416 5286 1892 5353; baseline 0 -18"><span class='ocrx_word' id='word_1_681' title='bbox 416 5289 461 5335; x_wconf 88' lang='lat' dir='ltr'>ubi</span> <span class='ocrx_word' id='word_1_682' title='bbox 481 5287 672 5351; x_wconf 76' lang='lat' dir='ltr'>copulaverunt</span> <span class='ocrx_word' id='word_1_683' title='bbox 689 5289 717 5336; x_wconf 91' lang='lat' dir='ltr'>in</span> <span class='ocrx_word' id='word_1_684' title='bbox 736 5286 788 5337; x_wconf 85' lang='lat' dir='ltr'>fine</span> <span class='ocrx_word' id='word_1_685' title='bbox 806 5287 977 5338; x_wconf 85' lang='lat' dir='ltr'>Foroiuliane</span> <span class='ocrx_word' id='word_1_686' title='bbox 1001 5305 1103 5353; x_wconf 90' lang='lat' dir='ltr'>semper</span> <span class='ocrx_word' id='word_1_687' title='bbox 1127 5288 1209 5339; x_wconf 84' lang='lat' dir='ltr'>faciat</span> <span class='ocrx_word' id='word_1_688' title='bbox 1231 5288 1315 5339; x_wconf 90' lang='lat' dir='ltr'>redito</span> <span class='ocrx_word' id='word_1_689' title='bbox 1335 5294 1361 5336; x_wconf 87' lang='lat' dir='ltr'>et</span> <span class='ocrx_word' id='word_1_690' title='bbox 1381 5288 1506 5351; x_wconf 81' lang='lat' dir='ltr'>capulent</span> <span class='ocrx_word' id='word_1_691' title='bbox 1524 5289 1593 5336; x_wconf 89' lang='lat' dir='ltr'>sicut</span> <span class='ocrx_word' id='word_1_692' title='bbox 1611 5294 1636 5336; x_wconf 88' lang='lat' dir='ltr'>et</span> <span class='ocrx_word' id='word_1_693' title='bbox 1654 5294 1732 5336; x_wconf 85' lang='lat' dir='ltr'>antea</span> <span class='ocrx_word' id='word_1_694' title='bbox 1750 5288 1892 5352; x_wconf 73' lang='lat' dir='ltr'>capulare-</span> 
     </span>
     <span class='ocr_line' id='line_1_53' title="bbox 417 5355 1892 5422; baseline -0.001 -17"><span class='ocrx_word' id='word_1_695' title='bbox 417 5362 484 5406; x_wconf 87' lang='lat' dir='ltr'>runt.</span> <span class='ocrx_word' id='word_1_696' title='bbox 520 5357 561 5405; x_wconf 87' lang='lat' dir='ltr'>De</span> <span class='ocrx_word' id='word_1_697' title='bbox 582 5355 756 5406; x_wconf 85' lang='lat' dir='ltr'>Gradensium</span> <span class='ocrx_word' id='word_1_698' title='bbox 774 5373 837 5407; x_wconf 87' lang='lat' dir='ltr'>vero</span> <span class='ocrx_word' id='word_1_699' title='bbox 856 5357 1000 5406; x_wconf 88' lang='lat' dir='ltr'>secundum</span> <span class='ocrx_word' id='word_1_700' title='bbox 1013 5360 1149 5422; x_wconf 83' lang='lat' dir='ltr'>antiquam</span> <span class='ocrx_word' id='word_1_701' title='bbox 1167 5357 1383 5407; x_wconf 87' lang='lat' dir='ltr'>consuetudinem</span> <span class='ocrx_word' id='word_1_702' title='bbox 1402 5356 1517 5405; x_wconf 83' lang='lat' dir='ltr'>debeant</span> <span class='ocrx_word' id='word_1_703' title='bbox 1535 5357 1597 5406; x_wconf 88' lang='lat' dir='ltr'>dare</span> <span class='ocrx_word' id='word_1_704' title='bbox 1616 5362 1642 5405; x_wconf 90' lang='lat' dir='ltr'>et</span> <span class='ocrx_word' id='word_1_705' title='bbox 1659 5357 1783 5421; x_wconf 85' lang='lat' dir='ltr'>capulare</span> <span class='ocrx_word' id='word_1_706' title='bbox 1801 5356 1892 5405; x_wconf 88' lang='lat' dir='ltr'>simili-</span> 
     </span>
     <span class='ocr_line' id='line_1_54' title="bbox 416 5423 1892 5490; baseline 0 -17"><span class='ocrx_word' id='word_1_707' title='bbox 416 5430 456 5474; x_wconf 86' lang='lat' dir='ltr'>ter</span> <span class='ocrx_word' id='word_1_708' title='bbox 472 5424 573 5474; x_wconf 81' lang='lat' dir='ltr'>faciant</span> <span class='ocrx_word' id='word_1_709' title='bbox 590 5426 637 5474; x_wconf 93' lang='lat' dir='ltr'>ubi</span> <span class='ocrx_word' id='word_1_710' title='bbox 655 5431 733 5476; x_wconf 86' lang='lat' dir='ltr'>antea</span> <span class='ocrx_word' id='word_1_711' title='bbox 750 5425 869 5475; x_wconf 83' lang='lat' dir='ltr'>fecerunt</span> <span class='ocrx_word' id='word_1_712' title='bbox 886 5427 913 5473; x_wconf 90' lang='lat' dir='ltr'>in</span> <span class='ocrx_word' id='word_1_713' title='bbox 931 5423 982 5474; x_wconf 84' lang='lat' dir='ltr'>tine</span> <span class='ocrx_word' id='word_1_714' title='bbox 995 5427 1166 5476; x_wconf 76' lang='lat' dir='ltr'>Foroiuliensi</span> <span class='ocrx_word' id='word_1_715' title='bbox 1184 5428 1253 5476; x_wconf 90' lang='lat' dir='ltr'>sicut</span> <span class='ocrx_word' id='word_1_716' title='bbox 1271 5427 1305 5475; x_wconf 85' lang='lat' dir='ltr'>ab</span> <span class='ocrx_word' id='word_1_717' title='bbox 1325 5426 1469 5490; x_wconf 87' lang='lat' dir='ltr'>antiquitus</span> <span class='ocrx_word' id='word_1_718' title='bbox 1488 5425 1613 5474; x_wconf 81' lang='lat' dir='ltr'>tecemmt.</span> <span class='ocrx_word' id='word_1_719' title='bbox 1644 5425 1846 5474; x_wconf 81' lang='lat' dir='ltr'>Reservavimus</span> <span class='ocrx_word' id='word_1_720' title='bbox 1864 5427 1892 5473; x_wconf 89' lang='lat' dir='ltr'>in</span> 
     </span>
     <span class='ocr_line' id='line_1_55' title="bbox 418 5494 1893 5559; baseline 0 -17"><span class='ocrx_word' id='word_1_721' title='bbox 418 5494 511 5543; x_wconf 90' lang='lat' dir='ltr'>eodem</span> <span class='ocrx_word' id='word_1_722' title='bbox 531 5500 607 5558; x_wconf 88' lang='lat' dir='ltr'>pacto</span> <span class='ocrx_word' id='word_1_723' title='bbox 626 5499 655 5542; x_wconf 91' lang='lat' dir='ltr'>ut</span> <span class='ocrx_word' id='word_1_724' title='bbox 673 5509 734 5559; x_wconf 88' lang='lat' dir='ltr'>pars</span> <span class='ocrx_word' id='word_1_725' title='bbox 758 5496 826 5559; x_wconf 86' lang='lat' dir='ltr'>parti</span> <span class='ocrx_word' id='word_1_726' title='bbox 850 5494 883 5543; x_wconf 93' lang='lat' dir='ltr'>de</span> <span class='ocrx_word' id='word_1_727' title='bbox 907 5497 994 5544; x_wconf 81' lang='lat' dir='ltr'>causis</span> <span class='ocrx_word' id='word_1_728' title='bbox 1020 5496 1190 5545; x_wconf 81' lang='lat' dir='ltr'>eeclesiarum</span> <span class='ocrx_word' id='word_1_729' title='bbox 1216 5501 1241 5545; x_wconf 91' lang='lat' dir='ltr'>et</span> <span class='ocrx_word' id='word_1_730' title='bbox 1265 5496 1483 5545; x_wconf 80' lang='lat' dir='ltr'>monasteriorum</span> <span class='ocrx_word' id='word_1_731' title='bbox 1506 5495 1625 5543; x_wconf 85' lang='lat' dir='ltr'>iusticias</span> <span class='ocrx_word' id='word_1_732' title='bbox 1649 5494 1744 5543; x_wconf 84' lang='lat' dir='ltr'>facere.</span> <span class='ocrx_word' id='word_1_733' title='bbox 1780 5494 1893 5543; x_wconf 82' lang='lat' dir='ltr'>Tribnta</span> 
     </span>
     <span class='ocr_line' id='line_1_56' title="bbox 416 5561 1944 5629; baseline -0.001 -18"><span class='ocrx_word' id='word_1_734' title='bbox 416 5564 486 5626; x_wconf 82' lang='lat' dir='ltr'>pacti</span> <span class='ocrx_word' id='word_1_735' title='bbox 506 5564 577 5611; x_wconf 90' lang='lat' dir='ltr'>omni</span> <span class='ocrx_word' id='word_1_736' title='bbox 595 5578 664 5612; x_wconf 84' lang='lat' dir='ltr'>enno</span> <span class='ocrx_word' id='word_1_737' title='bbox 683 5565 780 5613; x_wconf 89' lang='lat' dir='ltr'>mensis</span> <span class='ocrx_word' id='word_1_738' title='bbox 798 5564 889 5611; x_wconf 91' lang='lat' dir='ltr'>marcii</span> <span class='ocrx_word' id='word_1_739' title='bbox 907 5563 983 5612; x_wconf 91' lang='lat' dir='ltr'>nobis</span> <span class='ocrx_word' id='word_1_740' title='bbox 1001 5564 1184 5628; x_wconf 83' lang='lat' dir='ltr'>persolventur</span> <span class='ocrx_word' id='word_1_741' title='bbox 1203 5564 1269 5614; x_wconf 90' lang='lat' dir='ltr'>libro</span> <span class='ocrx_word' id='word_1_742' title='bbox 1282 5565 1376 5629; x_wconf 74' lang='lat' dir='ltr'>viginti</span> <span class='ocrx_word' id='word_1_743' title='bbox 1393 5564 1509 5628; x_wconf 91' lang='lat' dir='ltr'>quinque</span> <span class='ocrx_word' id='word_1_744' title='bbox 1522 5562 1555 5611; x_wconf 91' lang='lat' dir='ltr'>de</span> <span class='ocrx_word' id='word_1_745' title='bbox 1567 5568 1670 5611; x_wconf 85' lang='lat' dir='ltr'>nostros</span> <span class='ocrx_word' id='word_1_746' title='bbox 1684 5563 1785 5612; x_wconf 87' lang='lat' dir='ltr'>dinario</span> <span class='ocrx_word' id='word_1_747' title='bbox 1803 5561 1893 5612; x_wconf 80' lang='lat' dir='ltr'>Oend</span> <span class='ocrx_word' id='word_1_748' title='bbox 1911 5561 1944 5609; x_wconf 80' lang='grc' dir='ltr'><strong>ὁὸ</strong></span> 
     </span>
     <span class='ocr_line' id='line_1_57' title="bbox 415 5629 1893 5697; baseline 0 -18"><span class='ocrx_word' id='word_1_749' title='bbox 415 5632 462 5679; x_wconf 82' lang='lat' dir='ltr'>mit</span> <span class='ocrx_word' id='word_1_750' title='bbox 479 5631 593 5693; x_wconf 74' lang='lat' dir='ltr'>weniqen</span> <span class='ocrx_word' id='word_1_751' title='bbox 609 5630 748 5681; x_wconf 67' lang='lat' dir='ltr'>Varianae</span> <span class='ocrx_word' id='word_1_752' title='bbox 765 5631 802 5692; x_wconf 90' lang='lat' dir='ltr'>D,</span> <span class='ocrx_word' id='word_1_753' title='bbox 828 5629 922 5681; x_wconf 80' lang='lat' dir='ltr'>welche</span> <span class='ocrx_word' id='word_1_754' title='bbox 944 5629 1000 5680; x_wconf 80' lang='lat' dir='ltr'>hier</span> <span class='ocrx_word' id='word_1_755' title='bbox 1020 5639 1095 5682; x_wconf 78' lang='lat' dir='ltr'>enter</span> <span class='ocrx_word' id='word_1_756' title='bbox 1117 5630 1350 5683; x_wconf 76' lang='lat' dir='ltr'>Rileless&#39;ehtaohme</span> <span class='ocrx_word' id='word_1_757' title='bbox 1373 5629 1426 5694; x_wconf 69' lang='lat' dir='ltr'>aas</span> <span class='ocrx_word' id='word_1_758' title='bbox 1442 5629 1486 5679; x_wconf 77' lang='lat' dir='ltr'>de</span> <span class='ocrx_word' id='word_1_759' title='bbox 1506 5629 1562 5682; x_wconf 86' lang='lat' dir='ltr'>VU.</span> <span class='ocrx_word' id='word_1_760' title='bbox 1578 5639 1603 5680; x_wconf 84' lang='grc'>11</span> <span class='ocrx_word' id='word_1_761' title='bbox 1618 5633 1665 5680; x_wconf 77' lang='lat' dir='ltr'>mit</span> <span class='ocrx_word' id='word_1_762' title='bbox 1688 5633 1770 5681; x_wconf 78' lang='lat' dir='ltr'>einero</span> <span class='ocrx_word' id='word_1_763' title='bbox 1793 5631 1893 5697; x_wconf 60' lang='lat' dir='ltr'>Armate</span> 
     </span>
     <span class='ocr_line' id='line_1_58' title="bbox 417 5698 1364 5771; baseline 0.003 -22"><span class='ocrx_word' id='word_1_764' title='bbox 417 5716 464 5749; x_wconf 80' lang='grc' dir='ltr'>αιιι</span> <span class='ocrx_word' id='word_1_765' title='bbox 481 5699 532 5749; x_wconf 77' lang='lat' dir='ltr'>don</span> <span class='ocrx_word' id='word_1_766' title='bbox 551 5699 639 5749; x_wconf 71' lang='lat' dir='ltr'>letam</span> <span class='ocrx_word' id='word_1_767' title='bbox 658 5700 864 5767; x_wconf 76' lang='lat' dir='ltr'>Beetimmanqen</span> <span class='ocrx_word' id='word_1_768' title='bbox 881 5699 1021 5751; x_wconf 62' lang='grc' dir='ltr'>ώὸνωὴοιι</span> <span class='ocrx_word' id='word_1_769' title='bbox 1124 5701 1153 5771; x_wconf 84' lang='lat' dir='ltr'>k)</span> <span class='ocrx_word' id='word_1_770' title='bbox 1168 5706 1260 5752; x_wconf 80' lang='lat' dir='ltr'>nostra</span> <span class='ocrx_word' id='word_1_771' title='bbox 1276 5698 1364 5753; x_wconf 84' lang='lat' dir='ltr'><em>BGD.</em></span> 
     </span>
    </p>
   </div>
   <div class='ocr_carea' id='block_1_8' title="bbox 0 0 2259 6420">
    <p class='ocr_par' dir='ltr' id='par_1_16' title="bbox 0 0 2259 6420">
     <span class='ocr_line' id='line_1_59' title="bbox 0 0 2259 6420; baseline 0 0"><span class='ocrx_word' id='word_1_772' title='bbox 0 0 2259 6420; x_wconf 95' lang='lat' dir='ltr'> </span> 
     </span>
    </p>
   </div>
  </div>
 </body>
</html>
