<?xml version="1.0" encoding="UTF-8"?>
<!DOCTYPE html PUBLIC "-//W3C//DTD XHTML 1.0 Transitional//EN"
    "http://www.w3.org/TR/xhtml1/DTD/xhtml1-transitional.dtd">
<html xmlns="http://www.w3.org/1999/xhtml" xml:lang="en" lang="en">
 <head>
  <title>
</title>
<meta http-equiv="Content-Type" content="text/html;charset=utf-8" />
  <meta name='ocr-system' content='tesseract 3.04.00' />
  <meta name='ocr-capabilities' content='ocr_page ocr_carea ocr_par ocr_line ocrx_word'/>
</head>
<body>
  <div class='ocr_page' id='page_1' title='image "./conradiiheinric00ottogoog/conradiiheinric00ottogoog_0037.png"; bbox 0 0 4298 6414; ppageno 0'>
   <div class='ocr_carea' id='block_1_1' title="bbox 915 446 1914 511">
    <p class='ocr_par' dir='ltr' id='par_1_1' title="bbox 915 446 1914 511">
     <span class='ocr_line' id='line_1_1' title="bbox 915 446 1914 511; baseline -0.001 -1"><span class='ocrx_word' id='word_1_1' title='bbox 915 453 1111 511; x_wconf 81' lang='lat' dir='ltr'><strong>KONRAD</strong></span> <span class='ocrx_word' id='word_1_2' title='bbox 1133 455 1157 511; x_wconf 92' lang='grc' dir='ltr'><strong>Ι.</strong></span> <span class='ocrx_word' id='word_1_3' title='bbox 1182 449 1255 510; x_wconf 78' lang='grc'><strong>912.</strong></span> <span class='ocrx_word' id='word_1_4' title='bbox 1892 446 1914 509; x_wconf 81' lang='lat'><strong>5</strong></span> 
     </span>
    </p>
   </div>
   <div class='ocr_carea' id='block_1_2' title="bbox 360 636 1914 822">
    <p class='ocr_par' dir='ltr' id='par_1_2' title="bbox 360 636 1914 822">
     <span class='ocr_line' id='line_1_2' title="bbox 360 636 1914 713; baseline -0.002 -15"><span class='ocrx_word' id='word_1_5' title='bbox 360 639 540 713; x_wconf 64' lang='lat' dir='ltr'><strong>cinqereilrt</strong></span> <span class='ocrx_word' id='word_1_6' title='bbox 564 639 633 698; x_wconf 82' lang='lat' dir='ltr'><strong>weil</strong></span> <span class='ocrx_word' id='word_1_7' title='bbox 654 637 847 699; x_wconf 80' lang='lat' dir='ltr'><strong>Erkcabolds</strong></span> <span class='ocrx_word' id='word_1_8' title='bbox 872 638 936 697; x_wconf 82' lang='lat' dir='ltr'><strong>Tod</strong></span> <span class='ocrx_word' id='word_1_9' title='bbox 958 654 1009 696; x_wconf 79' lang='lat' dir='ltr'><strong>aar</strong></span> <span class='ocrx_word' id='word_1_10' title='bbox 1030 637 1218 711; x_wconf 73' lang='lat' dir='ltr'><strong>fthliclrstea</strong></span> <span class='ocrx_word' id='word_1_11' title='bbox 1239 655 1310 695; x_wconf 74' lang='lat' dir='ltr'><strong>caru</strong></span> <span class='ocrx_word' id='word_1_12' title='bbox 1326 637 1359 698; x_wconf 87' lang='lat' dir='ltr'><strong>J.</strong></span> <span class='ocrx_word' id='word_1_13' title='bbox 1378 638 1442 695; x_wconf 75' lang='lat'><strong>912</strong></span> <span class='ocrx_word' id='word_1_14' title='bbox 1462 642 1574 710; x_wconf 71' lang='lat' dir='ltr'><strong>cesetrt</strong></span> <span class='ocrx_word' id='word_1_15' title='bbox 1596 637 1688 697; x_wconf 77' lang='lat' dir='ltr'><strong>wira:</strong></span> <span class='ocrx_word' id='word_1_16' title='bbox 1712 653 1738 697; x_wconf 86' lang='lat' dir='ltr'><strong>s.</strong></span> <span class='ocrx_word' id='word_1_17' title='bbox 1754 636 1914 696; x_wconf 69' lang='lat' dir='ltr'><strong>Dammler</strong></span> 
     </span>
     <span class='ocr_line' id='line_1_3' title="bbox 362 742 944 822; baseline 0.002 -20"><span class='ocrx_word' id='word_1_18' title='bbox 362 742 473 803; x_wconf 80' lang='lat' dir='ltr'><strong><em>Jahrb.</em></strong></span> <span class='ocrx_word' id='word_1_19' title='bbox 497 743 551 801; x_wconf 75' lang='lat' dir='ltr'><strong>cles</strong></span> <span class='ocrx_word' id='word_1_20' title='bbox 574 743 660 817; x_wconf 78' lang='lat' dir='ltr'><strong>aelfr.</strong></span> <span class='ocrx_word' id='word_1_21' title='bbox 684 742 794 802; x_wconf 77' lang='lat' dir='ltr'><strong>Reiclrs</strong></span> <span class='ocrx_word' id='word_1_22' title='bbox 817 745 847 822; x_wconf 81' lang='lat'><strong>2,</strong></span> <span class='ocrx_word' id='word_1_23' title='bbox 871 745 944 804; x_wconf 83' lang='lat'><strong><em>615.</em></strong></span> 
     </span>
    </p>
   </div>
   <div class='ocr_carea' id='block_1_3' title="bbox 232 875 1916 3146">
    <p class='ocr_par' dir='ltr' id='par_1_3' title="bbox 465 875 1912 963">
     <span class='ocr_line' id='line_1_4' title="bbox 465 875 1912 963; baseline -0.002 -19"><span class='ocrx_word' id='word_1_24' title='bbox 465 879 505 944; x_wconf 92' lang='lat' dir='ltr'><strong>In</strong></span> <span class='ocrx_word' id='word_1_25' title='bbox 527 881 658 945; x_wconf 91' lang='lat' dir='ltr'><strong>nomine</strong></span> <span class='ocrx_word' id='word_1_26' title='bbox 682 888 794 943; x_wconf 90' lang='lat' dir='ltr'><strong>sancte</strong></span> <span class='ocrx_word' id='word_1_27' title='bbox 817 887 850 944; x_wconf 88' lang='lat' dir='ltr'><strong>et</strong></span> <span class='ocrx_word' id='word_1_28' title='bbox 871 878 1038 945; x_wconf 84' lang='lat' dir='ltr'><strong>individue</strong></span> <span class='ocrx_word' id='word_1_29' title='bbox 1060 879 1224 943; x_wconf 82' lang='lat' dir='ltr'><strong>trinitatis.</strong></span> <span class='ocrx_word' id='word_1_30' title='bbox 1260 875 1454 942; x_wconf 85' lang='lat' dir='ltr'><strong>Chunradus</strong></span> <span class='ocrx_word' id='word_1_31' title='bbox 1478 875 1589 942; x_wconf 90' lang='lat' dir='ltr'><strong>divina</strong></span> <span class='ocrx_word' id='word_1_32' title='bbox 1612 877 1782 943; x_wconf 86' lang='lat' dir='ltr'><strong>ordinante</strong></span> <span class='ocrx_word' id='word_1_33' title='bbox 1805 878 1912 963; x_wconf 88' lang='lat' dir='ltr'><strong>provi-</strong></span> 
     </span>
    </p>

    <p class='ocr_par' dir='ltr' id='par_1_4' title="bbox 232 980 1916 3146">
     <span class='ocr_line' id='line_1_5' title="bbox 274 980 1912 1067; baseline -0.003 -18"><span class='ocrx_word' id='word_1_34' title='bbox 274 983 375 1049; x_wconf 88' lang='lat' dir='ltr'><strong>dencia</strong></span> <span class='ocrx_word' id='word_1_35' title='bbox 396 1005 468 1047; x_wconf 84' lang='lat' dir='ltr'><strong>rex.</strong></span> <span class='ocrx_word' id='word_1_36' title='bbox 548 982 686 1048; x_wconf 84' lang='lat' dir='ltr'><strong>Noverit</strong></span> <span class='ocrx_word' id='word_1_37' title='bbox 708 983 851 1048; x_wconf 90' lang='lat' dir='ltr'><strong>omnium</strong></span> <span class='ocrx_word' id='word_1_38' title='bbox 873 981 1019 1047; x_wconf 92' lang='lat' dir='ltr'><strong>fidelium</strong></span> <span class='ocrx_word' id='word_1_39' title='bbox 1040 991 1226 1049; x_wconf 88' lang='lat' dir='ltr'><strong>nostrorum</strong></span> <span class='ocrx_word' id='word_1_40' title='bbox 1248 982 1452 1067; x_wconf 90' lang='lat' dir='ltr'><strong>presencium</strong></span> <span class='ocrx_word' id='word_1_41' title='bbox 1476 980 1600 1044; x_wconf 90' lang='lat' dir='ltr'><strong>scilicet</strong></span> <span class='ocrx_word' id='word_1_42' title='bbox 1622 992 1654 1045; x_wconf 90' lang='lat' dir='ltr'><strong>et</strong></span> <span class='ocrx_word' id='word_1_43' title='bbox 1669 981 1850 1046; x_wconf 86' lang='lat' dir='ltr'><strong>futurorum</strong></span> <span class='ocrx_word' id='word_1_44' title='bbox 1865 982 1912 1044; x_wconf 94' lang='lat' dir='ltr'><strong>in·</strong></span> 
     </span>
     <span class='ocr_line' id='line_1_6' title="bbox 251 1083 1913 1172; baseline -0.002 -20"><span class='ocrx_word' id='word_1_45' title='bbox 251 1087 403 1169; x_wconf 76' lang='lat' dir='ltr'><strong>adustria,</strong></span> <span class='ocrx_word' id='word_1_46' title='bbox 427 1088 505 1172; x_wconf 90' lang='lat' dir='ltr'><strong>quia</strong></span> <span class='ocrx_word' id='word_1_47' title='bbox 528 1086 579 1151; x_wconf 87' lang='lat' dir='ltr'><strong>vir</strong></span> <span class='ocrx_word' id='word_1_48' title='bbox 600 1085 797 1151; x_wconf 88' lang='lat' dir='ltr'><strong>venerabilis</strong></span> <span class='ocrx_word' id='word_1_49' title='bbox 820 1085 1053 1151; x_wconf 81' lang='lat' dir='ltr'><strong>Erkenboldus</strong></span> <span class='ocrx_word' id='word_1_50' title='bbox 1068 1085 1275 1169; x_wconf 83' lang='lat' dir='ltr'><strong>Eystetensis</strong></span> <span class='ocrx_word' id='word_1_51' title='bbox 1298 1083 1435 1148; x_wconf 87' lang='lat' dir='ltr'><strong>ecclesie</strong></span> <span class='ocrx_word' id='word_1_52' title='bbox 1457 1086 1631 1170; x_wconf 88' lang='lat' dir='ltr'><strong>episcopus</strong></span> <span class='ocrx_word' id='word_1_53' title='bbox 1648 1106 1709 1170; x_wconf 90' lang='lat' dir='ltr'><strong>que</strong></span> <span class='ocrx_word' id='word_1_54' title='bbox 1726 1093 1913 1149; x_wconf 90' lang='lat' dir='ltr'><strong>constructa</strong></span> 
     </span>
     <span class='ocr_line' id='line_1_7' title="bbox 277 1186 1915 1275; baseline -0.002 -21"><span class='ocrx_word' id='word_1_55' title='bbox 277 1191 368 1254; x_wconf 88' lang='lat' dir='ltr'><strong>estin</strong></span> <span class='ocrx_word' id='word_1_56' title='bbox 390 1189 516 1254; x_wconf 87' lang='lat' dir='ltr'><strong>honore</strong></span> <span class='ocrx_word' id='word_1_57' title='bbox 532 1191 636 1254; x_wconf 89' lang='lat' dir='ltr'><strong>sancti</strong></span> <span class='ocrx_word' id='word_1_58' title='bbox 654 1187 837 1254; x_wconf 87' lang='lat' dir='ltr'><strong>Salvatoris</strong></span> <span class='ocrx_word' id='word_1_59' title='bbox 860 1191 894 1254; x_wconf 95' lang='lat' dir='ltr'><strong>in</strong></span> <span class='ocrx_word' id='word_1_60' title='bbox 917 1212 1003 1275; x_wconf 91' lang='lat' dir='ltr'><strong>pago</strong></span> <span class='ocrx_word' id='word_1_61' title='bbox 1025 1186 1262 1272; x_wconf 82' lang='lat' dir='ltr'><strong>Nordgbvense</strong></span> <span class='ocrx_word' id='word_1_62' title='bbox 1288 1186 1322 1251; x_wconf 93' lang='lat' dir='ltr'><strong>in</strong></span> <span class='ocrx_word' id='word_1_63' title='bbox 1344 1187 1417 1252; x_wconf 92' lang='lat' dir='ltr'><strong>loco</strong></span> <span class='ocrx_word' id='word_1_64' title='bbox 1438 1187 1556 1273; x_wconf 80' lang='lat' dir='ltr'><strong>Eystet</strong></span> <span class='ocrx_word' id='word_1_65' title='bbox 1577 1199 1775 1274; x_wconf 88' lang='lat' dir='ltr'><strong>nuncupato,</strong></span> <span class='ocrx_word' id='word_1_66' title='bbox 1799 1187 1915 1252; x_wconf 91' lang='lat' dir='ltr'><strong>detulit</strong></span> 
     </span>
     <span class='ocr_line' id='line_1_8' title="bbox 274 1291 1913 1378; baseline -0.002 -19"><span class='ocrx_word' id='word_1_67' title='bbox 274 1293 427 1360; x_wconf 85' lang='lat' dir='ltr'><strong>serenitati</strong></span> <span class='ocrx_word' id='word_1_68' title='bbox 450 1303 562 1359; x_wconf 88' lang='lat' dir='ltr'><strong>nostre</strong></span> <span class='ocrx_word' id='word_1_69' title='bbox 584 1294 794 1369; x_wconf 78' lang='lat' dir='ltr'><strong>emunitatem</strong></span> <span class='ocrx_word' id='word_1_70' title='bbox 818 1314 916 1378; x_wconf 77' lang='lat' dir='ltr'><strong>quant</strong></span> <span class='ocrx_word' id='word_1_71' title='bbox 940 1292 1078 1357; x_wconf 90' lang='lat' dir='ltr'><strong>domnus</strong></span> <span class='ocrx_word' id='word_1_72' title='bbox 1093 1292 1237 1356; x_wconf 85' lang='lat' dir='ltr'><strong>Karalus</strong></span> <span class='ocrx_word' id='word_1_73' title='bbox 1251 1291 1338 1357; x_wconf 90' lang='lat' dir='ltr'><strong>bone</strong></span> <span class='ocrx_word' id='word_1_74' title='bbox 1354 1293 1508 1356; x_wconf 89' lang='lat' dir='ltr'><strong>memorie</strong></span> <span class='ocrx_word' id='word_1_75' title='bbox 1531 1313 1591 1355; x_wconf 91' lang='lat' dir='ltr'><strong>nec</strong></span> <span class='ocrx_word' id='word_1_76' title='bbox 1615 1315 1680 1356; x_wconf 94' lang='lat' dir='ltr'><strong>non</strong></span> <span class='ocrx_word' id='word_1_77' title='bbox 1702 1293 1799 1356; x_wconf 88' lang='lat' dir='ltr'><strong>ceteri</strong></span> <span class='ocrx_word' id='word_1_78' title='bbox 1824 1301 1913 1356; x_wconf 91' lang='lat' dir='ltr'><strong>antc-</strong></span> 
     </span>
     <span class='ocr_line' id='line_1_9' title="bbox 272 1395 1913 1481; baseline -0.002 -19"><span class='ocrx_word' id='word_1_79' title='bbox 272 1419 408 1463; x_wconf 80' lang='lat' dir='ltr'><strong>cessores</strong></span> <span class='ocrx_word' id='word_1_80' title='bbox 429 1397 545 1480; x_wconf 81' lang='lat' dir='ltr'><strong>nostri,</strong></span> <span class='ocrx_word' id='word_1_81' title='bbox 568 1395 722 1460; x_wconf 89' lang='lat' dir='ltr'><strong>videlicet</strong></span> <span class='ocrx_word' id='word_1_82' title='bbox 736 1417 830 1481; x_wconf 86' lang='lat' dir='ltr'><strong>reges</strong></span> <span class='ocrx_word' id='word_1_83' title='bbox 855 1419 911 1460; x_wconf 91' lang='lat' dir='ltr'><strong>seu</strong></span> <span class='ocrx_word' id='word_1_84' title='bbox 935 1398 1148 1481; x_wconf 89' lang='lat' dir='ltr'><strong>imperatores</strong></span> <span class='ocrx_word' id='word_1_85' title='bbox 1172 1418 1308 1481; x_wconf 89' lang='lat' dir='ltr'><strong>quorum</strong></span> <span class='ocrx_word' id='word_1_86' title='bbox 1331 1397 1464 1460; x_wconf 88' lang='lat' dir='ltr'><strong>nomina</strong></span> <span class='ocrx_word' id='word_1_87' title='bbox 1486 1395 1619 1480; x_wconf 89' lang='lat' dir='ltr'><strong>longum</strong></span> <span class='ocrx_word' id='word_1_88' title='bbox 1643 1406 1692 1459; x_wconf 91' lang='lat' dir='ltr'><strong>est</strong></span> <span class='ocrx_word' id='word_1_89' title='bbox 1714 1419 1913 1478; x_wconf 86' lang='lat' dir='ltr'><strong>enumerare,</strong></span> 
     </span>
     <span class='ocr_line' id='line_1_10' title="bbox 272 1499 1913 1588; baseline -0.001 -22"><span class='ocrx_word' id='word_1_90' title='bbox 272 1524 320 1588; x_wconf 87' lang='lat' dir='ltr'><strong>pro</strong></span> <span class='ocrx_word' id='word_1_91' title='bbox 346 1500 510 1566; x_wconf 80' lang='lat' dir='ltr'><strong>mercedis</strong></span> <span class='ocrx_word' id='word_1_92' title='bbox 539 1523 597 1565; x_wconf 92' lang='lat' dir='ltr'><strong>sue</strong></span> <span class='ocrx_word' id='word_1_93' title='bbox 622 1509 798 1586; x_wconf 89' lang='lat' dir='ltr'><strong>augmento</strong></span> <span class='ocrx_word' id='word_1_94' title='bbox 821 1499 888 1565; x_wconf 74' lang='lat' dir='ltr'><strong>ad⁸</strong></span> <span class='ocrx_word' id='word_1_95' title='bbox 910 1500 1091 1585; x_wconf 89' lang='lat' dir='ltr'><strong>predictum</strong></span> <span class='ocrx_word' id='word_1_96' title='bbox 1120 1501 1228 1565; x_wconf 90' lang='lat' dir='ltr'><strong>locum</strong></span> <span class='ocrx_word' id='word_1_97' title='bbox 1250 1501 1312 1563; x_wconf 84' lang='lat' dir='ltr'><strong>risi</strong></span> <span class='ocrx_word' id='word_1_98' title='bbox 1337 1509 1414 1564; x_wconf 90' lang='lat' dir='ltr'><strong>sunt</strong></span> <span class='ocrx_word' id='word_1_99' title='bbox 1436 1500 1665 1583; x_wconf 82' lang='lat' dir='ltr'><strong>continuasse,</strong></span> <span class='ocrx_word' id='word_1_100' title='bbox 1696 1503 1728 1564; x_wconf 91' lang='lat' dir='ltr'><strong>in</strong></span> <span class='ocrx_word' id='word_1_101' title='bbox 1751 1523 1816 1586; x_wconf 92' lang='lat' dir='ltr'><strong>qua</strong></span> <span class='ocrx_word' id='word_1_102' title='bbox 1838 1523 1913 1565; x_wconf 89' lang='lat' dir='ltr'><strong>con-</strong></span> 
     </span>
     <span class='ocr_line' id='line_1_11' title="bbox 238 1603 1914 1691; baseline -0.001 -20"><span class='ocrx_word' id='word_1_103' title='bbox 238 1605 428 1671; x_wconf 81' lang='lat' dir='ltr'><strong>utinebatur</strong></span> <span class='ocrx_word' id='word_1_104' title='bbox 449 1605 590 1691; x_wconf 80' lang='lat' dir='ltr'><strong>qualiter</strong></span> <span class='ocrx_word' id='word_1_105' title='bbox 611 1605 730 1691; x_wconf 81' lang='lat' dir='ltr'><strong>prefati</strong></span> <span class='ocrx_word' id='word_1_106' title='bbox 753 1603 1002 1689; x_wconf 82' lang='lat' dir='ltr'><strong>predecessores</strong></span> <span class='ocrx_word' id='word_1_107' title='bbox 1024 1604 1128 1668; x_wconf 88' lang='lat' dir='ltr'><strong>nostri</strong></span> <span class='ocrx_word' id='word_1_108' title='bbox 1152 1604 1409 1689; x_wconf 90' lang='lat' dir='ltr'><strong>suprascriptum</strong></span> <span class='ocrx_word' id='word_1_109' title='bbox 1428 1606 1656 1689; x_wconf 85' lang='lat' dir='ltr'><strong>episcopatum</strong></span> <span class='ocrx_word' id='word_1_110' title='bbox 1678 1627 1743 1669; x_wconf 90' lang='lat' dir='ltr'><strong>una</strong></span> <span class='ocrx_word' id='word_1_111' title='bbox 1766 1626 1840 1669; x_wconf 90' lang='lat' dir='ltr'><strong>cum</strong></span> <span class='ocrx_word' id='word_1_112' title='bbox 1863 1627 1914 1669; x_wconf 94' lang='lat' dir='ltr'><strong>ec-</strong></span> 
     </span>
     <span class='ocr_line' id='line_1_12' title="bbox 270 1706 1913 1792; baseline -0.001 -19"><span class='ocrx_word' id='word_1_113' title='bbox 270 1709 369 1774; x_wconf 88' lang='lat' dir='ltr'><strong>clesiis</strong></span> <span class='ocrx_word' id='word_1_114' title='bbox 391 1709 446 1773; x_wconf 85' lang='lat' dir='ltr'><strong>vel</strong></span> <span class='ocrx_word' id='word_1_115' title='bbox 469 1707 620 1774; x_wconf 87' lang='lat' dir='ltr'><strong>omnibus</strong></span> <span class='ocrx_word' id='word_1_116' title='bbox 644 1707 688 1772; x_wconf 88' lang='lat' dir='ltr'><strong>ad</strong></span> <span class='ocrx_word' id='word_1_117' title='bbox 711 1729 746 1771; x_wconf 91' lang='lat' dir='ltr'><strong>se</strong></span> <span class='ocrx_word' id='word_1_118' title='bbox 768 1709 852 1772; x_wconf 92' lang='lat' dir='ltr'><strong>iuste</strong></span> <span class='ocrx_word' id='word_1_119' title='bbox 881 1729 920 1771; x_wconf 90' lang='lat' dir='ltr'><strong>ac</strong></span> <span class='ocrx_word' id='word_1_120' title='bbox 948 1707 1193 1772; x_wconf 82' lang='lat' dir='ltr'><strong>racionabiliter</strong></span> <span class='ocrx_word' id='word_1_121' title='bbox 1222 1706 1456 1792; x_wconf 90' lang='lat' dir='ltr'><strong>pertinentibus</strong></span> <span class='ocrx_word' id='word_1_122' title='bbox 1485 1707 1545 1772; x_wconf 92' lang='lat' dir='ltr'><strong>sub</strong></span> <span class='ocrx_word' id='word_1_123' title='bbox 1576 1708 1763 1773; x_wconf 87' lang='lat' dir='ltr'><strong>defensione</strong></span> <span class='ocrx_word' id='word_1_124' title='bbox 1792 1719 1825 1773; x_wconf 93' lang='lat' dir='ltr'><strong>et</strong></span> <span class='ocrx_word' id='word_1_125' title='bbox 1854 1708 1913 1773; x_wconf 93' lang='lat' dir='ltr'><strong>sub</strong></span> 
     </span>
     <span class='ocr_line' id='line_1_13' title="bbox 270 1810 1915 1897; baseline -0.001 -19"><span class='ocrx_word' id='word_1_126' title='bbox 270 1814 449 1879; x_wconf 86' lang='lat' dir='ltr'><strong>emunitatis</strong></span> <span class='ocrx_word' id='word_1_127' title='bbox 471 1814 603 1878; x_wconf 91' lang='lat' dir='ltr'><strong>nomine</strong></span> <span class='ocrx_word' id='word_1_128' title='bbox 625 1812 687 1876; x_wconf 91' lang='lat' dir='ltr'><strong>visi</strong></span> <span class='ocrx_word' id='word_1_129' title='bbox 711 1820 787 1877; x_wconf 90' lang='lat' dir='ltr'><strong>sunt</strong></span> <span class='ocrx_word' id='word_1_130' title='bbox 811 1814 985 1897; x_wconf 85' lang='lat' dir='ltr'><strong>recepisse.</strong></span> <span class='ocrx_word' id='word_1_131' title='bbox 1025 1810 1091 1877; x_wconf 87' lang='lat' dir='ltr'><strong>Sed</strong></span> <span class='ocrx_word' id='word_1_132' title='bbox 1113 1834 1172 1897; x_wconf 92' lang='lat' dir='ltr'><strong>pro</strong></span> <span class='ocrx_word' id='word_1_133' title='bbox 1195 1812 1358 1875; x_wconf 86' lang='lat' dir='ltr'><strong>firmitatis</strong></span> <span class='ocrx_word' id='word_1_134' title='bbox 1382 1810 1488 1875; x_wconf 91' lang='lat' dir='ltr'><strong>studio</strong></span> <span class='ocrx_word' id='word_1_135' title='bbox 1520 1812 1619 1896; x_wconf 88' lang='lat' dir='ltr'><strong>peciit</strong></span> <span class='ocrx_word' id='word_1_136' title='bbox 1642 1810 1829 1896; x_wconf 78' lang='lat' dir='ltr'><strong>predictusb</strong></span> <span class='ocrx_word' id='word_1_137' title='bbox 1855 1812 1915 1877; x_wconf 88' lang='lat' dir='ltr'><strong>Er-</strong></span> 
     </span>
     <span class='ocr_line' id='line_1_14' title="bbox 269 1914 1914 2001; baseline 0 -20"><span class='ocrx_word' id='word_1_138' title='bbox 269 1916 446 1982; x_wconf 84' lang='lat' dir='ltr'><strong>kenboldus</strong></span> <span class='ocrx_word' id='word_1_139' title='bbox 480 1917 664 1981; x_wconf 86' lang='lat' dir='ltr'><strong>serenitatis</strong></span> <span class='ocrx_word' id='word_1_140' title='bbox 688 1925 799 1981; x_wconf 88' lang='lat' dir='ltr'><strong>nostre</strong></span> <span class='ocrx_word' id='word_1_141' title='bbox 825 1914 1052 1999; x_wconf 88' lang='lat' dir='ltr'><strong>clemenciam,</strong></span> <span class='ocrx_word' id='word_1_142' title='bbox 1086 1925 1123 1980; x_wconf 89' lang='lat' dir='ltr'><strong>ut</strong></span> <span class='ocrx_word' id='word_1_143' title='bbox 1152 1915 1257 1981; x_wconf 92' lang='lat' dir='ltr'><strong>denuc</strong></span> <span class='ocrx_word' id='word_1_144' title='bbox 1284 1925 1416 2001; x_wconf 90' lang='lat' dir='ltr'><strong>propter</strong></span> <span class='ocrx_word' id='word_1_145' title='bbox 1443 1925 1588 1980; x_wconf 91' lang='lat' dir='ltr'><strong>eternam</strong></span> <span class='ocrx_word' id='word_1_146' title='bbox 1616 1918 1914 1982; x_wconf 87' lang='lat' dir='ltr'><strong>remuneracionem</strong></span> 
     </span>
     <span class='ocr_line' id='line_1_15' title="bbox 269 2018 1916 2105; baseline 0 -21"><span class='ocrx_word' id='word_1_147' title='bbox 269 2019 340 2084; x_wconf 88' lang='lat' dir='ltr'><strong>talia</strong></span> <span class='ocrx_word' id='word_1_148' title='bbox 369 2019 552 2085; x_wconf 83' lang='lat' dir='ltr'><strong>concedere</strong></span> <span class='ocrx_word' id='word_1_149' title='bbox 580 2027 636 2083; x_wconf 72' lang='lat' dir='ltr'><strong>ete</strong></span> <span class='ocrx_word' id='word_1_150' title='bbox 663 2019 857 2084; x_wconf 89' lang='lat' dir='ltr'><strong>confirmare</strong></span> <span class='ocrx_word' id='word_1_151' title='bbox 887 2018 1093 2101; x_wconf 84' lang='lat' dir='ltr'><strong>deberemus,</strong></span> <span class='ocrx_word' id='word_1_152' title='bbox 1128 2021 1220 2083; x_wconf 89' lang='lat' dir='ltr'><strong>euius</strong></span> <span class='ocrx_word' id='word_1_153' title='bbox 1249 2021 1404 2105; x_wconf 90' lang='lat' dir='ltr'><strong>peticioni</strong></span> <span class='ocrx_word' id='word_1_154' title='bbox 1427 2041 1485 2104; x_wconf 91' lang='lat' dir='ltr'><strong>pro</strong></span> <span class='ocrx_word' id='word_1_155' title='bbox 1509 2019 1619 2084; x_wconf 72' lang='lat' dir='ltr'><strong>diiino</strong></span> <span class='ocrx_word' id='word_1_156' title='bbox 1644 2043 1755 2085; x_wconf 89' lang='lat' dir='ltr'><strong>amore</strong></span> <span class='ocrx_word' id='word_1_157' title='bbox 1778 2020 1916 2085; x_wconf 89' lang='lat' dir='ltr'><strong>libenter</strong></span> 
     </span>
     <span class='ocr_line' id='line_1_16' title="bbox 234 2122 1915 2208; baseline 0.002 -23"><span class='ocrx_word' id='word_1_158' title='bbox 234 2137 256 2186; x_wconf 78' lang='lat' dir='ltr'><strong>lt</strong></span> <span class='ocrx_word' id='word_1_159' title='bbox 268 2126 435 2189; x_wconf 87' lang='lat' dir='ltr'><strong>annuimus</strong></span> <span class='ocrx_word' id='word_1_160' title='bbox 458 2134 491 2188; x_wconf 92' lang='lat' dir='ltr'><strong>et</strong></span> <span class='ocrx_word' id='word_1_161' title='bbox 514 2126 548 2188; x_wconf 93' lang='lat' dir='ltr'><strong>in</strong></span> <span class='ocrx_word' id='word_1_162' title='bbox 571 2123 720 2188; x_wconf 91' lang='lat' dir='ltr'><strong>omnibus</strong></span> <span class='ocrx_word' id='word_1_163' title='bbox 743 2133 775 2186; x_wconf 91' lang='lat' dir='ltr'><strong>et</strong></span> <span class='ocrx_word' id='word_1_164' title='bbox 798 2132 965 2208; x_wconf 90' lang='lat' dir='ltr'><strong>presentes</strong></span> <span class='ocrx_word' id='word_1_165' title='bbox 994 2133 1026 2186; x_wconf 90' lang='lat' dir='ltr'><strong>et</strong></span> <span class='ocrx_word' id='word_1_166' title='bbox 1054 2125 1153 2187; x_wconf 86' lang='lat' dir='ltr'><strong>futuri</strong></span> <span class='ocrx_word' id='word_1_167' title='bbox 1180 2122 1294 2187; x_wconf 87' lang='lat' dir='ltr'><strong>fideles</strong></span> <span class='ocrx_word' id='word_1_168' title='bbox 1319 2133 1430 2187; x_wconf 90' lang='lat' dir='ltr'><strong>sancte</strong></span> <span class='ocrx_word' id='word_1_169' title='bbox 1454 2123 1505 2186; x_wconf 90' lang='lat' dir='ltr'><strong>dei</strong></span> <span class='ocrx_word' id='word_1_170' title='bbox 1529 2123 1666 2188; x_wconf 89' lang='lat' dir='ltr'><strong>ecclesie</strong></span> <span class='ocrx_word' id='word_1_171' title='bbox 1689 2134 1722 2188; x_wconf 90' lang='lat' dir='ltr'><strong>et</strong></span> <span class='ocrx_word' id='word_1_172' title='bbox 1742 2127 1844 2189; x_wconf 92' lang='lat' dir='ltr'><strong>nostri</strong></span> <span class='ocrx_word' id='word_1_173' title='bbox 1867 2127 1915 2188; x_wconf 89' lang='lat' dir='ltr'><strong>ita</strong></span> 
     </span>
     <span class='ocr_line' id='line_1_17' title="bbox 269 2227 1914 2314; baseline -0.001 -21"><span class='ocrx_word' id='word_1_174' title='bbox 269 2251 454 2294; x_wconf 89' lang='lat' dir='ltr'><strong>concessum</strong></span> <span class='ocrx_word' id='word_1_175' title='bbox 478 2237 575 2314; x_wconf 88' lang='lat' dir='ltr'><strong>atque</strong></span> <span class='ocrx_word' id='word_1_176' title='bbox 599 2236 755 2313; x_wconf 88' lang='lat' dir='ltr'><strong>perpetuo</strong></span> <span class='ocrx_word' id='word_1_177' title='bbox 780 2250 800 2291; x_wconf 93' lang='lat' dir='ltr'><strong>a</strong></span> <span class='ocrx_word' id='word_1_178' title='bbox 822 2227 918 2292; x_wconf 90' lang='lat' dir='ltr'><strong>nobis</strong></span> <span class='ocrx_word' id='word_1_179' title='bbox 942 2227 1169 2292; x_wconf 90' lang='lat' dir='ltr'><strong>confirmatum</strong></span> <span class='ocrx_word' id='word_1_180' title='bbox 1193 2250 1264 2291; x_wconf 87' lang='lat' dir='ltr'><strong>esse</strong></span> <span class='ocrx_word' id='word_1_181' title='bbox 1288 2236 1499 2312; x_wconf 85' lang='lat' dir='ltr'><strong>cognoscant.</strong></span> <span class='ocrx_word' id='word_1_182' title='bbox 1537 2227 1665 2293; x_wconf 90' lang='lat' dir='ltr'><strong>Idcirco</strong></span> <span class='ocrx_word' id='word_1_183' title='bbox 1689 2238 1822 2314; x_wconf 89' lang='lat' dir='ltr'><strong>propter</strong></span> <span class='ocrx_word' id='word_1_184' title='bbox 1844 2231 1914 2292; x_wconf 93' lang='lat' dir='ltr'><strong>eius</strong></span> 
     </span>
     <span class='ocr_line' id='line_1_18' title="bbox 269 2331 1916 2418; baseline 0 -21"><span class='ocrx_word' id='word_1_185' title='bbox 269 2335 457 2418; x_wconf 90' lang='lat' dir='ltr'><strong>peticionem</strong></span> <span class='ocrx_word' id='word_1_186' title='bbox 479 2334 547 2396; x_wconf 88' lang='lat' dir='ltr'><strong>tale</strong></span> <span class='ocrx_word' id='word_1_187' title='bbox 568 2331 762 2397; x_wconf 86' lang='lat' dir='ltr'><strong>beneficium</strong></span> <span class='ocrx_word' id='word_1_188' title='bbox 784 2334 818 2397; x_wconf 91' lang='lat' dir='ltr'><strong>in</strong></span> <span class='ocrx_word' id='word_1_189' title='bbox 841 2331 1053 2397; x_wconf 85' lang='lat' dir='ltr'><strong>elemosinam</strong></span> <span class='ocrx_word' id='word_1_190' title='bbox 1066 2342 1214 2397; x_wconf 87' lang='lat' dir='ltr'><strong>nostram</strong></span> <span class='ocrx_word' id='word_1_191' title='bbox 1229 2332 1272 2397; x_wconf 91' lang='lat' dir='ltr'><strong>ad</strong></span> <span class='ocrx_word' id='word_1_192' title='bbox 1288 2332 1469 2418; x_wconf 89' lang='lat' dir='ltr'><strong>predictum</strong></span> <span class='ocrx_word' id='word_1_193' title='bbox 1492 2331 1600 2397; x_wconf 90' lang='lat' dir='ltr'><strong>locum</strong></span> <span class='ocrx_word' id='word_1_194' title='bbox 1624 2334 1855 2416; x_wconf 83' lang='lat' dir='ltr'><strong>concessimus,</strong></span> <span class='ocrx_word' id='word_1_195' title='bbox 1879 2342 1916 2398; x_wconf 90' lang='lat' dir='ltr'><strong>ut</strong></span> 
     </span>
     <span class='ocr_line' id='line_1_19' title="bbox 268 2434 1914 2522; baseline -0.001 -21"><span class='ocrx_word' id='word_1_196' title='bbox 268 2436 369 2501; x_wconf 88' lang='lat' dir='ltr'><strong>nullus</strong></span> <span class='ocrx_word' id='word_1_197' title='bbox 392 2435 494 2501; x_wconf 87' lang='lat' dir='ltr'><strong>iudex</strong></span> <span class='ocrx_word' id='word_1_198' title='bbox 517 2434 667 2521; x_wconf 90' lang='lat' dir='ltr'><strong>publicus</strong></span> <span class='ocrx_word' id='word_1_199' title='bbox 690 2458 795 2521; x_wconf 92' lang='lat' dir='ltr'><strong>neque</strong></span> <span class='ocrx_word' id='word_1_200' title='bbox 819 2436 972 2522; x_wconf 89' lang='lat' dir='ltr'><strong>quislibet</strong></span> <span class='ocrx_word' id='word_1_201' title='bbox 995 2460 1038 2501; x_wconf 89' lang='lat' dir='ltr'><strong>ex</strong></span> <span class='ocrx_word' id='word_1_202' title='bbox 1060 2436 1231 2502; x_wconf 89' lang='lat' dir='ltr'><strong>iudiciaria</strong></span> <span class='ocrx_word' id='word_1_203' title='bbox 1254 2443 1417 2522; x_wconf 86' lang='lat' dir='ltr'><strong>potestate</strong></span> <span class='ocrx_word' id='word_1_204' title='bbox 1439 2457 1544 2520; x_wconf 89' lang='lat' dir='ltr'><strong>neque</strong></span> <span class='ocrx_word' id='word_1_205' title='bbox 1573 2435 1726 2521; x_wconf 89' lang='lat' dir='ltr'><strong>quislibet</strong></span> <span class='ocrx_word' id='word_1_206' title='bbox 1748 2460 1790 2500; x_wconf 86' lang='lat' dir='ltr'><strong>ex</strong></span> <span class='ocrx_word' id='word_1_207' title='bbox 1812 2435 1914 2502; x_wconf 89' lang='lat' dir='ltr'><strong>fideli-</strong></span> 
     </span>
     <span class='ocr_line' id='line_1_20' title="bbox 267 2538 1914 2626; baseline -0.001 -22"><span class='ocrx_word' id='word_1_208' title='bbox 267 2540 324 2604; x_wconf 92' lang='lat' dir='ltr'><strong>bus</strong></span> <span class='ocrx_word' id='word_1_209' title='bbox 337 2542 461 2606; x_wconf 88' lang='lat' dir='ltr'><strong>nostris</strong></span> <span class='ocrx_word' id='word_1_210' title='bbox 476 2542 511 2604; x_wconf 94' lang='lat' dir='ltr'><strong>in</strong></span> <span class='ocrx_word' id='word_1_211' title='bbox 527 2540 673 2604; x_wconf 88' lang='lat' dir='ltr'><strong>ecclesiis</strong></span> <span class='ocrx_word' id='word_1_212' title='bbox 689 2549 747 2604; x_wconf 92' lang='lat' dir='ltr'><strong>aut</strong></span> <span class='ocrx_word' id='word_1_213' title='bbox 762 2541 844 2605; x_wconf 89' lang='lat' dir='ltr'><strong>locis</strong></span> <span class='ocrx_word' id='word_1_214' title='bbox 866 2541 919 2605; x_wconf 92' lang='lat' dir='ltr'><strong>vel</strong></span> <span class='ocrx_word' id='word_1_215' title='bbox 943 2543 1031 2626; x_wconf 88' lang='lat' dir='ltr'><strong>agris</strong></span> <span class='ocrx_word' id='word_1_216' title='bbox 1056 2564 1113 2605; x_wconf 91' lang='lat' dir='ltr'><strong>seu</strong></span> <span class='ocrx_word' id='word_1_217' title='bbox 1134 2539 1267 2626; x_wconf 89' lang='lat' dir='ltr'><strong>reliquis</strong></span> <span class='ocrx_word' id='word_1_218' title='bbox 1291 2538 1554 2624; x_wconf 87' lang='lat' dir='ltr'><strong>possessionibus</strong></span> <span class='ocrx_word' id='word_1_219' title='bbox 1576 2548 1754 2603; x_wconf 90' lang='lat' dir='ltr'><strong>memorate</strong></span> <span class='ocrx_word' id='word_1_220' title='bbox 1777 2539 1914 2604; x_wconf 83' lang='lat' dir='ltr'><strong>ecclesie</strong></span> 
     </span>
     <span class='ocr_line' id='line_1_21' title="bbox 232 2640 1914 2730; baseline 0 -22"><span class='ocrx_word' id='word_1_221' title='bbox 232 2669 256 2718; x_wconf 74' lang='lat'><strong>20</strong></span> <span class='ocrx_word' id='word_1_222' title='bbox 270 2668 345 2730; x_wconf 86' lang='lat' dir='ltr'><strong>quas</strong></span> <span class='ocrx_word' id='word_1_223' title='bbox 368 2643 526 2710; x_wconf 87' lang='lat' dir='ltr'><strong>moderno</strong></span> <span class='ocrx_word' id='word_1_224' title='bbox 549 2653 695 2729; x_wconf 90' lang='lat' dir='ltr'><strong>tempore</strong></span> <span class='ocrx_word' id='word_1_225' title='bbox 717 2666 776 2728; x_wconf 93' lang='lat' dir='ltr'><strong>per</strong></span> <span class='ocrx_word' id='word_1_226' title='bbox 799 2644 997 2709; x_wconf 85' lang='lat' dir='ltr'><strong>donaciones</strong></span> <span class='ocrx_word' id='word_1_227' title='bbox 1020 2667 1133 2730; x_wconf 90' lang='lat' dir='ltr'><strong>regum</strong></span> <span class='ocrx_word' id='word_1_228' title='bbox 1155 2645 1405 2728; x_wconf 81' lang='lat' dir='ltr'><strong>reginarumque</strong></span> <span class='ocrx_word' id='word_1_229' title='bbox 1425 2640 1479 2706; x_wconf 89' lang='lat' dir='ltr'><strong>rel</strong></span> <span class='ocrx_word' id='word_1_230' title='bbox 1494 2652 1676 2708; x_wconf 90' lang='lat' dir='ltr'><strong>ceterorum</strong></span> <span class='ocrx_word' id='word_1_231' title='bbox 1691 2643 1835 2710; x_wconf 89' lang='lat' dir='ltr'><strong>fidelium</strong></span> <span class='ocrx_word' id='word_1_232' title='bbox 1854 2666 1914 2709; x_wconf 90' lang='lat' dir='ltr'><strong>nee</strong></span> 
     </span>
     <span class='ocr_line' id='line_1_22' title="bbox 268 2745 1915 2834; baseline -0.001 -20"><span class='ocrx_word' id='word_1_233' title='bbox 268 2772 327 2814; x_wconf 90' lang='lat' dir='ltr'><strong>non</strong></span> <span class='ocrx_word' id='word_1_234' title='bbox 349 2758 383 2812; x_wconf 90' lang='lat' dir='ltr'><strong>et</strong></span> <span class='ocrx_word' id='word_1_235' title='bbox 406 2748 448 2813; x_wconf 93' lang='lat' dir='ltr'><strong>de</strong></span> <span class='ocrx_word' id='word_1_236' title='bbox 470 2745 677 2833; x_wconf 71' lang='lat' dir='ltr'><strong>conparatud</strong></span> <span class='ocrx_word' id='word_1_237' title='bbox 706 2749 740 2811; x_wconf 92' lang='lat' dir='ltr'><strong>in</strong></span> <span class='ocrx_word' id='word_1_238' title='bbox 768 2747 967 2832; x_wconf 88' lang='lat' dir='ltr'><strong>quibuslibet</strong></span> <span class='ocrx_word' id='word_1_239' title='bbox 996 2749 1091 2834; x_wconf 85' lang='lat' dir='ltr'><strong>pagis</strong></span> <span class='ocrx_word' id='word_1_240' title='bbox 1118 2746 1170 2810; x_wconf 90' lang='lat' dir='ltr'><strong>vel</strong></span> <span class='ocrx_word' id='word_1_241' title='bbox 1200 2747 1370 2810; x_wconf 89' lang='lat' dir='ltr'><strong>territoriis</strong></span> <span class='ocrx_word' id='word_1_242' title='bbox 1392 2747 1483 2830; x_wconf 89' lang='lat' dir='ltr'><strong>regni</strong></span> <span class='ocrx_word' id='word_1_243' title='bbox 1506 2748 1608 2811; x_wconf 88' lang='lat' dir='ltr'><strong>nostri</strong></span> <span class='ocrx_word' id='word_1_244' title='bbox 1633 2755 1665 2810; x_wconf 90' lang='lat' dir='ltr'><strong>ct</strong></span> <span class='ocrx_word' id='word_1_245' title='bbox 1687 2748 1771 2811; x_wconf 88' lang='lat' dir='ltr'><strong>iuste</strong></span> <span class='ocrx_word' id='word_1_246' title='bbox 1793 2747 1915 2812; x_wconf 90' lang='lat' dir='ltr'><strong>habere</strong></span> 
     </span>
     <span class='ocr_line' id='line_1_23' title="bbox 268 2849 1914 2937; baseline -0.001 -21"><span class='ocrx_word' id='word_1_247' title='bbox 268 2853 315 2918; x_wconf 87' lang='lat' dir='ltr'><strong>rel</strong></span> <span class='ocrx_word' id='word_1_248' title='bbox 331 2852 500 2937; x_wconf 90' lang='lat' dir='ltr'><strong>possidere</strong></span> <span class='ocrx_word' id='word_1_249' title='bbox 517 2851 706 2933; x_wconf 87' lang='lat' dir='ltr'><strong>dinoscitur,</strong></span> <span class='ocrx_word' id='word_1_250' title='bbox 728 2850 781 2915; x_wconf 88' lang='lat' dir='ltr'><strong>vel</strong></span> <span class='ocrx_word' id='word_1_251' title='bbox 801 2851 960 2937; x_wconf 91' lang='lat' dir='ltr'><strong>quidquid</strong></span> <span class='ocrx_word' id='word_1_252' title='bbox 983 2853 1081 2916; x_wconf 91' lang='lat' dir='ltr'><strong>etiam</strong></span> <span class='ocrx_word' id='word_1_253' title='bbox 1105 2852 1258 2936; x_wconf 88' lang='lat' dir='ltr'><strong>deinceps</strong></span> <span class='ocrx_word' id='word_1_254' title='bbox 1281 2851 1315 2914; x_wconf 93' lang='lat' dir='ltr'><strong>in</strong></span> <span class='ocrx_word' id='word_1_255' title='bbox 1336 2851 1406 2914; x_wconf 93' lang='lat' dir='ltr'><strong>iure</strong></span> <span class='ocrx_word' id='word_1_256' title='bbox 1427 2851 1531 2935; x_wconf 91' lang='lat' dir='ltr'><strong>ipsius</strong></span> <span class='ocrx_word' id='word_1_257' title='bbox 1554 2851 1617 2914; x_wconf 90' lang='lat' dir='ltr'><strong>loci</strong></span> <span class='ocrx_word' id='word_1_258' title='bbox 1640 2849 1780 2914; x_wconf 83' lang='lat' dir='ltr'><strong>voluerit</strong></span> <span class='ocrx_word' id='word_1_259' title='bbox 1803 2850 1914 2915; x_wconf 90' lang='lat' dir='ltr'><strong>divina</strong></span> 
     </span>
     <span class='ocr_line' id='line_1_24' title="bbox 269 2953 1914 3041; baseline 0 -21"><span class='ocrx_word' id='word_1_260' title='bbox 269 2958 368 3041; x_wconf 87' lang='lat' dir='ltr'><strong>pietas</strong></span> <span class='ocrx_word' id='word_1_261' title='bbox 402 2957 533 3040; x_wconf 89' lang='lat' dir='ltr'><strong>augeri,</strong></span> <span class='ocrx_word' id='word_1_262' title='bbox 568 2955 612 3019; x_wconf 91' lang='lat' dir='ltr'><strong>ad</strong></span> <span class='ocrx_word' id='word_1_263' title='bbox 639 2977 758 3019; x_wconf 87' lang='lat' dir='ltr'><strong>causas</strong></span> <span class='ocrx_word' id='word_1_264' title='bbox 787 2955 968 3020; x_wconf 86' lang='lat' dir='ltr'><strong>audiendas</strong></span> <span class='ocrx_word' id='word_1_265' title='bbox 996 2955 1049 3019; x_wconf 85' lang='lat' dir='ltr'><strong>rel</strong></span> <span class='ocrx_word' id='word_1_266' title='bbox 1084 2956 1167 3020; x_wconf 87' lang='lat' dir='ltr'><strong>freta</strong></span> <span class='ocrx_word' id='word_1_267' title='bbox 1201 2953 1364 3039; x_wconf 84' lang='lat' dir='ltr'><strong>exigenda</strong></span> <span class='ocrx_word' id='word_1_268' title='bbox 1397 2963 1455 3017; x_wconf 90' lang='lat' dir='ltr'><strong>aut</strong></span> <span class='ocrx_word' id='word_1_269' title='bbox 1481 2957 1669 3018; x_wconf 91' lang='lat' dir='ltr'><strong>mansiones</strong></span> <span class='ocrx_word' id='word_1_270' title='bbox 1698 2954 1751 3018; x_wconf 86' lang='lat' dir='ltr'><strong>vel</strong></span> <span class='ocrx_word' id='word_1_271' title='bbox 1780 2966 1914 3041; x_wconf 89' lang='lat' dir='ltr'><strong>paratas</strong></span> 
     </span>
     <span class='ocr_line' id='line_1_25' title="bbox 268 3057 1915 3146; baseline 0.001 -22"><span class='ocrx_word' id='word_1_272' title='bbox 268 3060 432 3124; x_wconf 88' lang='lat' dir='ltr'><strong>faciendas</strong></span> <span class='ocrx_word' id='word_1_273' title='bbox 460 3082 520 3123; x_wconf 92' lang='lat' dir='ltr'><strong>nec</strong></span> <span class='ocrx_word' id='word_1_274' title='bbox 548 3059 757 3124; x_wconf 88' lang='lat' dir='ltr'><strong>fideiussores</strong></span> <span class='ocrx_word' id='word_1_275' title='bbox 786 3059 948 3123; x_wconf 92' lang='lat' dir='ltr'><strong>tollendos</strong></span> <span class='ocrx_word' id='word_1_276' title='bbox 978 3068 1035 3122; x_wconf 91' lang='lat' dir='ltr'><strong>aut</strong></span> <span class='ocrx_word' id='word_1_277' title='bbox 1061 3058 1209 3123; x_wconf 90' lang='lat' dir='ltr'><strong>homines</strong></span> <span class='ocrx_word' id='word_1_278' title='bbox 1238 3058 1341 3143; x_wconf 90' lang='lat' dir='ltr'><strong>ipsius</strong></span> <span class='ocrx_word' id='word_1_279' title='bbox 1370 3057 1507 3121; x_wconf 88' lang='lat' dir='ltr'><strong>ecclesie</strong></span> <span class='ocrx_word' id='word_1_280' title='bbox 1534 3067 1601 3122; x_wconf 87' lang='lat' dir='ltr'><strong>tam</strong></span> <span class='ocrx_word' id='word_1_281' title='bbox 1629 3059 1789 3143; x_wconf 89' lang='lat' dir='ltr'><strong>ingenuos</strong></span> <span class='ocrx_word' id='word_1_282' title='bbox 1817 3082 1915 3146; x_wconf 91' lang='lat' dir='ltr'><strong>quam</strong></span> 
     </span>
    </p>
   </div>
   <div class='ocr_carea' id='block_1_4' title="bbox 226 3160 1967 3872">
    <p class='ocr_par' dir='ltr' id='par_1_5' title="bbox 229 3160 1967 3664">
     <span class='ocr_line' id='line_1_26' title="bbox 229 3160 1967 3264; baseline 0.003 -36"><span class='ocrx_word' id='word_1_283' title='bbox 229 3189 254 3236; x_wconf 79' lang='lat' dir='ltr'><strong>tc</strong></span> <span class='ocrx_word' id='word_1_284' title='bbox 270 3186 377 3230; x_wconf 87' lang='lat' dir='ltr'><strong>servos</strong></span> <span class='ocrx_word' id='word_1_285' title='bbox 399 3165 519 3228; x_wconf 90' lang='lat' dir='ltr'><strong>iniuste</strong></span> <span class='ocrx_word' id='word_1_286' title='bbox 543 3163 783 3248; x_wconf 81' lang='lat' dir='ltr'><strong>distringendos</strong></span> <span class='ocrx_word' id='word_1_287' title='bbox 806 3186 866 3227; x_wconf 92' lang='lat' dir='ltr'><strong>nec</strong></span> <span class='ocrx_word' id='word_1_288' title='bbox 889 3162 973 3226; x_wconf 89' lang='lat' dir='ltr'><strong>ullas</strong></span> <span class='ocrx_word' id='word_1_289' title='bbox 996 3162 1223 3227; x_wconf 88' lang='lat' dir='ltr'><strong>redibuciones</strong></span> <span class='ocrx_word' id='word_1_290' title='bbox 1246 3171 1303 3224; x_wconf 89' lang='lat' dir='ltr'><strong>aut</strong></span> <span class='ocrx_word' id='word_1_291' title='bbox 1324 3160 1466 3225; x_wconf 88' lang='lat' dir='ltr'><strong>inlicitas</strong></span> <span class='ocrx_word' id='word_1_292' title='bbox 1490 3164 1680 3227; x_wconf 88' lang='lat' dir='ltr'><strong>occasiones</strong></span> <span class='ocrx_word' id='word_1_293' title='bbox 1702 3164 1915 3264; x_wconf 87' lang='lat' dir='ltr'><strong>requirendas</strong></span> <span class='ocrx_word' id='word_1_294' title='bbox 1963 3226 1967 3233; x_wconf 85' lang='grc'><em>,</em></span> 
     </span>
     <span class='ocr_line' id='line_1_27' title="bbox 267 3266 1915 3353; baseline 0 -22"><span class='ocrx_word' id='word_1_295' title='bbox 267 3267 329 3332; x_wconf 90' lang='lat' dir='ltr'><strong>ullo</strong></span> <span class='ocrx_word' id='word_1_296' title='bbox 350 3289 507 3353; x_wconf 91' lang='lat' dir='ltr'><strong>umquam</strong></span> <span class='ocrx_word' id='word_1_297' title='bbox 530 3276 676 3352; x_wconf 90' lang='lat' dir='ltr'><strong>tempore</strong></span> <span class='ocrx_word' id='word_1_298' title='bbox 698 3266 824 3352; x_wconf 89' lang='lat' dir='ltr'><strong>ingredi</strong></span> <span class='ocrx_word' id='word_1_299' title='bbox 848 3266 969 3331; x_wconf 86' lang='lat' dir='ltr'><strong>audeat</strong></span> <span class='ocrx_word' id='word_1_300' title='bbox 990 3266 1042 3330; x_wconf 91' lang='lat' dir='ltr'><strong>vel</strong></span> <span class='ocrx_word' id='word_1_301' title='bbox 1070 3267 1158 3351; x_wconf 85' lang='lat' dir='ltr'><strong>exigi</strong></span> <span class='ocrx_word' id='word_1_302' title='bbox 1188 3274 1370 3351; x_wconf 89' lang='lat' dir='ltr'><strong>presumat,</strong></span> <span class='ocrx_word' id='word_1_303' title='bbox 1405 3266 1464 3330; x_wconf 91' lang='lat' dir='ltr'><strong>sed</strong></span> <span class='ocrx_word' id='word_1_304' title='bbox 1491 3266 1589 3351; x_wconf 83' lang='lat' dir='ltr'><strong>liceat</strong></span> <span class='ocrx_word' id='word_1_305' title='bbox 1616 3267 1762 3352; x_wconf 88' lang='lat' dir='ltr'><strong>predicto</strong></span> <span class='ocrx_word' id='word_1_306' title='bbox 1793 3267 1915 3353; x_wconf 90' lang='lat' dir='ltr'><strong>presuli</strong></span> 
     </span>
     <span class='ocr_line' id='line_1_28' title="bbox 268 3369 1914 3458; baseline 0 -23"><span class='ocrx_word' id='word_1_307' title='bbox 268 3372 396 3458; x_wconf 85' lang='lat' dir='ltr'><strong>suisque</strong></span> <span class='ocrx_word' id='word_1_308' title='bbox 425 3370 669 3435; x_wconf 89' lang='lat' dir='ltr'><strong>successoribus</strong></span> <span class='ocrx_word' id='word_1_309' title='bbox 699 3393 752 3435; x_wconf 89' lang='lat' dir='ltr'><strong>res</strong></span> <span class='ocrx_word' id='word_1_310' title='bbox 780 3370 926 3456; x_wconf 90' lang='lat' dir='ltr'><strong>predicte</strong></span> <span class='ocrx_word' id='word_1_311' title='bbox 955 3369 1092 3435; x_wconf 90' lang='lat' dir='ltr'><strong>ccelesic</strong></span> <span class='ocrx_word' id='word_1_312' title='bbox 1116 3370 1175 3435; x_wconf 86' lang='lat' dir='ltr'><strong>sub</strong></span> <span class='ocrx_word' id='word_1_313' title='bbox 1200 3372 1386 3435; x_wconf 88' lang='lat' dir='ltr'><strong>emunitatis</strong></span> <span class='ocrx_word' id='word_1_314' title='bbox 1408 3371 1551 3435; x_wconf 90' lang='lat' dir='ltr'><strong>tuicione</strong></span> <span class='ocrx_word' id='word_1_315' title='bbox 1574 3372 1741 3457; x_wconf 90' lang='lat' dir='ltr'><strong>possidere</strong></span> <span class='ocrx_word' id='word_1_316' title='bbox 1764 3380 1798 3436; x_wconf 91' lang='lat' dir='ltr'><strong>et</strong></span> <span class='ocrx_word' id='word_1_317' title='bbox 1818 3371 1914 3438; x_wconf 89' lang='lat' dir='ltr'><strong>nobis</strong></span> 
     </span>
     <span class='ocr_line' id='line_1_29' title="bbox 267 3472 1914 3561; baseline 0 -22"><span class='ocrx_word' id='word_1_318' title='bbox 267 3474 402 3540; x_wconf 89' lang='lat' dir='ltr'><strong>fideliter</strong></span> <span class='ocrx_word' id='word_1_319' title='bbox 430 3475 594 3540; x_wconf 88' lang='lat' dir='ltr'><strong>deservire</strong></span> <span class='ocrx_word' id='word_1_320' title='bbox 624 3484 722 3561; x_wconf 90' lang='lat' dir='ltr'><strong>atque</strong></span> <span class='ocrx_word' id='word_1_321' title='bbox 752 3496 812 3560; x_wconf 89' lang='lat' dir='ltr'><strong>pro</strong></span> <span class='ocrx_word' id='word_1_322' title='bbox 841 3484 955 3540; x_wconf 89' lang='lat' dir='ltr'><strong>nostra</strong></span> <span class='ocrx_word' id='word_1_323' title='bbox 985 3472 1163 3539; x_wconf 88' lang='lat' dir='ltr'><strong>stabilitate</strong></span> <span class='ocrx_word' id='word_1_324' title='bbox 1191 3473 1244 3538; x_wconf 88' lang='lat' dir='ltr'><strong>vel</strong></span> <span class='ocrx_word' id='word_1_325' title='bbox 1272 3475 1377 3539; x_wconf 89' lang='lat' dir='ltr'><strong>tocius</strong></span> <span class='ocrx_word' id='word_1_326' title='bbox 1405 3476 1496 3559; x_wconf 90' lang='lat' dir='ltr'><strong>regni</strong></span> <span class='ocrx_word' id='word_1_327' title='bbox 1520 3497 1541 3538; x_wconf 90' lang='lat' dir='ltr'><strong>a</strong></span> <span class='ocrx_word' id='word_1_328' title='bbox 1564 3474 1625 3539; x_wconf 90' lang='lat' dir='ltr'><strong>deo</strong></span> <span class='ocrx_word' id='word_1_329' title='bbox 1648 3475 1743 3540; x_wconf 91' lang='lat' dir='ltr'><strong>nobis</strong></span> <span class='ocrx_word' id='word_1_330' title='bbox 1767 3477 1914 3540; x_wconf 90' lang='lat' dir='ltr'><strong>concessi</strong></span> 
     </span>
     <span class='ocr_line' id='line_1_30' title="bbox 267 3575 1914 3664; baseline 0.002 -23"><span class='ocrx_word' id='word_1_331' title='bbox 267 3586 361 3664; x_wconf 93' lang='lat' dir='ltr'><strong>atquc</strong></span> <span class='ocrx_word' id='word_1_332' title='bbox 392 3578 608 3643; x_wconf 82' lang='lat' dir='ltr'><strong>conservandi</strong></span> <span class='ocrx_word' id='word_1_333' title='bbox 636 3601 703 3642; x_wconf 91' lang='lat' dir='ltr'><strong>una</strong></span> <span class='ocrx_word' id='word_1_334' title='bbox 732 3600 806 3643; x_wconf 84' lang='lat' dir='ltr'><strong>curn</strong></span> <span class='ocrx_word' id='word_1_335' title='bbox 835 3578 922 3643; x_wconf 89' lang='lat' dir='ltr'><strong>clero</strong></span> <span class='ocrx_word' id='word_1_336' title='bbox 954 3587 1052 3664; x_wconf 86' lang='lat' dir='ltr'><strong>atque</strong></span> <span class='ocrx_word' id='word_1_337' title='bbox 1082 3575 1204 3663; x_wconf 90' lang='lat' dir='ltr'><strong>populo</strong></span> <span class='ocrx_word' id='word_1_338' title='bbox 1236 3577 1297 3641; x_wconf 92' lang='lat' dir='ltr'><strong>sibi</strong></span> <span class='ocrx_word' id='word_1_339' title='bbox 1327 3576 1472 3642; x_wconf 89' lang='lat' dir='ltr'><strong>subiecto</strong></span> <span class='ocrx_word' id='word_1_340' title='bbox 1507 3578 1629 3643; x_wconf 89' lang='lat' dir='ltr'><strong>domini</strong></span> <span class='ocrx_word' id='word_1_341' title='bbox 1657 3580 1914 3645; x_wconf 89' lang='lat' dir='ltr'><strong>misericordiam</strong></span> 
     </span>
    </p>

    <p class='ocr_par' dir='ltr' id='par_1_6' title="bbox 226 3679 1917 3872">
     <span class='ocr_line' id='line_1_31' title="bbox 226 3679 1917 3768; baseline -0.004 -15"><span class='ocrx_word' id='word_1_342' title='bbox 226 3705 254 3753; x_wconf 79' lang='lat'><strong>30</strong></span> <span class='ocrx_word' id='word_1_343' title='bbox 268 3706 412 3748; x_wconf 82' lang='lat' dir='ltr'><strong>exorare.</strong></span> <span class='ocrx_word' id='word_1_344' title='bbox 446 3684 513 3747; x_wconf 82' lang='lat' dir='ltr'><strong>Et⁰</strong></span> <span class='ocrx_word' id='word_1_345' title='bbox 535 3692 572 3747; x_wconf 91' lang='lat' dir='ltr'><strong>ut</strong></span> <span class='ocrx_word' id='word_1_346' title='bbox 593 3683 653 3747; x_wconf 89' lang='lat' dir='ltr'><strong>hcc</strong></span> <span class='ocrx_word' id='word_1_347' title='bbox 676 3684 856 3748; x_wconf 89' lang='lat' dir='ltr'><strong>auctoritas</strong></span> <span class='ocrx_word' id='word_1_348' title='bbox 873 3684 994 3747; x_wconf 92' lang='lat' dir='ltr'><strong>nostris</strong></span> <span class='ocrx_word' id='word_1_349' title='bbox 1010 3679 1213 3767; x_wconf 74' lang='lat' dir='ltr'><strong>fatuasques</strong></span> <span class='ocrx_word' id='word_1_350' title='bbox 1234 3682 1435 3767; x_wconf 89' lang='lat' dir='ltr'><strong>temporibus</strong></span> <span class='ocrx_word' id='word_1_351' title='bbox 1452 3682 1583 3747; x_wconf 90' lang='lat' dir='ltr'><strong>domino</strong></span> <span class='ocrx_word' id='word_1_352' title='bbox 1599 3691 1791 3768; x_wconf 86' lang='lat' dir='ltr'><strong>protegente</strong></span> <span class='ocrx_word' id='word_1_353' title='bbox 1806 3683 1917 3748; x_wconf 87' lang='lat' dir='ltr'><strong>valeat</strong></span> 
     </span>
     <span class='ocr_line' id='line_1_32' title="bbox 267 3784 1871 3872; baseline 0.001 -22"><span class='ocrx_word' id='word_1_354' title='bbox 267 3787 457 3851; x_wconf 89' lang='lat' dir='ltr'><strong>inconvulsa</strong></span> <span class='ocrx_word' id='word_1_355' title='bbox 479 3810 621 3870; x_wconf 89' lang='lat' dir='ltr'><strong>manere,</strong></span> <span class='ocrx_word' id='word_1_356' title='bbox 644 3809 744 3851; x_wconf 90' lang='lat' dir='ltr'><strong>manu</strong></span> <span class='ocrx_word' id='word_1_357' title='bbox 766 3795 879 3851; x_wconf 89' lang='lat' dir='ltr'><strong>nostra</strong></span> <span class='ocrx_word' id='word_1_358' title='bbox 901 3808 973 3849; x_wconf 92' lang='lat' dir='ltr'><strong>eam</strong></span> <span class='ocrx_word' id='word_1_359' title='bbox 989 3785 1190 3849; x_wconf 83' lang='lat' dir='ltr'><strong>firmavimus</strong></span> <span class='ocrx_word' id='word_1_360' title='bbox 1213 3784 1376 3871; x_wconf 88' lang='lat' dir='ltr'><strong>anuloque</strong></span> <span class='ocrx_word' id='word_1_361' title='bbox 1400 3785 1514 3850; x_wconf 89' lang='lat' dir='ltr'><strong>subtus</strong></span> <span class='ocrx_word' id='word_1_362' title='bbox 1537 3787 1684 3871; x_wconf 89' lang='lat' dir='ltr'><strong>insigniri</strong></span> <span class='ocrx_word' id='word_1_363' title='bbox 1707 3789 1871 3872; x_wconf 87' lang='lat' dir='ltr'><strong>iussimus.</strong></span> 
     </span>
    </p>
   </div>
   <div class='ocr_carea' id='block_1_5' title="bbox 223 3918 1918 4522">
    <p class='ocr_par' dir='ltr' id='par_1_7' title="bbox 223 3918 1918 4522">
     <span class='ocr_line' id='line_1_33' title="bbox 366 3918 688 3983; baseline 0.006 -2"><span class='ocrx_word' id='word_1_364' title='bbox 366 3918 492 3982; x_wconf 89' lang='lat' dir='ltr'><strong>Datum</strong></span> <span class='ocrx_word' id='word_1_365' title='bbox 515 3927 547 3981; x_wconf 93' lang='lat' dir='ltr'><strong>et</strong></span> <span class='ocrx_word' id='word_1_366' title='bbox 570 3926 688 3983; x_wconf 87' lang='lat' dir='ltr'><strong>cetera.</strong></span> 
     </span>
     <span class='ocr_line' id='line_1_34' title="bbox 436 4006 1372 4153; baseline 0.001 -83"><span class='ocrx_word' id='word_1_367' title='bbox 436 4063 439 4070; x_wconf 95' lang='lat'><strong><em>.</em></strong></span> <span class='ocrx_word' id='word_1_368' title='bbox 525 4006 552 4052; x_wconf 71' lang='grc'><strong>.</strong></span> <span class='ocrx_word' id='word_1_369' title='bbox 1073 4057 1109 4134; x_wconf 63' lang='grc'><strong>5.</strong></span> <span class='ocrx_word' id='word_1_370' title='bbox 1368 4142 1372 4153; x_wconf 49' lang='grc'><strong><em>1</em></strong></span> 
     </span>
     <span class='ocr_line' id='line_1_35' title="bbox 266 4198 1918 4300; baseline 0.002 -25"><span class='ocrx_word' id='word_1_371' title='bbox 266 4200 424 4276; x_wconf 81' lang='lat' dir='ltr'><strong>Korcrad</strong></span> <span class='ocrx_word' id='word_1_372' title='bbox 449 4202 610 4300; x_wconf 68' lang='lat' dir='ltr'><strong>barartyr</strong></span> <span class='ocrx_word' id='word_1_373' title='bbox 634 4200 714 4275; x_wconf 82' lang='lat' dir='ltr'><strong>dem</strong></span> <span class='ocrx_word' id='word_1_374' title='bbox 739 4200 880 4276; x_wconf 82' lang='lat' dir='ltr'><strong>Klostcr</strong></span> <span class='ocrx_word' id='word_1_375' title='bbox 906 4198 944 4278; x_wconf 76' lang='lat' dir='ltr'><strong><em>S.</em></strong></span> <span class='ocrx_word' id='word_1_376' title='bbox 972 4201 1101 4278; x_wconf 69' lang='lat' dir='ltr'><strong>Galea</strong></span> <span class='ocrx_word' id='word_1_377' title='bbox 1128 4203 1186 4276; x_wconf 83' lang='lat' dir='ltr'><strong>clc&#39;c</strong></span> <span class='ocrx_word' id='word_1_378' title='bbox 1213 4201 1441 4294; x_wconf 74' lang='lat' dir='ltr'><strong>Immaculat,</strong></span> <span class='ocrx_word' id='word_1_379' title='bbox 1471 4201 1537 4274; x_wconf 79' lang='lat' dir='ltr'><strong>clus</strong></span> <span class='ocrx_word' id='word_1_380' title='bbox 1559 4200 1811 4298; x_wconf 44' lang='grc' dir='ltr'><em>[11011111ῖί01-</em></span> <span class='ocrx_word' id='word_1_381' title='bbox 1838 4203 1918 4278; x_wconf 71' lang='lat' dir='ltr'><strong>acad</strong></span> 
     </span>
     <span class='ocr_line' id='line_1_36' title="bbox 223 4320 1563 4423; baseline 0.001 -30"><span class='ocrx_word' id='word_1_382' title='bbox 223 4346 252 4394; x_wconf 77' lang='lat' dir='ltr'><strong>aa</strong></span> <span class='ocrx_word' id='word_1_383' title='bbox 268 4324 331 4397; x_wconf 85' lang='lat' dir='ltr'><strong>clas</strong></span> <span class='ocrx_word' id='word_1_384' title='bbox 357 4323 572 4415; x_wconf 83' lang='lat' dir='ltr'><strong>Wablrecbt,</strong></span> <span class='ocrx_word' id='word_1_385' title='bbox 600 4325 705 4397; x_wconf 82' lang='lat' dir='ltr'><strong>socole</strong></span> <span class='ocrx_word' id='word_1_386' title='bbox 725 4325 868 4421; x_wconf 73' lang='lat' dir='ltr'><strong>petuisse</strong></span> <span class='ocrx_word' id='word_1_387' title='bbox 890 4321 1148 4423; x_wconf 67' lang='lat' dir='ltr'><strong>Scbaalcaapea</strong></span> <span class='ocrx_word' id='word_1_388' title='bbox 1170 4323 1230 4396; x_wconf 82' lang='lat' dir='ltr'><strong>cles</strong></span> <span class='ocrx_word' id='word_1_389' title='bbox 1251 4323 1358 4396; x_wconf 83' lang='lat' dir='ltr'><strong>Abtcs</strong></span> <span class='ocrx_word' id='word_1_390' title='bbox 1380 4320 1563 4398; x_wconf 76' lang='lat' dir='ltr'><strong>Saloncoa.</strong></span> 
     </span>
     <span class='ocr_line' id='line_1_37' title="bbox 1416 4447 1872 4522; baseline 0.004 -15"><span class='ocrx_word' id='word_1_391' title='bbox 1416 4447 1598 4522; x_wconf 71' lang='lat' dir='ltr'><strong>Strassbarp</strong></span> <span class='ocrx_word' id='word_1_392' title='bbox 1622 4451 1685 4509; x_wconf 83' lang='lat'><strong>912</strong></span> <span class='ocrx_word' id='word_1_393' title='bbox 1708 4448 1799 4506; x_wconf 78' lang='lat' dir='ltr'><strong>Mdra</strong></span> <span class='ocrx_word' id='word_1_394' title='bbox 1822 4452 1872 4509; x_wconf 82' lang='lat'><strong><em>14.</em></strong></span> 
     </span>
    </p>
   </div>
   <div class='ocr_carea' id='block_1_6' title="bbox 368 4600 1915 4779">
    <p class='ocr_par' dir='ltr' id='par_1_8' title="bbox 368 4600 1915 4779">
     <span class='ocr_line' id='line_1_38' title="bbox 372 4600 1915 4684; baseline -0.001 -20"><span class='ocrx_word' id='word_1_395' title='bbox 372 4604 585 4677; x_wconf 72' lang='lat' dir='ltr'><strong>Gleicbrcitlyc</strong></span> <span class='ocrx_word' id='word_1_396' title='bbox 607 4603 764 4676; x_wconf 79' lang='lat' dir='ltr'><strong>Absclrrift</strong></span> <span class='ocrx_word' id='word_1_397' title='bbox 789 4602 840 4682; x_wconf 75' lang='lat' dir='ltr'><strong>(A)</strong></span> <span class='ocrx_word' id='word_1_398' title='bbox 864 4601 931 4662; x_wconf 82' lang='lat' dir='ltr'><strong>aad</strong></span> <span class='ocrx_word' id='word_1_399' title='bbox 951 4605 1053 4662; x_wconf 68' lang='lat' dir='ltr'><strong>sarcita</strong></span> <span class='ocrx_word' id='word_1_400' title='bbox 1075 4623 1128 4662; x_wconf 77' lang='lat' dir='ltr'><strong>aar</strong></span> <span class='ocrx_word' id='word_1_401' title='bbox 1151 4600 1207 4661; x_wconf 84' lang='lat' dir='ltr'><strong>clas</strong></span> <span class='ocrx_word' id='word_1_402' title='bbox 1230 4601 1262 4661; x_wconf 86' lang='lat' dir='ltr'><strong><em>J.</em></strong></span> <span class='ocrx_word' id='word_1_403' title='bbox 1279 4603 1363 4661; x_wconf 92' lang='grc'><em>1000</em></span> <span class='ocrx_word' id='word_1_404' title='bbox 1390 4601 1591 4675; x_wconf 72' lang='lat' dir='ltr'><strong>aaqcfcrtiytc</strong></span> <span class='ocrx_word' id='word_1_405' title='bbox 1618 4603 1774 4676; x_wconf 80' lang='lat' dir='ltr'><strong>Abscbrist</strong></span> <span class='ocrx_word' id='word_1_406' title='bbox 1798 4603 1849 4684; x_wconf 84' lang='lat' dir='ltr'><strong>(B)</strong></span> <span class='ocrx_word' id='word_1_407' title='bbox 1873 4607 1915 4663; x_wconf 80' lang='lat' dir='ltr'><strong>im</strong></span> 
     </span>
     <span class='ocr_line' id='line_1_39' title="bbox 368 4707 816 4779; baseline -0.002 -11"><span class='ocrx_word' id='word_1_408' title='bbox 368 4708 561 4779; x_wconf 76' lang='lat' dir='ltr'><strong>Stiftsarcbic</strong></span> <span class='ocrx_word' id='word_1_409' title='bbox 582 4726 623 4766; x_wconf 73' lang='lat' dir='ltr'><strong>aa</strong></span> <span class='ocrx_word' id='word_1_410' title='bbox 645 4709 675 4768; x_wconf 84' lang='lat' dir='ltr'><strong><em>S.</em></strong></span> <span class='ocrx_word' id='word_1_411' title='bbox 696 4707 816 4767; x_wconf 61' lang='lat' dir='ltr'><strong>(tollen.</strong></span> 
     </span>
    </p>
   </div>
   <div class='ocr_carea' id='block_1_7' title="bbox 369 4836 2034 4912">
    <p class='ocr_par' dir='ltr' id='par_1_9' title="bbox 369 4836 2034 4912">
     <span class='ocr_line' id='line_1_40' title="bbox 369 4836 2034 4912; baseline -0.003 -14"><span class='ocrx_word' id='word_1_412' title='bbox 369 4839 511 4912; x_wconf 75' lang='lat' dir='ltr'><strong>Neuqart</strong></span> <span class='ocrx_word' id='word_1_413' title='bbox 541 4837 605 4900; x_wconf 77' lang='lat'><strong><em>01).</em></strong></span> <span class='ocrx_word' id='word_1_414' title='bbox 635 4839 733 4900; x_wconf 79' lang='lat' dir='ltr'><strong>Alam.</strong></span> <span class='ocrx_word' id='word_1_415' title='bbox 758 4843 787 4911; x_wconf 90' lang='lat'><strong>1,</strong></span> <span class='ocrx_word' id='word_1_416' title='bbox 810 4841 874 4900; x_wconf 86' lang='grc'><strong>560</strong></span> <span class='ocrx_word' id='word_1_417' title='bbox 896 4845 931 4898; x_wconf 85' lang='lat' dir='ltr'><strong>rc⁰</strong></span> <span class='ocrx_word' id='word_1_418' title='bbox 953 4842 1018 4899; x_wconf 76' lang='lat'><strong>682</strong></span> <span class='ocrx_word' id='word_1_419' title='bbox 1047 4857 1084 4898; x_wconf 78' lang='lat' dir='ltr'><strong>cx</strong></span> <span class='ocrx_word' id='word_1_420' title='bbox 1112 4840 1223 4901; x_wconf 86' lang='lat' dir='ltr'><strong>collect.</strong></span> <span class='ocrx_word' id='word_1_421' title='bbox 1253 4838 1328 4912; x_wconf 80' lang='lat' dir='ltr'><strong>dipl.</strong></span> <span class='ocrx_word' id='word_1_422' title='bbox 1358 4838 1396 4898; x_wconf 83' lang='lat'><strong><em>1).</em></strong></span> <span class='ocrx_word' id='word_1_423' title='bbox 1421 4836 1460 4898; x_wconf 83' lang='grc' dir='ltr'><strong>Ε.</strong></span> <span class='ocrx_word' id='word_1_424' title='bbox 1492 4837 1527 4896; x_wconf 88' lang='lat' dir='ltr'><strong>dc</strong></span> <span class='ocrx_word' id='word_1_425' title='bbox 1549 4839 1660 4898; x_wconf 86' lang='lat' dir='ltr'><strong>Hallcr</strong></span> <span class='ocrx_word' id='word_1_426' title='bbox 1681 4840 1851 4899; x_wconf 79' lang='lat' dir='ltr'><strong>Beraercsis</strong></span> <span class='ocrx_word' id='word_1_427' title='bbox 1874 4864 1914 4894; x_wconf 93' lang='lat'><strong><em>=</em></strong></span> <span class='ocrx_word' id='word_1_428' title='bbox 2027 4886 2034 4893; x_wconf 94' lang='lat'><strong><em>.</em></strong></span> 
     </span>
    </p>
   </div>
   <div class='ocr_carea' id='block_1_8' title="bbox 370 4942 1917 5225">
    <p class='ocr_par' dir='ltr' id='par_1_10' title="bbox 370 4942 1917 5225">
     <span class='ocr_line' id='line_1_41' title="bbox 374 4942 1916 5016; baseline 0.002 -13"><span class='ocrx_word' id='word_1_429' title='bbox 374 4943 526 5003; x_wconf 82' lang='lat' dir='ltr'><strong>Wirtemb.</strong></span> <span class='ocrx_word' id='word_1_430' title='bbox 548 4944 614 5003; x_wconf 79' lang='grc' dir='ltr'><strong>ΠΒ.</strong></span> <span class='ocrx_word' id='word_1_431' title='bbox 632 4945 661 5016; x_wconf 90' lang='grc'><strong>1,</strong></span> <span class='ocrx_word' id='word_1_432' title='bbox 676 4946 742 5003; x_wconf 75' lang='grc'><strong>208</strong></span> <span class='ocrx_word' id='word_1_433' title='bbox 756 4949 791 5001; x_wconf 81' lang='lat' dir='ltr'><strong>a⁰</strong></span> <span class='ocrx_word' id='word_1_434' title='bbox 807 4945 879 5015; x_wconf 83' lang='lat'><strong>179,</strong></span> <span class='ocrx_word' id='word_1_435' title='bbox 904 4967 944 4996; x_wconf 93' lang='lat'><strong><em>=</em></strong></span> <span class='ocrx_word' id='word_1_436' title='bbox 967 4944 1099 5002; x_wconf 82' lang='lat' dir='ltr'><strong>Bb&#39;bmcr</strong></span> <span class='ocrx_word' id='word_1_437' title='bbox 1112 4943 1151 5005; x_wconf 78' lang='lat' dir='ltr'><strong><em>A.</em></strong></span> <span class='ocrx_word' id='word_1_438' title='bbox 1173 4945 1263 5005; x_wconf 79' lang='lat' dir='ltr'><strong>Ooar.</strong></span> <span class='ocrx_word' id='word_1_439' title='bbox 1280 4947 1299 5002; x_wconf 90' lang='lat'><em>9</em></span> <span class='ocrx_word' id='word_1_440' title='bbox 1322 4949 1357 5001; x_wconf 80' lang='lat' dir='ltr'><strong>rt⁰</strong></span> <span class='ocrx_word' id='word_1_441' title='bbox 1379 4945 1409 5001; x_wconf 80' lang='lat'><strong><em>4.</em></strong></span> <span class='ocrx_word' id='word_1_442' title='bbox 1433 4975 1476 4985; x_wconf 89' lang='lat'>—</span> <span class='ocrx_word' id='word_1_443' title='bbox 1495 4942 1679 5002; x_wconf 73' lang='lat' dir='ltr'><strong>Waraaaa</strong></span> <span class='ocrx_word' id='word_1_444' title='bbox 1695 4943 1724 5004; x_wconf 83' lang='lat' dir='ltr'><strong><em>S.</em></strong></span> <span class='ocrx_word' id='word_1_445' title='bbox 1746 4944 1827 5005; x_wconf 82' lang='lat' dir='ltr'><strong>Gall.</strong></span> <span class='ocrx_word' id='word_1_446' title='bbox 1850 4945 1916 5006; x_wconf 82' lang='grc' dir='ltr'><strong>ΠΒ.</strong></span> 
     </span>
     <span class='ocr_line' id='line_1_42' title="bbox 370 5044 1917 5128; baseline 0.001 -22"><span class='ocrx_word' id='word_1_447' title='bbox 370 5049 402 5117; x_wconf 80' lang='lat'><strong>2,</strong></span> <span class='ocrx_word' id='word_1_448' title='bbox 425 5049 488 5106; x_wconf 85' lang='grc'><strong>308</strong></span> <span class='ocrx_word' id='word_1_449' title='bbox 510 5050 546 5104; x_wconf 83' lang='lat' dir='ltr'><strong>a⁰</strong></span> <span class='ocrx_word' id='word_1_450' title='bbox 571 5051 635 5106; x_wconf 81' lang='lat'><strong>767</strong></span> <span class='ocrx_word' id='word_1_451' title='bbox 658 5064 717 5105; x_wconf 83' lang='lat' dir='ltr'><strong>aas</strong></span> <span class='ocrx_word' id='word_1_452' title='bbox 739 5044 809 5110; x_wconf 84' lang='grc' dir='ltr'><strong>ΑΒ.</strong></span> <span class='ocrx_word' id='word_1_453' title='bbox 832 5081 874 5091; x_wconf 89' lang='grc'><strong>-</strong></span> <span class='ocrx_word' id='word_1_454' title='bbox 899 5046 973 5108; x_wconf 74' lang='lat' dir='ltr'><strong>aar.</strong></span> <span class='ocrx_word' id='word_1_455' title='bbox 992 5048 1089 5107; x_wconf 85' lang='lat' dir='ltr'><strong>Gotw.</strong></span> <span class='ocrx_word' id='word_1_456' title='bbox 1114 5051 1155 5107; x_wconf 80' lang='lat'><strong>94</strong></span> <span class='ocrx_word' id='word_1_457' title='bbox 1177 5048 1267 5109; x_wconf 80' lang='lat' dir='ltr'><strong>Face.</strong></span> <span class='ocrx_word' id='word_1_458' title='bbox 1291 5065 1349 5106; x_wconf 83' lang='lat' dir='ltr'><strong>coa</strong></span> <span class='ocrx_word' id='word_1_459' title='bbox 1371 5046 1401 5105; x_wconf 83' lang='lat' dir='ltr'><strong><em>A</em></strong></span> <span class='ocrx_word' id='word_1_460' title='bbox 1427 5047 1480 5126; x_wconf 78' lang='lat' dir='ltr'><strong>(z</strong></span> <span class='ocrx_word' id='word_1_461' title='bbox 1497 5047 1536 5106; x_wconf 88' lang='lat' dir='ltr'><strong>N.</strong></span> <span class='ocrx_word' id='word_1_462' title='bbox 1560 5047 1662 5107; x_wconf 79' lang='lat' dir='ltr'><strong>Trcltt</strong></span> <span class='ocrx_word' id='word_1_463' title='bbox 1685 5049 1753 5121; x_wconf 75' lang='lat' dir='ltr'><strong><em>Tus.</em></strong></span> <span class='ocrx_word' id='word_1_464' title='bbox 1773 5047 1826 5128; x_wconf 82' lang='lat'><strong>69)</strong></span> <span class='ocrx_word' id='word_1_465' title='bbox 1850 5049 1917 5108; x_wconf 79' lang='lat' dir='ltr'><strong>aad</strong></span> 
     </span>
     <span class='ocr_line' id='line_1_43' title="bbox 372 5150 1884 5225; baseline 0.001 -16"><span class='ocrx_word' id='word_1_466' title='bbox 372 5153 434 5209; x_wconf 86' lang='grc'><strong>100</strong></span> <span class='ocrx_word' id='word_1_467' title='bbox 456 5150 547 5210; x_wconf 87' lang='lat' dir='ltr'><strong>Facs.</strong></span> <span class='ocrx_word' id='word_1_468' title='bbox 570 5168 629 5209; x_wconf 82' lang='lat' dir='ltr'><strong>oca</strong></span> <span class='ocrx_word' id='word_1_469' title='bbox 651 5151 689 5211; x_wconf 89' lang='lat' dir='ltr'><strong><em>B.</em></strong></span> <span class='ocrx_word' id='word_1_470' title='bbox 712 5185 754 5194; x_wconf 89' lang='lat'><em>-</em></span> <span class='ocrx_word' id='word_1_471' title='bbox 777 5150 908 5210; x_wconf 76' lang='lat' dir='ltr'><strong>Bblrmer</strong></span> <span class='ocrx_word' id='word_1_472' title='bbox 929 5152 1006 5224; x_wconf 75' lang='lat' dir='ltr'><strong>ch.</strong></span> <span class='ocrx_word' id='word_1_473' title='bbox 1031 5152 1108 5225; x_wconf 80' lang='lat' dir='ltr'><strong>Imp.</strong></span> <span class='ocrx_word' id='word_1_474' title='bbox 1132 5155 1162 5222; x_wconf 88' lang='lat'><strong>3,</strong></span> <span class='ocrx_word' id='word_1_475' title='bbox 1186 5154 1262 5225; x_wconf 71' lang='lat' dir='ltr'><strong>Ray.</strong></span> <span class='ocrx_word' id='word_1_476' title='bbox 1287 5153 1366 5211; x_wconf 83' lang='lat' dir='ltr'><strong>Kar.</strong></span> <span class='ocrx_word' id='word_1_477' title='bbox 1391 5153 1485 5212; x_wconf 82' lang='lat'><strong><em>1235.</em></strong></span> <span class='ocrx_word' id='word_1_478' title='bbox 1509 5185 1551 5194; x_wconf 92' lang='lat'>-</span> <span class='ocrx_word' id='word_1_479' title='bbox 1574 5151 1691 5210; x_wconf 82' lang='lat' dir='ltr'><strong>Hidbcr</strong></span> <span class='ocrx_word' id='word_1_480' title='bbox 1713 5154 1788 5225; x_wconf 72' lang='lat' dir='ltr'><strong>ch.</strong></span> <span class='ocrx_word' id='word_1_481' title='bbox 1813 5156 1884 5213; x_wconf 83' lang='lat'><strong><em>966.</em></strong></span> 
     </span>
    </p>
   </div>
   <div class='ocr_carea' id='block_1_9' title="bbox 374 5279 1248 5354">
    <p class='ocr_par' dir='ltr' id='par_1_11' title="bbox 374 5279 1248 5354">
     <span class='ocr_line' id='line_1_44' title="bbox 374 5279 1248 5354; baseline 0.005 -16"><span class='ocrx_word' id='word_1_482' title='bbox 374 5281 518 5354; x_wconf 72' lang='lat' dir='ltr'><strong>chsaay</strong></span> <span class='ocrx_word' id='word_1_483' title='bbox 541 5280 607 5339; x_wconf 79' lang='lat' dir='ltr'><strong>aad</strong></span> <span class='ocrx_word' id='word_1_484' title='bbox 629 5279 823 5353; x_wconf 81' lang='lat' dir='ltr'><strong>Abscbriftcn</strong></span> <span class='ocrx_word' id='word_1_485' title='bbox 844 5282 887 5339; x_wconf 78' lang='lat' dir='ltr'><strong>im</strong></span> <span class='ocrx_word' id='word_1_486' title='bbox 909 5282 1035 5341; x_wconf 83' lang='lat' dir='ltr'><strong>Klostcr</strong></span> <span class='ocrx_word' id='word_1_487' title='bbox 1056 5283 1248 5342; x_wconf 80' lang='lat' dir='ltr'><strong>eatstaarlca.</strong></span> 
     </span>
    </p>
   </div>
   <div class='ocr_carea' id='block_1_10' title="bbox 223 5433 1917 5627">
    <p class='ocr_par' dir='ltr' id='par_1_12' title="bbox 223 5433 1917 5627">
     <span class='ocr_line' id='line_1_45' title="bbox 474 5433 1916 5521; baseline 0.002 -24"><span class='ocrx_word' id='word_1_488' title='bbox 474 5433 514 5497; x_wconf 93' lang='lat' dir='ltr'><strong>ln</strong></span> <span class='ocrx_word' id='word_1_489' title='bbox 536 5436 666 5499; x_wconf 92' lang='lat' dir='ltr'><strong>nomine</strong></span> <span class='ocrx_word' id='word_1_490' title='bbox 690 5443 802 5520; x_wconf 76' lang='lat' dir='ltr'><strong>sancte</strong></span> <span class='ocrx_word' id='word_1_491' title='bbox 825 5444 857 5500; x_wconf 92' lang='lat' dir='ltr'><strong>et</strong></span> <span class='ocrx_word' id='word_1_492' title='bbox 879 5435 1046 5521; x_wconf 72' lang='lat' dir='ltr'><strong>individue</strong></span> <span class='ocrx_word' id='word_1_493' title='bbox 1069 5437 1234 5501; x_wconf 81' lang='lat' dir='ltr'><strong>trinitatis.</strong></span> <span class='ocrx_word' id='word_1_494' title='bbox 1271 5433 1488 5500; x_wconf 83' lang='lat' dir='ltr'><strong>Chuonradus</strong></span> <span class='ocrx_word' id='word_1_495' title='bbox 1512 5434 1641 5499; x_wconf 90' lang='lat' dir='ltr'><strong>divinae</strong></span> <span class='ocrx_word' id='word_1_496' title='bbox 1665 5433 1825 5520; x_wconf 80' lang='lat' dir='ltr'><strong>largitatis</strong></span> <span class='ocrx_word' id='word_1_497' title='bbox 1847 5458 1916 5500; x_wconf 92' lang='lat' dir='ltr'><strong>mu·</strong></span> 
     </span>
     <span class='ocr_line' id='line_1_46' title="bbox 223 5538 1917 5627; baseline 0.001 -23"><span class='ocrx_word' id='word_1_498' title='bbox 223 5558 255 5604; x_wconf 78' lang='lat'><strong>45</strong></span> <span class='ocrx_word' id='word_1_499' title='bbox 273 5560 349 5601; x_wconf 88' lang='lat' dir='ltr'><strong>nere</strong></span> <span class='ocrx_word' id='word_1_500' title='bbox 370 5561 438 5602; x_wconf 82' lang='lat' dir='ltr'><strong>rex.</strong></span> <span class='ocrx_word' id='word_1_501' title='bbox 525 5538 661 5603; x_wconf 87' lang='lat' dir='ltr'><strong>Noverit</strong></span> <span class='ocrx_word' id='word_1_502' title='bbox 690 5541 833 5604; x_wconf 89' lang='lat' dir='ltr'><strong>omnium</strong></span> <span class='ocrx_word' id='word_1_503' title='bbox 862 5539 1005 5603; x_wconf 89' lang='lat' dir='ltr'><strong>fidelium</strong></span> <span class='ocrx_word' id='word_1_504' title='bbox 1033 5549 1218 5606; x_wconf 90' lang='lat' dir='ltr'><strong>nostrorum</strong></span> <span class='ocrx_word' id='word_1_505' title='bbox 1245 5543 1442 5627; x_wconf 76' lang='lat' dir='ltr'><strong>presentium</strong></span> <span class='ocrx_word' id='word_1_506' title='bbox 1467 5539 1591 5604; x_wconf 90' lang='lat' dir='ltr'><strong>scilieet</strong></span> <span class='ocrx_word' id='word_1_507' title='bbox 1613 5549 1646 5603; x_wconf 90' lang='lat' dir='ltr'><strong>et</strong></span> <span class='ocrx_word' id='word_1_508' title='bbox 1668 5540 1848 5605; x_wconf 85' lang='lat' dir='ltr'><strong>futurorum</strong></span> <span class='ocrx_word' id='word_1_509' title='bbox 1870 5543 1917 5605; x_wconf 94' lang='lat' dir='ltr'><strong>in-</strong></span> 
     </span>
    </p>
   </div>
   <div class='ocr_carea' id='block_1_11' title="bbox 394 5672 1917 5812">
    <p class='ocr_par' dir='ltr' id='par_1_13' title="bbox 394 5672 1917 5812">
     <span class='ocr_line' id='line_1_47' title="bbox 394 5672 1917 5801; baseline 0.002 -76"><span class='ocrx_word' id='word_1_510' title='bbox 394 5672 417 5725; x_wconf 84' lang='grc'><strong>4.</strong></span> <span class='ocrx_word' id='word_1_511' title='bbox 443 5673 563 5801; x_wconf 45' lang='lat' dir='ltr'><strong>{pickeltl</strong></span> <span class='ocrx_word' id='word_1_512' title='bbox 648 5677 676 5796; x_wconf 68' lang='lat' dir='ltr'><strong>p)</strong></span> <span class='ocrx_word' id='word_1_513' title='bbox 684 5677 762 5796; x_wconf 66' lang='lat' dir='ltr'><strong>ped</strong></span> <span class='ocrx_word' id='word_1_514' title='bbox 849 5677 877 5743; x_wconf 91' lang='lat' dir='ltr'><strong>b)</strong></span> <span class='ocrx_word' id='word_1_515' title='bbox 895 5677 1089 5745; x_wconf 80' lang='lat' dir='ltr'><strong>predilectusA</strong></span> <span class='ocrx_word' id='word_1_516' title='bbox 1171 5679 1195 5742; x_wconf 90' lang='lat' dir='ltr'><strong>c)</strong></span> <span class='ocrx_word' id='word_1_517' title='bbox 1207 5678 1354 5742; x_wconf 77' lang='lat' dir='ltr'><strong>fcbltinA</strong></span> <span class='ocrx_word' id='word_1_518' title='bbox 1435 5679 1462 5739; x_wconf 82' lang='lat' dir='ltr'><strong>d)</strong></span> <span class='ocrx_word' id='word_1_519' title='bbox 1475 5678 1654 5745; x_wconf 80' lang='lat' dir='ltr'><strong>conparatuA</strong></span> <span class='ocrx_word' id='word_1_520' title='bbox 1735 5679 1761 5741; x_wconf 81' lang='lat' dir='ltr'><strong>e)</strong></span> <span class='ocrx_word' id='word_1_521' title='bbox 1773 5677 1917 5741; x_wconf 70' lang='lat' dir='ltr'><strong>filusna</strong></span> 
     </span>
     <span class='ocr_line' id='line_1_48' title="bbox 482 5762 1062 5812; baseline 0.005 -17"><span class='ocrx_word' id='word_1_522' title='bbox 482 5762 531 5796; x_wconf 89' lang='lat' dir='ltr'><strong>nos</strong></span> <span class='ocrx_word' id='word_1_523' title='bbox 543 5762 631 5812; x_wconf 87' lang='lat' dir='ltr'><strong>nsque</strong></span> <span class='ocrx_word' id='word_1_524' title='bbox 660 5785 665 5796; x_wconf 95' lang='lat'><strong><em>.</em></strong></span> <span class='ocrx_word' id='word_1_525' title='bbox 710 5783 717 5796; x_wconf 92' lang='lat'><strong><em>.</em></strong></span> <span class='ocrx_word' id='word_1_526' title='bbox 1059 5804 1062 5809; x_wconf 56' lang='grc'>,</span> 
     </span>
    </p>
   </div>
   <div class='ocr_carea' id='block_1_12' title="bbox 0 0 2157 6404">
    <p class='ocr_par' dir='ltr' id='par_1_14' title="bbox 0 0 2157 6404">
     <span class='ocr_line' id='line_1_49' title="bbox 0 0 2157 6404; baseline 0 0"><span class='ocrx_word' id='word_1_527' title='bbox 0 0 2157 6404; x_wconf 95' lang='lat' dir='ltr'><strong> </strong></span> 
     </span>
    </p>
   </div>
  </div>
 </body>
</html>
