4298 6414
226 426 246 491 8
817 435 1272 494 KAISERURKUNDEN.

328 617 418 681 Data
440 634 476 681 11.
500 618 543 683 id.
560 618 653 704 april.
677 641 762 684 anno
785 620 1019 684 incarnationis
1042 618 1163 684 domini
1180 634 1353 701 Dccccxu,
1375 618 1588 685 indictionum
1604 638 1662 702 xv,
1685 643 1773 686 anno
1795 644 1870 686 vero

225 724 315 806 regni
339 723 543 786 invictissimi
564 725 651 808 regis
675 721 913 806 Chuouradi13
940 732 1050 788 actum
1072 722 1116 788 ad
1137 725 1371 789 monasterium
1395 722 1577 806 Fuldensc3
1600 725 1634 789 in
1657 722 1801 808 [Christi]
1818 747 1871 791 no·

226 826 311 891 mine
336 824 499 909 [felicilter
520 849 626 892 amen.
1816 846 1821 856 ·

1030 1018 1066 1093 7.

162 1119 171 1129 l
224 1171 384 1245 Konrud
403 1172 544 1246 seltenlst
565 1173 645 1247 dem
666 1173 808 1247 Klostcr
829 1174 953 1247 Itlddo
974 1174 1213 1272 Besitzunpee
1242 1174 1281 1244 in
1308 1172 1606 1248 Heltuersltousen
1633 1173 1715 1248 uad
1738 1175 1780 1248 iu
1809 1173 1903 1252 ders

226 1293 337 1366 Manli
359 1293 561 1393 Psersdovf
582 1294 864 1394 (Henpistdorf).
1450 1331 1555 1392 Md,
1579 1336 1643 1393 912
1663 1332 1757 1408 April
1779 1335 1831 1394 12,

331 1503 585 1577 Oriqiaoldiplom
608 1508 650 1564 im
673 1507 701 1567 k.
724 1505 996 1565 &caesareus-su
1018 1498 1170 1584 Mardurp
1194 1502 1206 1583 (
1235 1503 1257 1583 ).

325 1645 482 1705 Sebennei
508 1644 600 1706 Trcd.
617 1644 711 1706 Falci.
735 1647 798 1704 226
820 1650 855 1701 a⁰
878 1644 939 1702 551
963 1660 1021 1701 aus
1045 1644 1072 1700 A
1096 1641 1140 1722 (a)
1166 1667 1206 1697 =
1230 1645 1360 1703 Kremer
1377 1643 1462 1717 Oria.
1479 1643 1571 1705 Nass.
1593 1647 1625 1725 2,
1648 1648 1689 1704 44
1712 1647 1813 1706 n⁰27.
1832 1679 1873 1689 —
1900 1686 1902 1690 .

327 1748 450 1808 Monte
475 1749 538 1810 CD.
563 1748 654 1810 Fuld.
677 1751 740 1808 304
763 1753 798 1806 πθ
820 1748 884 1807 657
906 1765 964 1806 aus
987 1746 1016 1804 A
1040 1744 1093 1825 (b).
1115 1782 1157 1790 -
1180 1748 1312 1807 Boumer
1334 1750 1372 1810 A.
1399 1748 1487 1810 Conr.
1513 1751 1554 1808 12
1576 1752 1652 1809 a⁰6
1681 1766 1740 1808 aas
1763 1748 1812 1811 ab.
1831 1783 1872 1793 -

327 1853 416 1914 Faes.
440 1855 473 1911 in
497 1852 655 1913 schannat
675 1853 831 1914 Vindicius
854 1851 914 1914 tab.
937 1854 968 1912 8.
992 1886 1033 1894 -
1056 1851 1189 1910 Bdlrmer
1211 1854 1287 1926 Itep.
1311 1854 1389 1926 Imp.
1413 1854 1443 1932 5,
1467 1854 1542 1932 Περ.
1566 1853 1644 1915 Kar.
1670 1855 1764 1915 1237.
1890 1875 1919 1925 10

326 1992 461 2064 Versnsst
484 1992 550 2051 und
569 1992 764 2066 pesaurieben
781 2009 843 2050 eoa
866 1992 927 2053 SA.
951 2025 992 2034 -
1015 1991 1124 2050 l'iclser
1139 1990 1234 2053 Beitr.
1259 1995 1287 2071 1,
1312 1993 1374 2050 176
1398 1992 1510 2052 osseas
1532 1992 1589 2051 dus
1604 1992 1724 2051 Datum
1746 1994 1810 2065 auf
1826 1992 1874 2052 die

326 2095 497 2169 Handlunq
515 2095 581 2154 und
596 2098 703 2154 ninrmt
718 2101 837 2169 spdtcre
856 2092 1057 2169 Verbrt'esunp
1073 2114 1123 2156 aa.
1153 2094 1245 2154 Folte
1259 2096 1395 2175 dapepcn
1409 2095 1526 2155 erkldrt
1541 2097 1612 2158 ΒΚ.
1629 2097 1650 2157 7
1665 2096 1746 2156 anch
1760 2096 1875 2170 Schrist

326 2199 392 2259 und
417 2196 506 2259 Tiate
527 2200 582 2272 sar
602 2199 788 2273 pleicltseitip
812 2200 868 2258 mit
890 2200 961 2260 ΒΚ.
985 2202 1005 2258 6
1012 2246 1021 2279 ,
1049 2198 1155 2272 alanos
1177 2198 1248 2258 aber
1270 2200 1343 2259 dass
1367 2217 1398 2259 cs
1419 2200 1590 2273 frethesteas
1613 2201 1655 2258 im
1678 2201 1710 2262 J.
1733 2203 1798 2260 913
1819 2203 1874 2259 mit

327 2304 393 2363 dem
416 2303 514 2377 Sieqel
535 2305 675 2364 versehen
698 2304 817 2365 worden
840 2307 898 2385 sei,
932 2303 996 2362 nied
1024 2306 1108 2362 weist
1132 2304 1223 2362 selbot
1252 2305 1301 2363 die
1323 2302 1485 2363 Anticliae
1507 2307 1627 2364 surdelt
1649 2304 1722 2363 dass
1747 2304 1795 2363 die
1816 2305 1873 2366 Ur·

326 2408 428 2468 kunde
450 2426 550 2483 saepen
570 2409 751 2484 Verletauup
774 2409 825 2468 des
849 2406 1108 2482 arsere-ripuensis
1123 2407 1238 2481 Sieqels
1261 2411 1309 2467 ein
1330 2411 1449 2469 aweites
1465 2408 1531 2468 Mal
1553 2409 1619 2469 used
1635 2426 1719 2468 sacar
1734 2412 1790 2468 mit
1808 2407 1874 2469 dem
1892 2426 1919 2475 15

326 2513 466 2573 indessee
488 2515 708 2588 nn-pcfertiptea
730 2532 827 2574 uesieu
850 2513 981 2586 Stampel
1003 2512 1143 2586 besieqclt
1166 2512 1287 2571 worden
1311 2515 1365 2573 sei.

329 2702 388 2782 (C.)
411 2700 425 2782 ll
447 2701 487 2766 In
508 2702 638 2766 nominc
663 2712 795 2764 sanctae
819 2710 851 2763 et
873 2699 1061 2764 individuae
1085 2700 1249 2764 trinitatis.
1284 2677 1508 2763 Chucnradus
1524 2699 1635 2763 divina
1657 2700 1789 2766 favente
1812 2701 1875 2765 elc-

223 2807 346 2871 meutia
368 2829 437 2871 rex.
537 2803 724 2889 Cognoscat
747 2802 877 2868 devotio
902 2804 1044 2867 omnium
1067 2803 1211 2868 fidelium
1234 2812 1418 2867 nostrorum
1442 2812 1510 2867 tam
1533 2806 1753 2889 praesentium
1777 2827 1875 2891 quam

224 2909 417 2991 absentium,
442 2907 529 2994 quod
552 2909 585 2972 in
608 2909 711 2992 primo
735 2931 820 2973 anno
844 2909 935 2993 regni
959 2909 1061 2972 nostri
1086 2908 1145 2972 sub
1170 2907 1222 2972 die
1244 2904 1258 2986 Ξ
1281 2907 1385 2993 pridie
1408 2907 1519 2972 iduum
1539 2908 1689 2994 aprilium
1705 2909 1748 2973 ad
1763 2933 1875 2975 mona·

225 3015 358 3079 sterium
379 3012 534 3077 Fultense
558 3035 615 3097 pro
641 3011 745 3076 salute
767 3014 896 3077 animae
918 3021 1050 3076 nostrae
1073 3020 1106 3076 et
1128 3011 1315 3076 visitatione
1337 3011 1482 3077 fidelium
1504 3012 1738 3078 monachorum
1753 3014 1875 3079 ibidem
1893 3029 1919 3077 1(

224 3117 285 3182 dco
309 3116 536 3181 famulantium
558 3118 742 3181 venerimus
765 3116 874 3202 ibique
897 3116 1074 3182 honorifice
1100 3115 1304 3202 benigneque
1334 3119 1478 3203 suscepti
1506 3139 1628 3182 sumus.
1667 3116 1877 3204 Quapropter

224 3224 406 3307 cogitantes
430 3245 488 3307 pro
511 3221 654 3313 remedio
678 3223 805 3287 futurae
827 3223 916 3286 vitae
940 3230 972 3285 et
995 3223 1151 3287 memoria
1174 3230 1287 3285 nostra
1311 3220 1405 3286 simul
1428 3231 1460 3284 et
1482 3231 1727 3287 antecessomm
1749 3232 1876 3288 nostro-

222 3351 307 3411 rum,
332 3326 611 3392 serenissimorum
639 3326 792 3391 videlicet
814 3327 1012 3411 principum,
1036 3325 1195 3410 quasdam
1218 3348 1270 3389 res
1294 3326 1372 3389 iuris
1395 3328 1497 3390 nostri
1519 3327 1553 3390 in
1578 3335 1688 3411 pago⁸
1714 3324 1876 3411 Graplcld

222 3440 410 3517 nuncupato
434 3433 468 3496 in
490 3431 562 3496 loco
587 3433 641 3517 qui
664 3441 801 3495 vocatur
823 3428 1132 3494 Helmcrieheshusa
1160 3439 1226 3493 tres
1255 3428 1359 3494 hobas
1385 3431 1513 3515 regales
1535 3452 1596 3494 nec
1618 3432 1740 3495 nonin
1762 3453 1875 3496 marca

223 3559 307 3622 quae
330 3535 448 3600 dicitur
474 3534 693 3620 Heugistdorf
711 3533 865 3619 quicquid
891 3533 1046 3598 Ramuolt
1069 3534 1233 3618 quondam
1256 3533 1419 3598 vassallus
1442 3543 1553 3598 noster
1574 3533 1695 3598 ibidem
1718 3536 1752 3598 in
1778 3534 1874 3599 bene·
1893 3547 1919 3595 11

221 3640 331 3705 ficium
357 3639 487 3722 habuit,
522 3661 595 3702 cum
624 3636 793 3702 curtilibus
822 3637 980 3702 aedificiis
1008 3638 1182 3723 mancipiis
1211 3639 1305 3701 terris
1328 3637 1423 3701 cultis
1447 3647 1479 3702 et
1501 3637 1632 3701 incultis
1659 3639 1747 3723 agris
1770 3639 1874 3724 pratis

223 3745 349 3830 campis
371 3744 504 3828 pascuis
528 3741 618 3806 silvis
641 3743 735 3826 aquis
758 3763 958 3827 aquarumve
988 3741 1179 3806 decursibus
1207 3740 1401 3806 molendinis
1424 3742 1660 3826 piscationibus
1683 3743 1745 3806 viis
1769 3751 1802 3806 et
1828 3744 1874 3807 in-

222 3849 284 3912 viis
311 3847 454 3912 exitibus
485 3869 524 3911 ac
546 3844 705 3911 reditibus
728 3847 884 3931 quaesitis
907 3856 939 3909 et
960 3845 1160 3931 inquirendis
1190 3845 1404 3931 omnibusque
1425 3846 1523 3911 rebus
1546 3845 1589 3910 ad
1612 3845 1799 3931 praedictas
1821 3869 1874 3910 res

222 3955 282 4017 rite
305 3950 597 4038 conspicientibus,
623 3949 666 4014 ad
682 3958 831 4014 sanctum
847 3950 1054 4015 Bonifacium
1076 3951 1275 4035 praetiosum
1301 3952 1468 4015 martirem
1483 3948 1603 4015 Christi
1627 3951 1681 4036 qui
1704 3951 1738 4014 in
1761 3973 1874 4036 supra-

222 4057 389 4121 nominato
413 4056 609 4119 monasterio
633 4077 770 4139 corpore
793 4056 982 4139 requiescit,
1016 4077 1075 4140 pro
1103 4054 1262 4138 augendis
1287 4055 1406 4120 divinis
1429 4055 1570 4120 cultibus
1593 4066 1626 4119 et
1648 4055 1874 4120 consolatione
1892 4064 1919 4114 3(

223 4160 399 4226 eortmdem
422 4160 556 4224 fratrum
579 4161 614 4223 in
636 4168 826 4246 perpetuam
856 4159 1089 4242 proprietatem
1120 4157 1324 4222 donavimus.
1362 4158 1521 4224 Iussimus
1544 4181 1672 4245 quoque
1695 4159 1757 4224 hcc
1780 4182 1874 4244 prae·

222 4274 353 4350 ceptum
375 4264 450 4328 inde
473 4264 635 4329 conscribi
659 4287 717 4350 per
740 4264 827 4350 quod
853 4262 1003 4326 volumus
1026 4262 1224 4348 firmiterque
1247 4263 1411 4346 iubemus,
1436 4272 1595 4348 quatenus
1610 4265 1661 4327 vir
1675 4262 1873 4328 venerabilis

222 4367 354 4452 Huoggi
384 4366 472 4431 abba
500 4367 645 4432 ciusdem
673 4366 822 4431 coenobii
852 4389 1123 4453 sircoessoresque
1153 4367 1239 4431 illius
1268 4367 1367 4433 talem
1396 4368 1471 4432 inde
1493 4368 1628 4432 ulterius
1650 4367 1795 4433 habeant
1816 4391 1873 4455 po·

222 4480 372 4537 testatem
397 4473 480 4535 sicut
495 4480 528 4536 et
543 4471 584 4536 de
606 4471 680 4535 aliis
702 4471 799 4536 rebus
820 4493 904 4556 quae
926 4473 1069 4556 antiquis
1092 4471 1293 4557 temporibus
1316 4471 1360 4536 ad
1382 4473 1565 4558 praefatum
1590 4483 1738 4539 sanctum
1760 4495 1873 4538 mona-

222 4576 354 4640 sterium
371 4577 531 4659 pertinere
546 4575 751 4640 videbantur.
785 4575 829 4639 Et
844 4584 880 4638 ut
894 4573 957 4638 hoc
973 4574 1155 4660 largitionis
1174 4585 1305 4640 nostrae
1328 4586 1538 4662 praeceptum
1562 4600 1582 4641 a
1605 4576 1693 4642 nullo
1716 4568 1919 4662 umquam'3l

222 4700 410 4744 successore
433 4689 544 4744 nostro
567 4679 707 4744 violetur
730 4703 787 4744 seu
802 4678 918 4744 violari
938 4680 1121 4765 incipiatur,
1147 4679 1204 4743 sed
1220 4680 1349 4746 firmum
1365 4703 1405 4744 ac
1422 4681 1538 4746 stabile
1555 4704 1612 4766 per
1628 4681 1871 4747 succedentium

221 4792 404 4868 temporum
419 4782 581 4848 muricula
597 4785 770 4866 consistat,
794 4806 893 4848 manu
920 4792 1032 4848 nostra
1056 4784 1188 4869 propria
1212 4782 1326 4848 subtus
1349 4784 1430 4849 illud
1451 4785 1644 4850 roborantes
1667 4786 1872 4852 confirmavi-

221 4911 293 4954 mus
315 4887 468 4973 anulique
491 4889 593 4952 nostri
617 4889 830 4973 impressione
853 4889 999 4972 insigniri
1027 4889 1262 4973 praecepimus.

329 5025 344 5107 ἒ
366 5026 501 5112 Signum
525 5026 634 5092 domni
658 5025 846 5092 Chuonradi
872 5027 961 5108 (MP.)
986 5028 1182 5091 serenissimi
1203 5006 1340 5110 reginis

329 5127 556 5231 {Odalfn'dus
578 5151 726 5214 notarius
749 5150 898 5214 adviccm
921 5148 1077 5233 Piligrimi
1102 5148 1377 5234 archicappellani
1400 5152 1575 5235 recognovi
1600 5157 1668 5237 etp
1890 5174 1919 5220 lt

1469 5254 1538 5334 (sa.
1561 5257 1638 5335 uu.)
1747 5258 1803 5338 (si.
1829 5259 1871 5337 a)

322 5390 412 5454 Data
434 5409 471 5455 11.
495 5392 538 5456 id.
561 5391 655 5477 april.
678 5414 764 5456 anno
788 5392 1021 5456 incarnationis
1045 5390 1168 5456 domini
1191 5407 1367 5474 Dccccxu,
1397 5391 1611 5458 indictionum
1634 5411 1691 5477 XV,
1714 5403 1872 5479 regnante

220 5494 936 5581 gloriosissimoregeChuonradoann013
975 5504 1084 5559 actum
1107 5495 1150 5560 ad
1173 5496 1280 5561 locum
1303 5496 1508 5578 Fultensem3
1542 5498 1575 5561 in
1599 5495 1719 5562 Christi
1742 5500 1872 5563 nomine

221 5600 359 5666 feliciter
381 5624 486 5666 amen.

339 5755 364 5808 7.
392 5755 487 5824 [FoltzJ
590 5760 617 5818 a)
634 5757 702 5808 nach
719 5773 788 5824 pago
807 5758 849 5806 ein
865 5754 1012 5807 Bacchatabe
1029 5757 1170 5808 mandis.
1890 5760 1919 5809 tt
