4298 6414
934 123 1103 180 orror.
1128 119 1200 177 ess.
1724 106 1726 111 ’
1824 108 1888 173 413

253 307 355 396 brugb
376 307 632 373 transfundimus
655 315 753 392 atque
775 304 935 371 donamus
959 315 991 368 et
1012 304 1056 367 ad
1080 326 1161 390 opus
1183 303 1234 367 vel
1257 325 1352 367 usum
1374 302 1509 366 fratrum
1528 299 1649 365 ibidem
1669 299 1729 363 deo
1750 301 1889 363 servien-

248 421 327 484 tium
345 412 546 497 deputamus.
580 409 625 474 Et
639 418 675 473 ut
689 409 751 474 hoc
770 410 974 474 auctoritatis
997 416 1108 491 nostre
1131 415 1321 491 preceptum
1343 405 1472 470 firmum
1496 413 1528 469 et
1551 403 1667 469 stabile
1691 411 1889 488 permaneat,

243 522 332 586 banc
355 523 479 579 cartam
500 511 664 579 conscribi
688 520 720 577 et
742 512 832 577 anuli
854 514 957 577 nostri
987 512 1200 596 impressione
1229 511 1348 593 signari
1380 510 1548 591 iussimus,
1583 529 1681 594 quam
1704 515 1736 571 et
1758 507 1891 592 propria

238 643 347 689 mauu
368 616 480 683 subtus
502 617 714 682 firmavimus.

210 772 221 816 o
350 755 363 836 ᾖ
383 752 521 840 Signum
544 754 666 819 domini
690 752 821 818 Ottonis
847 753 912 833 (Μ.)
937 754 1045 834 magni
1070 761 1102 815 ct
1124 750 1328 815 invictissimi
1352 748 1557 833 imperatoris
1581 742 1756 832 augustii

349 855 363 937 i
381 857 556 923 Lindolfus
572 857 787 922 cancellarius
804 856 952 921 advicem
968 857 1131 921 Brunonis
1148 851 1423 937 archicappellani
1440 853 1625 936 recognovi.
1641 844 1656 928 Ξ
1672 852 1729 931 (SI.
1742 850 1793 928 D.)
1811 850 1892 930 (SR.)

350 995 437 1059 Data
459 1013 492 1060 v.
515 993 583 1059 kal.
606 994 699 1058 iulii⁶
721 1015 807 1057 anno
831 992 994 1057 dominice
1018 991 1259 1055 incarnacionis
1284 1003 1474 1069 nccccltxv,
1499 987 1676 1051 indictione
1698 1003 1776 1068 vlu,
1806 1007 1891 1049 anno

222 1101 373 1183 imperii
396 1098 506 1163 domni
531 1095 661 1162 Ottonis
684 1115 753 1178 11113
776 1097 867 1180 regni
890 1105 997 1159 autem
1022 1112 1113 1176 xxx3
1136 1103 1246 1158 actum
1268 1089 1540 1174 Magadabrugb3
1562 1089 1700 1154 feliciter
1721 1110 1827 1152 amen.

1028 1335 1113 1408 297.

230 1486 343 1567 Otto
367 1494 527 1593 bestdts‘qt
551 1493 631 1567 dem
658 1491 822 1565 B‘istlncm
849 1490 989 1564 Vende-n
1017 1491 1074 1563 dic
1099 1491 1320 1564 [ramuss'ts'it.
1398 1528 1584 1602 Maffdebm
1607 1530 1669 1588 965
1694 1528 1774 1586 Jum·
1798 1531 1849 1586 30.

355 1719 600 1794 Oripe’ssldiplom
621 1721 664 1777 im
685 1718 713 1778 s.
738 1717 942 1778 Stactscrclrio
962 1735 1003 1775 se
1026 1716 1187 1775 Hansover
1210 1715 1273 1793 (Α).

352 1855 478 1929 Stampf
496 1856 571 1915 Acta
592 1855 671 1915 ised.
695 1860 735 1915 11
758 1861 793 1912 πθ
817 1858 858 1914 10
881 1871 938 1913 ses
961 1854 996 1912 Α.
1021 1888 1064 1896 -
1086 1853 1213 1927 Stumpf
1231 1855 1304 1926 Rep.
1328 1859 1401 1913 377.

353 1995 413 2053 Vos
427 1994 496 2052 LK.
519 1994 713 2053 anmittclbar
733 1993 809 2051 nach
830 1993 896 2051 dein
911 1992 950 2051 D.
968 1992 1097 2065 Imdwiq
1113 1992 1141 2052 d.
1158 1992 1198 2051 D.
1221 2010 1286 2050 eom
1304 1994 1351 2049 14.
1369 1992 1449 2050 Jum'
1464 1993 1528 2048 848
1545 1989 1645 2068 (Perta
1659 1988 1845 2048 Probedruclc
1860 1985 1893 2063 3)

350 2098 543 2169 qesctrieben.
1047 2106 1051 2113 ·

221 2381 231 2393 ἢ
354 2301 413 2381 (G.)
436 2297 451 2380 Ξ
472 2299 511 2362 In
534 2300 666 2364 nomine
689 2309 823 2363 sanctae
846 2309 878 2363 et
900 2298 1090 2364 individuae
1113 2301 1277 2364 trinitatis.
1323 2297 1401 2364 Otto
1426 2297 1536 2363 divine
1565 2299 1696 2362 favente
1723 2296 1896 2361 clementia

218 2402 425 2488 superator
447 2413 616 2487 augustus.
704 2417 733 2467 Si
756 2418 921 2468 sacerdotum
945 2433 1134 2483 servorumque
1152 2418 1193 2467 dei
1217 2405 1321 2468 iustas
1338 2414 1370 2468 et
1383 2402 1595 2468 rationabiles
1612 2404 1784 2487 petitiones
1801 2417 1833 2466 ad
1851 2432 1896 2479 op-

219 2506 333 2572 taturn
356 2522 478 2572 effectum
503 2522 686 2586 perducimus,
714 2537 768 2571 non
797 2520 882 2571 solum
910 2501 924 2584 Ξ
953 2505 1155 2591 imperialem
1184 2537 1336 2571 exercemus
1359 2507 1592 2582 cousuetudinem,
1620 2522 1667 2570 sed
1689 2523 1768 2570 etism
1791 2519 1896 2570 eosdem

221 2622 296 2676 pro
319 2628 417 2676 nonnis
440 2627 594 2676 excessibus
617 2624 717 2675 domini
739 2624 946 2674 misericordiam
969 2624 1117 2674 exorandos
1138 2625 1287 2676 devotiores
1309 2628 1536 2691 promptioresque
1558 2626 1669 2675 facimus
1688 2620 1763 2674 haea
1784 2640 1831 2689 per
1847 2625 1898 2673 hoc

221 2712 396 2781 illrnensam
419 2730 519 2779 domini
542 2729 748 2779 misericordiam
771 2727 877 2778 facilins
900 2729 977 2778 nobis
1000 2713 1219 2779 conciliandamb
1242 2746 1299 2780 esse
1322 2729 1486 2781 confidimns.
1527 2731 1629 2780 Idcirco
1651 2731 1756 2780 noverit
1780 2731 1896 2779 omnium

224 2834 357 2883 ⁸aristae
381 2833 423 2882 dei
446 2833 576 2882 aeclesiae
598 2838 801 2897 nostrorumque
823 2831 940 2881 fidelium
964 2838 1018 2882 tam
1040 2835 1219 2897 praesentium
1242 2850 1320 2899 quam
1340 2840 1366 2884 et
1380 2834 1529 2885 futurorum
1546 2835 1685 2900 sagacitas,
1708 2834 1771 2898 qnia
1786 2817 1896 2880 Bruno

224 2936 411 2987 venerabilis
434 2937 575 3000 episcopus
598 2941 714 2985 nostram
737 2935 829 2985 adiens
852 2936 1035 2986 celsitudinem
1058 2937 1217 3001 postulavit,
1249 2944 1280 2987 ut
1302 2939 1441 2989 aeclesiam
1465 2939 1592 3003 episcopii
1615 2939 1656 2986 sui
1680 2937 1757 2986 sitam
1779 2937 1807 2984 in
1829 2949 1898 2999 pago

225 3042 290 3101 qui
316 3040 416 3089 dicitur
438 3033 551 3102 sturmi,
580 3043 758 3088 constructum
780 3040 808 3087 in
831 3039 890 3088 loco
913 3042 959 3105 qui
982 3045 1092 3090 vocatur
1114 3040 1232 3090 Fordiuu
1255 3057 1335 3106 super
1358 3043 1467 3092 fluvium
1490 3041 1591 3091 Halera
1613 3040 1779 3106 dicatamque
1802 3041 1829 3088 in
1851 3039 1896 3087 ho-

225 3153 311 3195 nore
336 3138 471 3193 sanciae
500 3127 552 3192 (lei
580 3129 746 3212 genitricis
768 3128 893 3192 Mariae
916 3136 949 3190 et
976 3137 1085 3193 sancti⁰
1112 3144 1234 3195 Andreae
1264 3146 1378 3210 apostoli
1407 3151 1433 3195 et
1461 3147 1575 3194 martiris
1604 3144 1702 3194 Christi
1731 3160 1790 3193 cnm
1819 3143 1898 3191 rebus

229 3249 376 3298 omnibus
397 3247 441 3297 vel
463 3248 616 3297 hominibus
638 3247 672 3297 ad
695 3263 723 3296 ee
745 3248 940 3310 pertinentibus
962 3248 1012 3296 sub
1035 3253 1125 3296 nostro
1154 3249 1299 3298 munimine
1328 3254 1355 3298 et
1383 3249 1536 3299 defensione
1565 3250 1708 3298 consistere
1736 3247 1899 3307 fecissemus,

229 3360 384 3417 quatenus
407 3358 498 3401 nostra
520 3353 677 3401 auctoritate
700 3352 734 3399 ab
757 3351 941 3416 inquietudine
964 3352 1119 3401 iudiciariae
1140 3355 1281 3416 potestatis
1303 3353 1396 3403 eadem
1419 3354 1532 3404 ecelesia
1549 3369 1608 3402 cum
1628 3352 1751 3402 omnibus
1769 3351 1819 3399 sibi
1838 3350 1898 3398 sub-

232 3455 327 3507 iectis
356 3458 461 3505 munita
488 3462 514 3505 et
542 3455 651 3505 defensa
678 3455 780 3504 fuisset.
825 3454 908 3504 Cuius
930 3457 1052 3519 petitioni
1074 3458 1249 3506 assentientes
1272 3457 1322 3507 hoc
1345 3464 1451 3507 nostrae
1474 3458 1640 3508 auctoritatis
1662 3462 1815 3520 preceptum
1837 3468 1900 3519 erga

234 3560 362 3610 eundem
385 3560 525 3610 ecelesiam
548 3564 627 3624 atque
650 3560 814 3623 episcopium
837 3560 1002 3608 inmunitatis
1025 3565 1105 3624 atquc
1128 3561 1249 3610 tuitionis
1271 3563 1357 3624 gratia
1379 3577 1426 3625 pro
1446 3561 1529 3611 divini
1545 3561 1633 3610 cultus
1649 3576 1737 3609 amore
1754 3565 1780 3609 ct
1795 3560 1898 3608 animae

239 3669 358 3732 nostrae
382 3654 499 3712 remedio
522 3660 579 3711 fieri
601 3662 766 3711 decrevimus
788 3677 835 3725 per
857 3661 929 3726 quod
956 3662 1116 3725 precipimus
1145 3668 1224 3726 atque
1253 3663 1389 3725 iubemus,
1410 3635 1450 3712 'ut
1479 3663 1569 3712 nullus
1598 3663 1677 3712 iudex
1707 3662 1830 3726 publicus
1857 3660 1899 3710 vel

240 3766 380 3829 quislibet
402 3781 435 3815 ex
451 3755 597 3814 'iudicaria
619 3770 751 3829 potestate
772 3765 800 3812 in
824 3763 949 3831 ecclesias
972 3770 1018 3813 aut
1040 3764 1100 3813 loca
1122 3763 1165 3813 vel
1187 3779 1265 3830 agros
1288 3781 1335 3815 seu
1358 3766 1473 3831 reliquas
1496 3749 1658 3830 possiones‘1
1687 3781 1753 3830 quas
1775 3765 1900 3814 moderno

206 3884 212 3916 r
247 3876 372 3934 tempore
394 3871 422 3918 in
446 3868 610 3935 quibuslibet
631 3870 708 3933 pagis
730 3866 773 3918 vel
796 3869 935 3917 territoriis
958 3868 1028 3917 infra
1050 3850 1222 3918 diritionem¹¹
1245 3869 1347 3932 imperii
1370 3871 1454 3917 nostri
1477 3869 1546 3918 iuste
1569 3873 1595 3918 ct
1615 3868 1736 3933 legaliter
1758 3873 1902 3916 memorata

249 3977 325 4022 unet
348 3972 391 4023 vel
414 3971 533 4037 possidet
555 3971 676 4033 ecclesis,
699 3971 740 4020 vel
764 3985 797 4020 ca
818 3987 869 4036 que
893 3970 1017 4036 deinceps
1039 3972 1067 4019 in
1090 3973 1147 4021 iure
1170 3971 1285 4021 eiusdem
1311 3972 1438 4022 ecclesiae
1456 3973 1571 4022 voluerit
1588 3971 1680 4021 divina
1697 3973 1783 4035 pietas
1801 3972 1900 4036 sugeri,

252 4074 292 4122 ad
315 4069 436 4126 οτιιιοοιοο
463 4074 604 4125 iudiciario
632 4090 705 4124 more
734 4073 880 4123 audiendas
909 4081 955 4124 aut
983 4075 1133 4124 mansiones
1154 4075 1197 4124 rel
1225 4082 1332 4139 paratas
1353 4076 1489 4126 faciendas
1512 4083 1558 4125 aut
1580 4075 1747 4125 fideiussores
1769 4075 1902 4124 tollendos

252 4183 302 4226 ant
322 4179 443 4229 homines
466 4177 582 4228 eiusdem
610 4177 738 4228 ecclesiae
766 4184 820 4227 tam
849 4159 1002 4242 ingenuos‘
1029 4177 1096 4228 letos
1118 4192 1198 4242 quam
1221 4184 1247 4227 ct
1269 4194 1359 4229 servos
1381 4195 1461 4243 snper
1482 4186 1578 4230 terram
1602 4180 1684 4243 ipsius
1707 4183 1902 4227 commanentes

249 4264 366 4332 inustel
390 4277 585 4349 distringendos
607 4298 656 4332 uec
679 4283 748 4332 ullas
770 4282 941 4332 redibitiones
963 4287 1010 4330 aut
1031 4281 1147 4330 inlicitas
1170 4284 1323 4332 occasiones
1345 4283 1516 4348 requirendas
1538 4284 1635 4331 nostris
1658 4298 1706 4331 neo
1725 4282 1820 4330 futuris
1839 4287 1901 4330 tem-

206 4405 210 4424 ·
244 4388 364 4443 poribus
386 4386 490 4452 ingredi
512 4385 611 4436 nudent
632 4402 680 4436 nec
704 4402 736 4435 ea
757 4400 825 4451 quac
848 4402 929 4450 supra
951 4391 1096 4435 memorata
1117 4391 1180 4435 sunt
1201 4388 1308 4451 penitus
1331 4389 1436 4453 exigere
1458 4393 1608 4452 presumat,
1636 4386 1683 4436 sed
1705 4386 1784 4435 liceat
1805 4402 1901 4436 memo·

238 4493 311 4542 rato
340 4489 441 4556 presuli
471 4506 512 4540 res
540 4489 691 4554 praedictae
720 4490 848 4540 ecclesiae
876 4505 940 4539 suae
969 4506 1028 4539 cum
1059 4490 1182 4539 omnibus
1205 4491 1256 4540 sibi
1279 4491 1405 4541 subiectis
1428 4496 1454 4540 et
1476 4491 1555 4541 rebus
1577 4490 1620 4539 rel
1644 4490 1795 4539 hominibus
1818 4489 1850 4538 sd
1874 4506 1902 4539 se

233 4595 446 4657 aspicientibus
468 4593 511 4643 sel
534 4594 727 4658 pertinentibus
750 4594 799 4644 sub
822 4595 943 4643 tuitionis
967 4600 1045 4659 atque
1068 4595 1232 4643 inmunitatis
1255 4600 1361 4645 nostrae
1385 4595 1545 4658 defensione,
1569 4601 1669 4644 remota
1691 4596 1772 4644 totius
1793 4593 1903 4644 indicia-

228 4689 312 4748 fiae
332 4698 471 4762 potestatis
492 4697 536 4748 vel
557 4697 667 4748 alterius
690 4697 833 4748 cuiuslibet
856 4697 955 4747 ordinis
977 4698 1175 4763 inquietudine,
1204 4699 1294 4763 quieto
1325 4699 1416 4749 ordine
1446 4682 1596 4764 possdcred
1626 4705 1652 4748 et
1679 4703 1768 4748 nostro
1791 4695 1904 4747 fideliter

226 4803 349 4853 patore
375 4802 486 4866 imperio
515 4806 594 4868 atque
622 4816 671 4866 pro
699 4801 879 4851 incolomitate
902 4808 993 4851 nostra
1015 4802 1136 4866 coniugis
1159 4807 1185 4851 ct
1207 4802 1289 4865 prolis
1312 4820 1359 4853 een
1383 4804 1461 4853 etiam
1485 4805 1566 4853 totius
1589 4803 1692 4867 imperii
1714 4818 1731 4851 a
1754 4801 1803 4851 deo
1827 4801 1904 4851 nobis

227 4905 356 4955 conlati
384 4920 439 4955 uns
468 4921 528 4955 eum
557 4904 627 4954 clero
657 4905 706 4954 sibi
738 4905 858 4954 subiecto
887 4906 1032 4954 inmensam
1061 4904 1103 4955 dei
1132 4905 1298 4955 clementiam
1326 4907 1423 4972 iugiter
1452 4921 1568 4956 exorare.
1613 4906 1649 4954 Et
1671 4911 1700 4953 ut
1723 4905 1788 4954 haec
1815 4911 1905 4954 nostre

227 5002 427 5059 amoenusfl
454 5010 483 5058 in
512 5007 553 5058 dei
582 5009 688 5058 nomine
716 5007 860 5072 pleniorem
890 5009 1009 5058 obtineat
1031 5009 1148 5073 vigorem
1172 5014 1198 5057 et
1220 5023 1237 5057 a
1258 5008 1381 5059 fidelibus
1404 5015 1511 5061 sanctae
1534 5009 1576 5058 dei
1599 5008 1726 5058 ecclesiae
1755 5010 1904 5075 nostrisque

344 5163 402 5220 tu.
428 5164 499 5229 bid
602 5165 629 5231 c)
646 5180 711 5215 corr.
731 5181 779 5215 cns
795 5165 1018 5231 arrprbnplictcm
1036 5167 1090 5216 iun.

345 5264 403 5320 Μ.
431 5266 526 5337 [Folia]
631 5270 657 5329 ο)
675 5268 814 5320 11:1⁷0.
913 5271 941 5330 bi
958 5268 1008 5318 das
1025 5268 1097 5318 letne
1114 5284 1131 5318 a
1148 5284 1214 5319 corr.
1232 5286 1280 5319 aas
1297 5287 1316 5320 u
1420 5271 1444 5330 ο)
1457 5269 1526 5334 solet
1544 5270 1628 5321 knies
1646 5270 1734 5322 Rosar
1839 5270 1904 5337 d)A

407 5376 411 5382 .
431 5339 456 5402 e)
471 5337 556 5402 refert
568 5337 706 5388 wbesrert
724 5354 771 5388 cus
794 5354 889 5389 censos
1001 5338 1021 5400 f)
1040 5338 1083 5389 die
1106 5337 1196 5388 lctrten
1214 5338 1377 5390 Bncbstsbcn
1399 5338 1452 5404 ares
1468 5338 1557 5390 Rarus·
1668 5343 1696 5408 g)
1715 5357 1780 5391 corr.
1799 5357 1846 5390 ens
1863 5358 1905 5390 er-

430 5405 621 5474 sprtinpls’clsem
638 5412 744 5458 ucenae
762 5409 935 5458 auctoritatis.
