4500 6420
239 456 302 523 492
834 464 1286 523 KAISERURKUNDEN.

239 670 299 713 nos
323 647 483 732 quasdam
505 669 557 712 res
581 647 681 712 nostri
704 647 904 732 imperatorii
928 647 1007 711 iuris
1030 639 1213 711 interventu
1236 644 1354 711 dilecte
1377 647 1525 731 coniugis
1548 655 1659 710 nostre
1676 644 1833 710 Adeleide
1851 654 1884 710 et

239 751 431 816 Theoderici
443 761 456 788 ²
478 750 673 816 venerabilis
688 751 845 815 Metensis
868 751 1006 815 ecclesie
1028 751 1175 835 episcopi
1198 748 1457 813 condonavimus
1476 748 1519 813 ad
1538 748 1703 835 quoddam
1720 757 1883 815 monaste

238 855 321 919 rium
345 876 491 919 sororum
515 854 577 919 deo
601 864 802 918 sacratarum
826 852 913 939 quod
935 849 1174 916 Wichmannus
1202 872 1312 915 comes
1341 851 1374 914 in
1405 849 1498 941 litore
1525 848 1634 915 Renit
1663 855 1697 916 in
1726 851 1883 916 comitatu

239 955 447 1039 Hamelantt,
482 959 575 1022 cuius
597 979 715 1021 nomen
739 957 802 1022 loci
825 956 960 1038 Eltena,
989 965 1021 1021 et
1049 976 1069 1018 a
1096 953 1308 1020 fundamento
1337 976 1440 1041 nsque
1468 956 1653 1019 construxit
1674 963 1708 1020 et
1728 955 1882 1040 religioso

240 1060 301 1125 deo
326 1070 528 1125 sacratarum
551 1060 689 1144 collegio
712 1060 822 1125 multis
846 1083 977 1126 suarum
1001 1082 1099 1145 opum
1123 1059 1333 1125 facultatibus
1356 1059 1482 1124 ditavit.
1518 1057 1617 1125 Cuius
1641 1061 1746 1126 meriti
1769 1071 1802 1126 et
1822 1070 1920 1126 noso

239 1165 414 1250 participes
437 1164 506 1227 fieri
528 1163 750 1229 desiderantes
767 1163 962 1229 contulimus
979 1163 1084 1228 eidem
1101 1162 1237 1228 ecclesie
1253 1161 1401 1249 quitquid
1417 1163 1504 1228 idem
1520 1161 1758 1228 Wichmannus
1774 1184 1884 1229 comes

236 1267 395 1347 beneficii,
419 1288 479 1330 nos
502 1288 579 1330 vero
604 1266 707 1351 predii
731 1268 764 1330 in
787 1268 948 1331 territorio
965 1266 1057 1332 Vrck
1079 1268 1113 1330 in
1136 1287 1223 1351 pago
1247 1265 1324 1331 Salo
1344 1265 1465 1330 habere
1480 1266 1542 1330 visi
1558 1288 1679 1349 sumus,
1703 1269 1737 1332 in
1753 1266 1885 1353 quibus-

238 1392 376 1456 cumque
400 1369 496 1433 rebus
520 1370 643 1452 fuisset,
671 1370 843 1454 mancipiis
867 1371 1033 1455 utriusque
1057 1391 1155 1434 sexus
1178 1368 1315 1434 edificiis
1338 1370 1430 1433 terris
1453 1368 1550 1433 cultis
1573 1379 1606 1434 et
1627 1369 1758 1434 incultis
1781 1371 1884 1455 pratis

238 1475 369 1559 pascuis
400 1472 491 1537 silvis
520 1475 612 1558 aquis
642 1495 864 1559 aquarumque
894 1471 1084 1537 decursibus
1107 1471 1250 1537 exitibus
1274 1481 1306 1536 et
1327 1471 1486 1536 reditibus
1509 1474 1642 1556 quesitis
1666 1482 1698 1536 et
1721 1473 1884 1559 inquiren-

240 1577 305 1657 dis,
335 1599 374 1641 ac
398 1576 546 1663 quitquid
577 1578 820 1662 prenominatus
850 1598 958 1641 comes
987 1579 1020 1640 in
1050 1578 1206 1640 comitatu
1228 1573 1490 1639 Nerdinclrlant‘l
1518 1575 1682 1658 beneficii,
1716 1597 1776 1640 nos
1805 1598 1882 1641 vero
1903 1587 1937 1636 10

240 1679 341 1765 predii
365 1680 407 1743 ad
430 1703 502 1744 eam
526 1679 611 1744 diem
634 1679 815 1762 habuimus,
839 1689 893 1743 et⁰
917 1678 1065 1765 quitquid
1088 1675 1217 1743 eidemf
1235 1680 1269 1741 in
1292 1679 1450 1743 comitatu
1473 1679 1672 1743 Hamelantc
1693 1703 1800 1746 rerum
1823 1683 1885 1747 fuit

239 1795 296 1848 aut
319 1784 504 1869 prediorum
527 1793 584 1849 aut
607 1784 649 1847 ad
671 1784 787 1848 fiscum
811 1785 1054 1868 pertinencium,
1077 1782 1193 1847 horum
1218 1783 1361 1848 omnium
1384 1805 1478 1847 usum
1496 1793 1529 1847 et
1547 1786 1786 1869 possessionem
1805 1784 1883 1851 libe·

240 1907 311 1950 ram
334 1885 471 1969 collegio
495 1886 683 1951 monasterii
707 1888 922 1971 prenominati
945 1886 1140 1952 contulimus
1164 1888 1386 1952 concessimus
1409 1897 1441 1950 et
1463 1889 1702 1970 constituimus,
1725 1898 1761 1952 ut
1783 1888 1883 1954 abba·

241 1990 323 2052 tissa
351 1990 421 2052 eius
451 1989 638 2053 monasterii
667 1987 805 2053 liberam
833 1989 987 2075 deinceps
1016 1989 1138 2055 habeat
1167 1998 1362 2074 potestatem
1391 1989 1579 2074 possidendi
1611 1988 1819 2075 dispensandi
1852 2002 1884 2056 et

241 2090 391 2176 quitquid
415 2091 475 2156 sibi
499 2090 541 2155 ad
564 2091 717 2157 libitumt
743 2092 855 2174 fuerit,
891 2092 1068 2158 dummodo
1092 2094 1125 2156 in
1148 2091 1252 2158 usus¹¹
1276 2094 1464 2157 monasterii
1487 2102 1519 2157 et
1542 2115 1688 2158 sororum
1716 2095 1773 2177 sit,
1808 2094 1883 2159 inde
1904 2108 1936 2155 15

240 2194 391 2258 faciendi.
430 2195 474 2258 Et
495 2205 530 2259 ut
552 2194 614 2260 hoc
637 2196 841 2260 auctoritatis
864 2206 975 2260 nostre
998 2204 1186 2281 preceptum
1209 2195 1338 2261 firmum
1360 2204 1392 2258 et
1415 2195 1533 2261 stabile
1563 2204 1768 2282 permaneat,
1798 2196 1883 2262 hanc

240 2306 365 2363 cartam
389 2298 550 2363 conscribi
569 2309 600 2363 et
619 2298 729 2363 annuli
752 2302 853 2364 nostri
877 2301 1091 2384 impressione
1114 2300 1234 2383 signari
1257 2300 1419 2382 iussimus,
1444 2322 1541 2384 quam
1559 2311 1592 2365 et
1609 2302 1742 2385 propria
1764 2299 1883 2366 manui

242 2402 356 2467 subtus
377 2401 588 2468 firmavimus.

344 2555 479 2641 Signum
502 2558 613 2622 domni
638 2556 769 2622 Ottonis
792 2560 900 2640 magni
924 2566 957 2621 et
978 2557 1183 2621 invictissimi
1205 2557 1411 2642 imperatoris
1435 2560 1576 2640 augusti.

343 2677 457 2762 Poppo
482 2677 696 2743 cancellarius
717 2680 790 2742 vice
812 2678 952 2762 Huperti
976 2676 1240 2761 archicapellani.
1902 2698 1936 2745 ⁶20

342 2832 432 2896 Data
461 2834 561 2897 tercio
591 2832 658 2897 kal.
686 2832 755 2897 iulii
785 2854 870 2896 anno
901 2831 1061 2896 dominice
1091 2833 1330 2896 incarnacionis
1364 2834 1645 2916 noningentesimo
1677 2838 1881 2918 sexagesimo

242 2945 369 3017 octavo,
393 2934 569 3000 indictione
591 2934 774 3017 undecima,
798 2957 884 2999 anno
908 2945 1020 2999 autem
1041 2937 1131 3019 regni
1155 2934 1265 3000 domni
1285 2932 1415 2999 Ottonis
1438 2937 1602 3000 tricesimo
1621 2938 1733 3019 tercio,
1757 2940 1882 3024 imperii

240 3061 317 3103 vero
342 3040 497 3123 septimo,
521 3047 629 3104 actum
653 3039 809 3122 Pistorie;
832 3039 866 3102 in
888 3040 1019 3103 nomine
1043 3037 1164 3103 domini
1187 3035 1315 3103 nostril
1339 3038 1413 3102 Iesu
1437 3036 1568 3103 Christi.

1020 3276 1106 3353 35⁹.

250 3432 329 3509 Ouo
349 3432 509 3530 bestc'itipt
530 3432 609 3505 dem
627 3432 771 3506 Klostee·
793 3428 829 3507 S.
855 3431 1028 3506 lsiuccuzo
1047 3458 1107 3503 arn
1130 3431 1299 3505 Volturno
1318 3431 1377 3505 die
1394 3435 1608 3506 ncrrzeatlicb
1628 3436 1883 3533 crispefz‘tluteu
1900 3456 1934 3506 ao

241 3553 488 3650 Besilzuupea,
518 3551 584 3625 dus
611 3552 950 3648 Inquisitionsrecht,
979 3551 1049 3624 den
1075 3551 1330 3650 Kduipssobutz
1356 3552 1436 3625 und
1460 3554 1518 3627 die
1545 3555 1766 3627 Irrzmuuitdt

1460 3675 1577 3746 Stuffdi
1599 3680 1662 3736 968
1685 3676 1765 3736 Jum'
1787 3681 1839 3739 30.

241 3885 327 3939 359⁰.
345 3878 509 3938 Oleroniron
528 3880 728 3949 Volturnense,
753 3877 848 3938 (lodex
867 3880 1071 3953 catoprapleus
1093 3897 1150 3938 aas
1171 3880 1237 3938 dem
1259 3879 1385 3954 Aesona
1408 3881 1458 3941 des
1481 3886 1530 3941 12.
1556 3881 1607 3941 Jlr.
1632 3882 1655 3953 f.
1680 3881 1753 3944 189'
1777 3886 1809 3942 ia
1831 3884 1883 3943 der

344 3981 510 4061 Bittiottet
532 3981 694 4041 Burterini
714 4000 755 4040 ru
777 3983 854 4041 Rom
876 3981 936 4060 (A).

241 4076 327 4142 359l.
343 4082 507 4142 chronicon
527 4084 718 4143 Volturncase
740 4083 765 4155 s.
789 4089 849 4144 191
877 4083 888 4161 (
918 4082 949 4161 ')·
1900 4109 1933 4156 30

343 4220 497 4279 tiaratori
519 4220 571 4280 SS.
596 4216 638 4290 1⁶,
663 4224 725 4281 439
748 4238 804 4280 aas
827 4221 852 4277 ,l
877 4222 941 4279 eiad
962 4218 1009 4280 A‘.
1034 4254 1076 4263 —
1099 4222 1227 4280 Bolvmer
1248 4223 1320 4295 Res.
1344 4226 1416 4283 347.
1442 4260 1481 4267 ›--
1506 4224 1634 4298 Sturnpf
1652 4226 1722 4299 Ileu.
1748 4231 1820 4287 447.

346 4357 408 4415 Vou
429 4356 485 4415 deu
507 4358 609 4416 teuton
632 4358 822 4430 Fuesauqen,
858 4358 959 4415 conlcto
983 4358 1136 4417 Muratori
1159 4362 1191 4416 in
1214 4362 1277 4418 eine
1298 4363 1649 4434 aasummeupescluueisst
1672 4365 1738 4433 lint,
1774 4367 1813 4423 ist
1835 4365 1883 4423 die

345 4462 397 4518 ›rr-it
420 4460 446 4516 Α
469 4462 646 4519 teseiclmete
667 4461 871 4531 eureifelsolme
893 4462 941 4519 dic
962 4462 1197 4535 ursprdeplicbe.
1232 4464 1300 4521 For
1321 4462 1375 4522 das
1398 4467 1431 4521 in
1454 4467 1502 4523 ihr
1525 4466 1670 4525 crlclteue
1684 4468 1722 4525 D.
1747 4469 1882 4526 deuolute

343 4564 391 4621 dic
414 4563 541 4621 Kaualei
562 4564 728 4636 conasticis
751 4563 804 4622 dus
826 4565 915 4623 sehon
936 4569 1025 4622 tenter
1051 4563 1118 4624 Do.
1142 4568 1204 4625 245
1234 4568 1330 4624 cuine
1352 4567 1477 4639 Prdcept
1498 4586 1563 4626 vora
1592 4568 1625 4627 J.
1648 4572 1719 4640 941,
1751 4570 1882 4628 dunctcn

342 4668 411 4725 (tter
438 4666 513 4723 auch
541 4666 608 4725 DO.
631 4669 705 4735 245,
735 4667 837 4725 dassen
858 4668 1056 4741 Emeuewtp
1084 4669 1157 4726 wold
1185 4668 1302 4728 deslalb
1331 4670 1524 4743 mclpesucbt
1550 4672 1651 4729 warde
1679 4690 1730 4729 tem
1753 4673 1801 4731 dic
1826 4674 1881 4731 Be·
1900 4690 1932 4738 35

342 4771 494 4842 stritiquup
517 4770 572 4839 ttlr
595 4771 689 4841 einipe
713 4772 744 4827 ia
765 4770 928 4828 derriselbeu
951 4771 1124 4829 amsodtnt
1143 4771 1306 4843 petil-letrae
1321 4771 1523 4846 Besitrwtoeu
1537 4791 1578 4831 ru
1593 4772 1732 4844 erboltcu,
1757 4792 1788 4833 so
1805 4795 1833 4833 u.
1852 4795 1880 4836 a.

343 4872 399 4941 [dr
421 4872 474 4930 das
498 4872 566 4930 told
584 4873 700 4941 diesem,
724 4872 792 4931 told
807 4874 907 4945 jeaem
923 4872 1013 4943 Stiltc
1027 4874 1260 4945 superprocbcne
1275 4874 1525 4934 Miclruelstloster
1539 4894 1580 4934 ru
1595 4877 1711 4934 Burrca
1728 4877 1762 4953 (s.
1780 4878 1879 4938 DDO.

342 4978 415 5041 261,
438 4978 512 5044 263,
536 4979 609 5045 336,
633 4979 696 5034 396
723 4976 787 5033 aad
814 4976 893 5033 dcere
922 4975 1016 5034 Siste]
1043 4978 1075 5032 ia
1096 4976 1197 5035 Mittis.
1226 4977 1275 5035 des
1304 4981 1356 5035 dst.
1381 4979 1455 5038 lust.
1480 4981 1552 5053 Ery.
1577 4986 1605 5049 1,
1630 4980 1715 5057 131).
1744 5016 1787 5024 —
1814 4982 1886 5054 siref

344 5076 451 5135 Grund
472 5095 527 5135 ocis
549 5078 577 5135 A
601 5080 638 5136 ist
662 5079 743 5136 drino
766 5081 806 5135 tm
829 5079 949 5137 Kloster
970 5080 1056 5138 solbat
1078 5078 1116 5137 A‘
1139 5080 1316 5155 enqefcrtiqt
1338 5082 1465 5154 worden,
1497 5085 1613 5143 welches
1636 5104 1695 5143 nter
1717 5089 1826 5159 wenipe
1850 5089 1881 5144 iu

341 5179 406 5236 dem
428 5181 525 5238 ecliten
541 5183 580 5238 D.
598 5184 743 5240 mendicate
765 5184 965 5255 Besitrunqen
988 5181 1134 5254 uufsttlrlt,
1158 5183 1286 5258 daqeyca
1307 5186 1370 5242 eine
1384 5186 1477 5244 Reite
1500 5187 1625 5244 unrlerer
1648 5188 1711 5244 verul
1733 5189 1880 5247 insteson-
1899 5206 1932 5253 40

341 5280 409 5338 dere
436 5281 489 5338 der
516 5284 549 5339 ia
572 5283 637 5341 dem
659 5284 809 5343 Placitum
832 5287 975 5344 Heinrich
995 5294 1035 5344 11.
1064 5305 1129 5346 nom
1157 5288 1189 5348 J.
1214 5292 1301 5349 1022
1323 5286 1464 5363 (Stamps
1483 5292 1553 5362 lieu.
1579 5289 1675 5368 1781)
1703 5297 1879 5363 emanatas.

340 5383 399 5442 Die
421 5386 634 5458 Interpolation
655 5388 772 5445 verruca
793 5390 855 5447 siet
878 5391 931 5448 wie
949 5391 994 5447 tei
1009 5389 1074 5450 ΒΟ.
1090 5386 1168 5452 245⁶
1191 5391 1284 5451 durch
1306 5391 1354 5449 die
1375 5394 1575 5465 meretriciae
1598 5393 1781 5467 Stilisirano.
1821 5394 1882 5454 Soll

326 5566 385 5619 358.
412 5568 507 5636 [Foltz]
594 5576 621 5636 a)
641 5573 798 5624 Theodoriei
817 5574 843 5623 B
929 5573 958 5635 b)
977 5574 1060 5625 Rheni
1080 5575 1105 5624 B
1195 5576 1220 5639 c)
1238 5576 1409 5627 Hammelant
1426 5576 1458 5637 A,
1487 5579 1647 5627 Humelandt
1660 5579 1685 5628 B
1772 5579 1799 5640 d)
1817 5580 1881 5629 Ner·

410 5638 563 5689 dincklandt
575 5641 601 5691 B
694 5644 718 5704 c)
738 5642 771 5702 B,
783 5641 852 5704 sctit
870 5643 899 5690 in
913 5640 936 5691 A
1032 5642 1053 5706 s)
1072 5644 1142 5692 idem
1155 5641 1205 5692 AB
1300 5644 1328 5709 g)
1346 5645 1398 5695 sibi
1417 5645 1565 5696 collibitum
1578 5644 1628 5695 AB
1731 5647 1758 5708 h)
1776 5663 1818 5697 res
1832 5646 1881 5697 AB

408 5708 428 5770 i)
447 5707 575 5759 manuari
671 5710 699 5775 k)
709 5709 780 5772 fehlt
798 5712 826 5759 in
844 5710 877 5760 B.
1899 5717 1932 5763 tt
