4500 6420
831 434 1286 493 KAISERURKUNDEN.

1017 614 1103 688 319.

245 775 325 851 Otto
344 775 433 849 stollt
450 774 520 847 den
538 774 728 859 Mbachcn,
742 798 814 844 ooa
840 768 1180 866 rS'toblo-Mabacdp
1204 769 1346 866 pcavissc
1364 766 1524 838 Kircbca
1547 765 1680 839 cacaleb
1703 764 1784 837 laod
1803 791 1882 837 ocr-

237 895 319 968 lclltt
344 895 455 968 daca
481 894 551 968 dea
578 892 833 991 Kbaipsschatz
859 890 939 962 arrd
965 889 1032 962 das
1058 888 1168 962 Reda
1194 888 1258 960 dor·
1273 886 1401 985 freiero
1428 885 1541 958 Wohl.

1354 1009 1532 1068 Moostriobt
1556 1010 1619 1068 966
1642 1007 1767 1066 Jaaaar
1786 1009 1839 1066 24,

340 1184 504 1265 Olmrtolor
525 1222 581 1264 ooo
603 1204 705 1264 Stablo
727 1220 784 1262 aas
806 1202 872 1260 dem
894 1198 1019 1271 statano
1042 1198 1090 1256 des
1114 1200 1164 1257 13.
1182 1196 1234 1255 Jh.
1259 1195 1283 1266 f.
1300 1192 1351 1255 35'
1374 1197 1417 1252 im
1438 1196 1465 1254 lc.
1483 1194 1686 1254 Staotsarchio
1702 1212 1744 1252 aa
1758 1193 1919 1259 Daseai-5

339 1307 442 1387 dors(
471 1307 491 1385 ).
515 1342 557 1351 -
581 1306 746 1366 Olrortalor
765 1323 821 1364 oon
845 1304 944 1364 Stablo
967 1319 1023 1360 aas
1046 1301 1111 1359 dero
1133 1300 1220 1359 mate
1241 1299 1291 1358 des
1313 1301 1364 1357 15.
1382 1298 1435 1357 Jh.
1459 1297 1484 1368 f.
1509 1302 1550 1357 49
1574 1301 1616 1355 ior
1637 1298 1665 1356 c.
1683 1297 1885 1357 Staotsarclrto

338 1431 379 1471 sa
401 1412 534 1482 Brttsscl,
559 1428 615 1469 aas
639 1409 664 1469 0
689 1407 751 1487 (D).
782 1440 826 1450 -
854 1404 1016 1465 Olrortular
1036 1421 1092 1461 con
1115 1401 1215 1463 Stablo
1237 1418 1294 1459 aas
1316 1401 1382 1458 dcro
1403 1400 1490 1458 Fmdc
1516 1400 1565 1458 des
1596 1402 1647 1458 16.
1664 1399 1719 1459 Jt.
1743 1398 1767 1470 s.
1790 1391 1820 1458 2'
1842 1400 1885 1455 im

338 1515 367 1573 k.
391 1513 593 1573 Stoatsorchio
614 1531 654 1570 aa
676 1509 866 1579 Dasscldors,
890 1525 946 1565 aas
970 1504 995 1564 O
1021 1503 1085 1584 (F).
1116 1538 1158 1545 —
1186 1505 1359 1575 sotsac-m
1387 1504 1500 1561 archivi
1523 1503 1706 1562 stabulensis
1734 1520 1791 1560 aas
1819 1503 1886 1559 acar

339 1615 426 1674 Euae
448 1615 498 1674 des
521 1618 572 1674 18,
590 1614 643 1673 Jh.
662 1632 696 1686 p.
719 1616 783 1673 249
807 1613 916 1671 eborata
937 1608 999 1688 (G).

342 1753 480 1810 Marthae
503 1749 573 1811 Goll.
596 1755 627 1817 2,
651 1754 692 1809 lo
721 1766 777 1807 aas
799 1750 873 1822 jctrt
900 1748 980 1805 nicht
1007 1746 1089 1802 orclrr
1117 1743 1338 1816 oasfiadborcm
1360 1743 1427 1803 MS.
1451 1761 1507 1802 roa
1528 1744 1689 1817 Maturata.
1712 1776 1755 1786 —
1777 1743 1886 1802 Patria
1904 1754 1938 1801 10

340 1855 463 1915 Rceacr'l
478 1856 528 1913 des
543 1855 744 1913 ordoaaaocos
760 1853 796 1911 olo
811 1852 938 1913 Staoclot
954 1853 995 1909 10
1011 1866 1067 1907 oros
1082 1848 1122 1906 D.
1138 1882 1181 1889 —
1198 1848 1327 1906 Btbmer
1341 1848 1412 1921 lico,
1430 1852 1502 1907 314.
1522 1881 1565 1890 -—
1583 1845 1712 1919 Sta-mos
1722 1848 1794 1920 Rea.
1811 1851 1885 1906 397.

343 1991 446 2050 Dictat
468 1991 518 2050 des
540 1991 609 2048 ΕΗ.

445 2177 484 2240 In
506 2177 637 2240 nomine
661 2183 773 2239 sancte
796 2182 828 2237 et
849 2173 1015 2238 individue
1039 2174 1201 2237 trinitatis.
1243 2171 1322 2238 Otto
1347 2172 1458 2237 divina
1480 2173 1610 2237 favente
1633 2173 1805 2237 clementia
1828 2174 1885 2236 im·

241 2289 373 2365 perator
395 2290 563 2363 augustus.
664 2278 801 2342 Noverit
824 2278 967 2340 omnium
990 2275 1134 2340 fidolium
1157 2286 1342 2341 nostrorum
1364 2285 1432 2339 tam
1461 2278 1658 2359 presentium
1681 2299 1778 2363 quam
1802 2276 1885 2339 lutu-

240 2403 348 2445 rorum
376 2380 553 2461 industria,
588 2377 726 2464 qualiter
754 2400 813 2442 nos
842 2379 1026 2443 interventu
1054 2377 1170 2441 dilecte
1199 2379 1347 2460 coniugis
1370 2387 1480 2442 nostre
1503 2376 1694 2441 Adalehidis
1716 2377 1885 2463 fidelisque
1905 2390 1937 2436 15

240 2484 343 2546 nostri
368 2481 605 2566 archiepiscopi
628 2480 824 2545 Willchclmi
855 2480 896 2545 ob
927 2503 1017 2565 spem
1048 2480 1156 2546 divine
1178 2482 1463 2562 remunerationis,
1497 2503 1556 2566 pro
1581 2490 1667 2545 statu
1690 2481 1741 2544 vcl
1764 2480 1885 2545 incolo-

240 2587 352 2649 mitate
374 2587 464 2667 regni
493 2582 544 2648 vel
571 2585 697 2669 imperii
725 2586 844 2666 nostri,
878 2606 938 2668 pro
968 2585 1107 2647 sanitato
1136 2606 1265 2670 quoque
1292 2593 1405 2648 nostra
1432 2583 1555 2668 filiique
1584 2585 1688 2647 nostri
1716 2584 1885 2664 carissimi,

240 2690 327 2771 regis
351 2686 477 2752 scilicet
499 2687 646 2770 Ottonis,
680 2697 712 2750 et
735 2710 793 2773 pro
816 2686 960 2751 remedio
985 2690 1092 2751 anime
1115 2687 1224 2752 domni
1255 2689 1409 2771 genitoris
1437 2688 1537 2751 nostri
1561 2686 1706 2750 Heinrici
1730 2686 1886 2750 ccclesias

241 2813 315 2855 eum
338 2790 608 2854 decimationibus
631 2801 663 2854 ct
686 2794 807 2855 mansis
826 2791 878 2856 vel
901 2793 1074 2876 mancipiis
1092 2793 1306 2879 omnibusque
1322 2790 1519 2878 appenditiis
1535 2814 1647 2855 carum
1666 2790 1720 2874 [ad
1735 2790 1884 2873 cenobia]

241 2893 436 2958 Stabulenso
451 2893 502 2957 vol
520 2892 817 2958 Malmundariense
840 2897 1037 2980 pertinentes
1060 2895 1230 2960 monachis
1254 2895 1314 2959 deo
1340 2904 1518 2981 sanctoque
1541 2896 1637 2960 Petro
1661 2893 1886 2981 apostolonim
1904 2910 1938 2957 20

241 2999 380 3083 principi
392 3008 406 3035 ²
427 2996 580 3083 almoque
598 2996 778 3060 confessori
795 2994 914 3062 Christi
931 2997 1087 3081 Remaglo
1105 2998 1164 3063 sub
1180 2998 1293 3083 regula
1316 3000 1420 3062 sancti
1436 2998 1605 3062 Benedicti
1630 2997 1886 3063 deservientibus

242 3101 359 3187 quibus
382 3100 577 3166 venerabilis
601 3100 705 3164 abbas
728 3100 955 3166 Werenfridus
977 3124 1107 3187 preesse
1130 3103 1266 3184 videtur,
1290 3102 1444 3166 munifica
1466 3101 1616 3185 largitato
1638 3100 1836 3164 reddidimus
1856 3107 1887 3163 et

240 3202 353 3267 usibus
368 3202 421 3267 vel
444 3203 613 3289 stipendiis
636 3225 748 3266 eorum
772 3201 1003 3288 perpetualiter
1026 3206 1202 3269 servituras
1226 3205 1438 3287 decrevimus,
1461 3213 1494 3267 et
1516 3214 1552 3268 ut
1572 3204 1651 3269 nulli
1676 3227 1831 3290 umquam
1853 3204 1886 3265 iu

242 3305 434 3371 beneficium
463 3304 594 3388 dentur,
628 3305 780 3369 volumus
809 3314 841 3368 et
867 3306 1002 3372 firmiter
1030 3307 1190 3372 iubemus.
1235 3308 1314 3393 Ipsa
1343 3330 1420 3371 vero
1451 3308 1589 3372 cenobia
1620 3307 1814 3372 Stabulense
1836 3304 1887 3369 vel

242 3408 539 3474 Malurundariense
563 3433 637 3475 cum
660 3409 810 3474 omnibus
840 3409 882 3473 ad
911 3410 1066 3475 victualia
1093 3411 1145 3475 vel
1175 3411 1338 3496 stipendia
1367 3411 1601 3476 monachorum
1632 3411 1796 3497 deputatis
1826 3408 1885 3473 sub
1905 3434 1938 3480 25

243 3524 398 3598 perpetua
421 3522 531 3577 nostre
554 3514 641 3597 regie
664 3513 715 3576 vel
737 3515 945 3597 imperatorie
969 3513 1136 3598 dignitatis
1166 3514 1354 3579 defensione
1377 3515 1427 3578 vcl
1451 3517 1627 3579 cmmritatc
1651 3538 1722 3579 esse
1746 3515 1887 3579 decrevi-

243 3636 332 3696 mus,
365 3623 398 3678 ct
425 3623 461 3678 ut
490 3614 588 3678 nullis
617 3637 771 3701 umquam
800 3617 1001 3702 temporibus
1032 3617 1130 3680 alicui
1159 3619 1193 3681 in
1222 3617 1409 3683 benefitium
1439 3618 1572 3701 cedant,
1604 3618 1660 3682 sed
1692 3618 1752 3683 sub
1776 3627 1888 3682 nostra

244 3727 493 3803 nostrorumque
518 3740 745 3782 successorum
767 3719 904 3783 tuitione
920 3720 1153 3805 perpetualiter
1168 3723 1358 3784 consistant.
1388 3720 1541 3785 Monachi
1556 3744 1634 3785 vcro
1650 3723 1683 3783 in
1699 3722 1888 3805 prescriptis

244 3819 389 3883 cenobiis
413 3821 473 3885 deo
499 3830 677 3906 sanctoque
699 3821 794 3886 Petro
819 3821 968 3907 apostolo
992 3820 1144 3907 almoque
1166 3823 1345 3888 confessori
1369 3823 1489 3887 Christi
1513 3824 1670 3908 llcmaglo
1692 3823 1888 3889 famulantes

245 3922 384 4006 eligendi
407 3925 491 3988 inter
515 3947 549 3987 se
572 3923 725 3989 abbatem
748 3924 884 3989 liberam
906 3925 1048 3990 habeant
1071 3936 1275 4011 potestatem.
1319 3926 1388 3992 Etb
1410 3936 1446 3992 ut
1468 3929 1530 3992 hoe
1553 3929 1756 3992 auctoritatis
1780 3939 1887 3992 nostre
1907 3946 1940 3992 30

246 4037 433 4111 preceptum
455 4027 582 4091 firmum
606 4036 638 4090 et
661 4026 777 4091 stabile
799 4039 999 4113 permaneat,
1022 4029 1107 4092 hanc
1129 4040 1254 4094 cartam
1277 4028 1461 4114 [conscribi]
1480 4042 1512 4096 et
1527 4032 1614 4095 anuli
1630 4034 1733 4096 nostri
1755 4034 1888 4116 impres·

246 4131 336 4193 sione
359 4132 481 4215 signari
503 4132 671 4213 iussimus,
696 4154 793 4218 quam
815 4141 848 4195 et
869 4154 968 4196 manu
991 4136 1125 4218 propria
1148 4133 1259 4198 subter
1280 4133 1490 4198 firmavimus.

349 4266 484 4351 Signum
508 4268 618 4333 domni
642 4267 771 4333 Ottonis
795 4271 905 4352 magni
928 4278 960 4332 et
982 4271 1186 4335 invictissimi
1210 4272 1415 4356 imperatoris
1439 4274 1580 4354 augusti.

349 4407 462 4470 Data⁰
484 4424 571 4471 vr111.
594 4407 660 4471 kal.
684 4407 764 4471 febr.
788 4429 873 4471 anno
898 4406 1061 4473 dominice
1088 4410 1324 4473 incarnationis
1355 4425 1566 4491 occcctxvr,
1600 4408 1777 4472 indictione
1802 4427 1887 4492 vnn,

247 4531 332 4573 anuo
356 4512 446 4595 regni
470 4509 580 4575 domni
606 4508 737 4574 Ottonis
761 4528 865 4591 xxxi,
893 4520 1002 4575 actum
1024 4511 1167 4576 Traiecti
1179 4510 1208 4594 ‘¹3
1237 4512 1271 4577 in
1294 4512 1345 4576 dei
1368 4514 1498 4576 nominc
1522 4511 1658 4575 feliciter
1680 4534 1786 4575 anien.
1908 4527 1941 4573 so

1024 4731 1110 4807 320.

257 4888 336 4964 Otto
363 4889 504 4963 sclicalrt
528 4889 608 4962 (lirin.
634 4888 853 4986 Erzbiscluff
876 4888 1092 4962 Tltcodcricb
1118 4913 1190 4959 ooo
1218 4888 1323 4962 ltro
1349 4892 1407 4963 dic
1434 4891 1510 4964 dcru
1535 4890 1787 4990 lllcpinpcddua
1813 4890 1892 4964 ataid

248 5009 405 5107 chinzo
429 5010 631 5107 periclitlich
658 5021 871 5108 ori-troponca
898 5009 1135 5107 Bcsitzuopca
1162 5010 1213 5081 iao
1239 5011 1431 5108 Naltepao.

1378 5134 1550 5206 Nimwcyea
1571 5137 1634 5193 966
1656 5135 1795 5194 Febraor
1816 5139 1845 5194 4.

352 5320 600 5395 Omyinoldrplom
622 5323 664 5379 im
686 5322 713 5381 lc.
737 5322 940 5381 Staotsarchio
960 5340 1001 5380 aa
1023 5323 1155 5381 Koblcas
1176 5304 1247 5401 (Α).Ι
1908 5333 1944 5379 so

351 5458 473 5517 Brorrer
501 5459 571 5516 Ant.
604 5460 715 5518 Troor'r.
745 5459 787 5517 ed.
814 5468 837 5530 1,
863 5464 926 5519 577
953 5461 1025 5532 aa.
1054 5478 1111 5519 aas
1139 5458 1170 5518 A
1193 5459 1360 5528 =ed.11,
1390 5464 1419 5529 1,
1449 5463 1522 5518 476.
1553 5493 1594 5502 -
1624 5460 1780 5517 llontlrcior
1812 5461 1890 5518 llist.

335 5624 394 5677 alt.
422 5625 516 5744 [Fotlta]
539 5628 646 5746 oms)
665 5628 696 5689 F,
721 5630 840 5694 principa
861 5626 936 5678 0120
1039 5628 1068 5692 b)
1086 5627 1145 5691 PG,
1170 5635 1210 5678 est
1230 5627 1278 5680 01)
1380 5629 1405 5687 c)
1425 5627 1496 5677 dieta
1516 5626 1615 5678 ODFG
1724 5629 1752 5689 d)
1773 5626 1806 5689 θ,
1829 5630 1892 5679 Tra-

422 5711 518 5745 reeum
611 5733 618 5745 .
