<?xml version="1.0" encoding="UTF-8"?>
<!DOCTYPE html PUBLIC "-//W3C//DTD XHTML 1.0 Transitional//EN"
    "http://www.w3.org/TR/xhtml1/DTD/xhtml1-transitional.dtd">
<html xmlns="http://www.w3.org/1999/xhtml" xml:lang="en" lang="en">
 <head>
  <title>
</title>
<meta http-equiv="Content-Type" content="text/html;charset=utf-8" />
  <meta name='ocr-system' content='tesseract 3.04.00' />
  <meta name='ocr-capabilities' content='ocr_page ocr_carea ocr_par ocr_line ocrx_word'/>
</head>
<body>
  <div class='ocr_page' id='page_1' title='image "./conradiiheinric00ottogoog/conradiiheinric00ottogoog_0667.png"; bbox 0 0 4298 6414; ppageno 0'>
   <div class='ocr_carea' id='block_1_1' title="bbox 914 361 1928 427">
    <p class='ocr_par' dir='ltr' id='par_1_1' title="bbox 914 361 1928 427">
     <span class='ocr_line' id='line_1_1' title="bbox 914 361 1928 427; baseline 0.003 -3"><span class='ocrx_word' id='word_1_1' title='bbox 914 367 1037 425; x_wconf 85' lang='grc' dir='ltr'><strong>ΟΤΤΟ</strong></span> <span class='ocrx_word' id='word_1_2' title='bbox 1061 369 1084 423; x_wconf 92' lang='grc' dir='ltr'>Ι.</span> <span class='ocrx_word' id='word_1_3' title='bbox 1109 365 1298 426; x_wconf 83' lang='grc'>936-973.</span> <span class='ocrx_word' id='word_1_4' title='bbox 1863 361 1928 427; x_wconf 79' lang='lat'>635</span> 
     </span>
    </p>
   </div>
   <div class='ocr_carea' id='block_1_2' title="bbox 233 547 1927 1667">
    <p class='ocr_par' dir='ltr' id='par_1_2' title="bbox 233 547 1927 1667">
     <span class='ocr_line' id='line_1_2' title="bbox 281 547 1926 639; baseline 0.004 -23"><span class='ocrx_word' id='word_1_5' title='bbox 281 552 445 638; x_wconf 87' lang='lat' dir='ltr'>exemplis</span> <span class='ocrx_word' id='word_1_6' title='bbox 456 552 474 637; x_wconf 87' lang='lat'>¹,</span> <span class='ocrx_word' id='word_1_7' title='bbox 509 575 584 618; x_wconf 90' lang='lat' dir='ltr'>cum</span> <span class='ocrx_word' id='word_1_8' title='bbox 607 553 693 616; x_wconf 91' lang='lat' dir='ltr'>omni</span> <span class='ocrx_word' id='word_1_9' title='bbox 716 551 840 617; x_wconf 92' lang='lat' dir='ltr'>honore</span> <span class='ocrx_word' id='word_1_10' title='bbox 862 558 894 614; x_wconf 88' lang='lat' dir='ltr'>et</span> <span class='ocrx_word' id='word_1_11' title='bbox 915 547 1137 615; x_wconf 88' lang='lat' dir='ltr'>iurisdictione</span> <span class='ocrx_word' id='word_1_12' title='bbox 1160 559 1191 614; x_wconf 89' lang='lat' dir='ltr'>et</span> <span class='ocrx_word' id='word_1_13' title='bbox 1214 550 1362 616; x_wconf 86' lang='lat' dir='ltr'>districtu</span> <span class='ocrx_word' id='word_1_14' title='bbox 1386 551 1562 618; x_wconf 92' lang='lat' dir='ltr'>secundum</span> <span class='ocrx_word' id='word_1_15' title='bbox 1586 553 1673 638; x_wconf 88' lang='lat' dir='ltr'>quod</span> <span class='ocrx_word' id='word_1_16' title='bbox 1694 552 1738 618; x_wconf 90' lang='lat' dir='ltr'>ad</span> <span class='ocrx_word' id='word_1_17' title='bbox 1755 555 1926 639; x_wconf 91' lang='lat' dir='ltr'>imperium</span> 
     </span>
     <span class='ocr_line' id='line_1_3' title="bbox 282 652 1926 740; baseline 0.003 -20"><span class='ocrx_word' id='word_1_18' title='bbox 282 665 420 740; x_wconf 90' lang='lat' dir='ltr'>spectat.</span> <span class='ocrx_word' id='word_1_19' title='bbox 467 657 512 720; x_wconf 88' lang='lat' dir='ltr'>Et</span> <span class='ocrx_word' id='word_1_20' title='bbox 540 665 620 721; x_wconf 65' lang='lat' dir='ltr'>heom</span> <span class='ocrx_word' id='word_1_21' title='bbox 651 671 740 720; x_wconf 79' lang='lat' dir='ltr'>omnia</span> <span class='ocrx_word' id='word_1_22' title='bbox 765 656 852 719; x_wconf 89' lang='lat' dir='ltr'>enim</span> <span class='ocrx_word' id='word_1_23' title='bbox 882 675 981 738; x_wconf 88' lang='lat' dir='ltr'>supra</span> <span class='ocrx_word' id='word_1_24' title='bbox 1008 663 1188 718; x_wconf 90' lang='lat' dir='ltr'>memorata</span> <span class='ocrx_word' id='word_1_25' title='bbox 1217 654 1335 719; x_wconf 92' lang='lat' dir='ltr'>dilecto</span> <span class='ocrx_word' id='word_1_26' title='bbox 1366 652 1452 720; x_wconf 92' lang='lat' dir='ltr'>fideli</span> <span class='ocrx_word' id='word_1_27' title='bbox 1476 666 1587 721; x_wconf 90' lang='lat' dir='ltr'>nostro</span> <span class='ocrx_word' id='word_1_28' title='bbox 1611 655 1780 722; x_wconf 85' lang='lat' dir='ltr'>Thebaldo</span> <span class='ocrx_word' id='word_1_29' title='bbox 1805 668 1836 723; x_wconf 89' lang='lat' dir='ltr'>et</span> <span class='ocrx_word' id='word_1_30' title='bbox 1859 663 1926 726; x_wconf 88' lang='lat' dir='ltr'>suis</span> 
     </span>
     <span class='ocr_line' id='line_1_4' title="bbox 281 756 1927 841; baseline 0.004 -18"><span class='ocrx_word' id='word_1_31' title='bbox 281 759 456 824; x_wconf 82' lang='lat' dir='ltr'><strong>heredibus</strong></span> <span class='ocrx_word' id='word_1_32' title='bbox 480 768 512 825; x_wconf 90' lang='lat' dir='ltr'>et</span> <span class='ocrx_word' id='word_1_33' title='bbox 533 757 749 824; x_wconf 78' lang='lat' dir='ltr'><strong>coheredibus</strong></span> <span class='ocrx_word' id='word_1_34' title='bbox 771 756 835 822; x_wconf 92' lang='lat' dir='ltr'>illis</span> <span class='ocrx_word' id='word_1_35' title='bbox 858 758 892 821; x_wconf 93' lang='lat' dir='ltr'>in</span> <span class='ocrx_word' id='word_1_36' title='bbox 915 775 956 822; x_wconf 80' lang='lat' dir='ltr'>ius</span> <span class='ocrx_word' id='word_1_37' title='bbox 979 778 1005 822; x_wconf 81' lang='lat' dir='ltr'>et</span> <span class='ocrx_word' id='word_1_38' title='bbox 1027 774 1214 837; x_wconf 71' lang='lat' dir='ltr'><strong>proprietatem</strong></span> <span class='ocrx_word' id='word_1_39' title='bbox 1242 759 1397 824; x_wconf 90' lang='lat' dir='ltr'>iussimus</span> <span class='ocrx_word' id='word_1_40' title='bbox 1421 758 1588 841; x_wconf 82' lang='lat' dir='ltr'>devenire,</span> <span class='ocrx_word' id='word_1_41' title='bbox 1619 782 1749 840; x_wconf 81' lang='lat' dir='ltr'>quatenus</span> <span class='ocrx_word' id='word_1_42' title='bbox 1778 793 1810 828; x_wconf 80' lang='lat' dir='ltr'>ea</span> <span class='ocrx_word' id='word_1_43' title='bbox 1838 781 1927 830; x_wconf 80' lang='lat' dir='ltr'>omnia</span> 
     </span>
     <span class='ocr_line' id='line_1_5' title="bbox 281 871 1925 945; baseline 0.003 -17"><span class='ocrx_word' id='word_1_44' title='bbox 281 879 419 942; x_wconf 88' lang='lat' dir='ltr'>perpetuis</span> <span class='ocrx_word' id='word_1_45' title='bbox 440 878 603 941; x_wconf 79' lang='lat' dir='ltr'>temporibus</span> <span class='ocrx_word' id='word_1_46' title='bbox 630 880 721 927; x_wconf 86' lang='lat' dir='ltr'>teneat</span> <span class='ocrx_word' id='word_1_47' title='bbox 748 880 828 941; x_wconf 87' lang='lat' dir='ltr'>atque</span> <span class='ocrx_word' id='word_1_48' title='bbox 858 875 993 939; x_wconf 87' lang='lat' dir='ltr'>possideat</span> <span class='ocrx_word' id='word_1_49' title='bbox 1014 893 1044 938; x_wconf 74' lang='lat' dir='ltr'>e,</span> <span class='ocrx_word' id='word_1_50' title='bbox 1073 871 1153 926; x_wconf 85' lang='lat' dir='ltr'>ullo¹¹</span> <span class='ocrx_word' id='word_1_51' title='bbox 1181 892 1298 942; x_wconf 88' lang='lat' dir='ltr'>unquam</span> <span class='ocrx_word' id='word_1_52' title='bbox 1327 884 1417 929; x_wconf 88' lang='lat' dir='ltr'>nostro</span> <span class='ocrx_word' id='word_1_53' title='bbox 1446 895 1598 930; x_wconf 88' lang='lat' dir='ltr'>successore</span> <span class='ocrx_word' id='word_1_54' title='bbox 1621 881 1782 945; x_wconf 82' lang='lat' dir='ltr'>irrumpente</span> <span class='ocrx_word' id='word_1_55' title='bbox 1803 883 1847 933; x_wconf 82' lang='lat' dir='ltr'>vel</span> <span class='ocrx_word' id='word_1_56' title='bbox 1870 899 1925 933; x_wconf 91' lang='lat' dir='ltr'>mu·</span> 
     </span>
     <span class='ocr_line' id='line_1_6' title="bbox 247 963 1926 1055; baseline 0.002 -25"><span class='ocrx_word' id='word_1_57' title='bbox 247 987 365 1033; x_wconf 77' lang='lat' dir='ltr'>stante.</span> <span class='ocrx_word' id='word_1_58' title='bbox 410 965 548 1050; x_wconf 78' lang='lat' dir='ltr'>insuper</span> <span class='ocrx_word' id='word_1_59' title='bbox 576 965 771 1049; x_wconf 86' lang='lat' dir='ltr'>quicumque</span> <span class='ocrx_word' id='word_1_60' title='bbox 799 965 854 1048; x_wconf 91' lang='lat' dir='ltr'>qui</span> <span class='ocrx_word' id='word_1_61' title='bbox 884 985 971 1028; x_wconf 91' lang='lat' dir='ltr'>nunc</span> <span class='ocrx_word' id='word_1_62' title='bbox 1001 964 1043 1027; x_wconf 93' lang='lat' dir='ltr'>sit</span> <span class='ocrx_word' id='word_1_63' title='bbox 1069 963 1122 1028; x_wconf 89' lang='lat' dir='ltr'>vel</span> <span class='ocrx_word' id='word_1_64' title='bbox 1150 964 1329 1029; x_wconf 55' lang='lat' dir='ltr'>numme</span> <span class='ocrx_word' id='word_1_65' title='bbox 1344 988 1416 1030; x_wconf 89' lang='lat' dir='ltr'>esse</span> <span class='ocrx_word' id='word_1_66' title='bbox 1439 967 1616 1048; x_wconf 90' lang='lat' dir='ltr'>credimus,</span> <span class='ocrx_word' id='word_1_67' title='bbox 1646 968 1710 1033; x_wconf 92' lang='lat' dir='ltr'>hoc</span> <span class='ocrx_word' id='word_1_68' title='bbox 1736 979 1926 1055; x_wconf 86' lang='lat' dir='ltr'>preceptum</span> 
     </span>
     <span class='ocr_line' id='line_1_7' title="bbox 281 1067 1925 1156; baseline 0.003 -22"><span class='ocrx_word' id='word_1_69' title='bbox 281 1070 433 1153; x_wconf 80' lang='lat' dir='ltr'>frangere</span> <span class='ocrx_word' id='word_1_70' title='bbox 455 1069 672 1154; x_wconf 86' lang='lat' dir='ltr'>temptaverit,</span> <span class='ocrx_word' id='word_1_71' title='bbox 696 1067 783 1132; x_wconf 89' lang='lat' dir='ltr'>mille</span> <span class='ocrx_word' id='word_1_72' title='bbox 806 1067 956 1132; x_wconf 88' lang='lat' dir='ltr'>marchas</span> <span class='ocrx_word' id='word_1_73' title='bbox 979 1089 1096 1132; x_wconf 90' lang='lat' dir='ltr'>aureas</span> <span class='ocrx_word' id='word_1_74' title='bbox 1119 1077 1304 1153; x_wconf 90' lang='lat' dir='ltr'>componat,</span> <span class='ocrx_word' id='word_1_75' title='bbox 1328 1069 1535 1135; x_wconf 84' lang='lat' dir='ltr'>medietatem</span> <span class='ocrx_word' id='word_1_76' title='bbox 1557 1092 1685 1136; x_wconf 89' lang='lat' dir='ltr'>camere</span> <span class='ocrx_word' id='word_1_77' title='bbox 1707 1074 1802 1156; x_wconf 84' lang='lat' dir='ltr'>regie,</span> <span class='ocrx_word' id='word_1_78' title='bbox 1826 1073 1925 1140; x_wconf 91' lang='lat' dir='ltr'>aliam</span> 
     </span>
     <span class='ocr_line' id='line_1_8' title="bbox 281 1169 1924 1260; baseline 0.003 -25"><span class='ocrx_word' id='word_1_79' title='bbox 281 1170 452 1236; x_wconf 86' lang='lat' dir='ltr'>Thebaldo</span> <span class='ocrx_word' id='word_1_80' title='bbox 476 1180 532 1236; x_wconf 90' lang='lat' dir='ltr'>aut</span> <span class='ocrx_word' id='word_1_81' title='bbox 555 1171 621 1234; x_wconf 91' lang='lat' dir='ltr'>suis</span> <span class='ocrx_word' id='word_1_82' title='bbox 644 1169 836 1251; x_wconf 85' lang='lat' dir='ltr'>heredibus,</span> <span class='ocrx_word' id='word_1_83' title='bbox 866 1180 899 1234; x_wconf 92' lang='lat' dir='ltr'>et</span> <span class='ocrx_word' id='word_1_84' title='bbox 921 1169 1009 1255; x_wconf 91' lang='lat' dir='ltr'>quod</span> <span class='ocrx_word' id='word_1_85' title='bbox 1036 1169 1177 1235; x_wconf 90' lang='lat' dir='ltr'>deterius</span> <span class='ocrx_word' id='word_1_86' title='bbox 1207 1181 1256 1236; x_wconf 89' lang='lat' dir='ltr'>est</span> <span class='ocrx_word' id='word_1_87' title='bbox 1278 1193 1397 1256; x_wconf 87' lang='lat' dir='ltr'>penam</span> <span class='ocrx_word' id='word_1_88' title='bbox 1419 1194 1493 1237; x_wconf 92' lang='lat' dir='ltr'>cum</span> <span class='ocrx_word' id='word_1_89' title='bbox 1515 1171 1599 1239; x_wconf 90' lang='lat' dir='ltr'>Iuda</span> <span class='ocrx_word' id='word_1_90' title='bbox 1621 1175 1827 1239; x_wconf 71' lang='lat' dir='ltr'>sustineanti’</span> <span class='ocrx_word' id='word_1_91' title='bbox 1854 1196 1924 1260; x_wconf 89' lang='lat' dir='ltr'>per·</span> 
     </span>
     <span class='ocr_line' id='line_1_9' title="bbox 281 1274 1923 1360; baseline 0.002 -21"><span class='ocrx_word' id='word_1_92' title='bbox 281 1274 455 1360; x_wconf 75' lang='lat' dir='ltr'>petualiter</span> <span class='ocrx_word' id='word_1_93' title='bbox 482 1276 516 1339; x_wconf 84' lang='lat' dir='ltr'>in</span> <span class='ocrx_word' id='word_1_94' title='bbox 538 1275 888 1339; x_wconf 78' lang='lat' dir='ltr'>excomunicationem.</span> <span class='ocrx_word' id='word_1_95' title='bbox 932 1288 990 1338; x_wconf 84' lang='lat' dir='ltr'>Hes</span> <span class='ocrx_word' id='word_1_96' title='bbox 1018 1282 1128 1338; x_wconf 76' lang='lat' dir='ltr'>autem</span> <span class='ocrx_word' id='word_1_97' title='bbox 1156 1295 1245 1340; x_wconf 89' lang='lat' dir='ltr'>nostre</span> <span class='ocrx_word' id='word_1_98' title='bbox 1274 1292 1439 1341; x_wconf 78' lang='lat' dir='ltr'>auctoritatis</span> <span class='ocrx_word' id='word_1_99' title='bbox 1464 1293 1599 1356; x_wconf 88' lang='lat' dir='ltr'>perpetuis</span> <span class='ocrx_word' id='word_1_100' title='bbox 1627 1293 1789 1356; x_wconf 83' lang='lat' dir='ltr'>temporibus</span> <span class='ocrx_word' id='word_1_101' title='bbox 1818 1294 1923 1360; x_wconf 80' lang='lat' dir='ltr'>largitio</span> 
     </span>
     <span class='ocr_line' id='line_1_10' title="bbox 281 1377 1923 1462; baseline 0.003 -20"><span class='ocrx_word' id='word_1_102' title='bbox 281 1392 358 1443; x_wconf 88' lang='lat' dir='ltr'>firma</span> <span class='ocrx_word' id='word_1_103' title='bbox 380 1400 406 1444; x_wconf 88' lang='lat' dir='ltr'>et</span> <span class='ocrx_word' id='word_1_104' title='bbox 427 1392 586 1443; x_wconf 88' lang='lat' dir='ltr'>inconvulsa</span> <span class='ocrx_word' id='word_1_105' title='bbox 606 1397 760 1457; x_wconf 86' lang='lat' dir='ltr'>permaneat</span> <span class='ocrx_word' id='word_1_106' title='bbox 790 1384 886 1461; x_wconf 78' lang='lat' dir='ltr'>alque</span> <span class='ocrx_word' id='word_1_107' title='bbox 909 1377 1064 1462; x_wconf 74' lang='lat' dir='ltr'>persistat</span> <span class='ocrx_word' id='word_1_108' title='bbox 1086 1397 1140 1442; x_wconf 86' lang='lat' dir='ltr'>tam</span> <span class='ocrx_word' id='word_1_109' title='bbox 1162 1395 1213 1458; x_wconf 88' lang='lat' dir='ltr'>ipsi</span> <span class='ocrx_word' id='word_1_110' title='bbox 1235 1377 1405 1444; x_wconf 72' lang='lat' dir='ltr'>Thebaldo</span> <span class='ocrx_word' id='word_1_111' title='bbox 1436 1410 1515 1459; x_wconf 89' lang='lat' dir='ltr'>quam</span> <span class='ocrx_word' id='word_1_112' title='bbox 1537 1397 1565 1445; x_wconf 89' lang='lat' dir='ltr'>in</span> <span class='ocrx_word' id='word_1_113' title='bbox 1586 1401 1721 1461; x_wconf 88' lang='lat' dir='ltr'>postorum</span> <span class='ocrx_word' id='word_1_114' title='bbox 1743 1398 1846 1447; x_wconf 89' lang='lat' dir='ltr'>cunctis</span> <span class='ocrx_word' id='word_1_115' title='bbox 1868 1399 1923 1448; x_wconf 87' lang='lat' dir='ltr'>suis</span> 
     </span>
     <span class='ocr_line' id='line_1_11' title="bbox 233 1482 1923 1563; baseline 0.001 -16"><span class='ocrx_word' id='word_1_116' title='bbox 233 1501 262 1548; x_wconf 86' lang='lat'>10</span> <span class='ocrx_word' id='word_1_117' title='bbox 279 1482 465 1548; x_wconf 68' lang='lat' dir='ltr'>heredibus</span> <span class='ocrx_word' id='word_1_118' title='bbox 496 1498 532 1548; x_wconf 84' lang='lat' dir='ltr'>Et</span> <span class='ocrx_word' id='word_1_119' title='bbox 552 1504 583 1547; x_wconf 90' lang='lat' dir='ltr'>ut</span> <span class='ocrx_word' id='word_1_120' title='bbox 605 1497 653 1548; x_wconf 90' lang='lat' dir='ltr'>bec</span> <span class='ocrx_word' id='word_1_121' title='bbox 676 1491 867 1547; x_wconf 81' lang='lat' dir='ltr'>auctoritatisq</span> <span class='ocrx_word' id='word_1_122' title='bbox 890 1502 979 1546; x_wconf 89' lang='lat' dir='ltr'>nostre</span> <span class='ocrx_word' id='word_1_123' title='bbox 1001 1496 1150 1560; x_wconf 84' lang='lat' dir='ltr'>largitionis</span> <span class='ocrx_word' id='word_1_124' title='bbox 1172 1498 1206 1547; x_wconf 86' lang='lat' dir='ltr'>ab</span> <span class='ocrx_word' id='word_1_125' title='bbox 1230 1500 1361 1549; x_wconf 86' lang='lat' dir='ltr'>universis</span> <span class='ocrx_word' id='word_1_126' title='bbox 1383 1497 1506 1549; x_wconf 88' lang='lat' dir='ltr'>fidelibus</span> <span class='ocrx_word' id='word_1_127' title='bbox 1524 1514 1571 1563; x_wconf 91' lang='lat' dir='ltr'>per</span> <span class='ocrx_word' id='word_1_128' title='bbox 1589 1504 1686 1550; x_wconf 87' lang='lat' dir='ltr'>cuncta</span> <span class='ocrx_word' id='word_1_129' title='bbox 1700 1500 1791 1551; x_wconf 83' lang='lat' dir='ltr'>futura</span> <span class='ocrx_word' id='word_1_130' title='bbox 1813 1484 1923 1550; x_wconf 80' lang='lat' dir='ltr'>secula</span> 
     </span>
     <span class='ocr_line' id='line_1_12' title="bbox 279 1586 1922 1667; baseline 0.002 -16"><span class='ocrx_word' id='word_1_131' title='bbox 279 1601 380 1652; x_wconf 86' lang='lat' dir='ltr'>firmior</span> <span class='ocrx_word' id='word_1_132' title='bbox 402 1602 531 1651; x_wconf 83' lang='lat' dir='ltr'>habeatur</span> <span class='ocrx_word' id='word_1_133' title='bbox 559 1608 586 1651; x_wconf 89' lang='lat' dir='ltr'>st</span> <span class='ocrx_word' id='word_1_134' title='bbox 607 1603 695 1651; x_wconf 90' lang='lat' dir='ltr'>verius</span> <span class='ocrx_word' id='word_1_135' title='bbox 718 1600 840 1650; x_wconf 87' lang='lat' dir='ltr'>credatur</span> <span class='ocrx_word' id='word_1_136' title='bbox 869 1615 900 1649; x_wconf 89' lang='lat' dir='ltr'>ac</span> <span class='ocrx_word' id='word_1_137' title='bbox 923 1600 1075 1664; x_wconf 85' lang='lat' dir='ltr'>diligentius</span> <span class='ocrx_word' id='word_1_138' title='bbox 1098 1606 1280 1663; x_wconf 86' lang='lat' dir='ltr'>conservetur,</span> <span class='ocrx_word' id='word_1_139' title='bbox 1309 1617 1388 1651; x_wconf 88' lang='lat' dir='ltr'>manu</span> <span class='ocrx_word' id='word_1_140' title='bbox 1417 1603 1525 1667; x_wconf 86' lang='lat' dir='ltr'>propria</span> <span class='ocrx_word' id='word_1_141' title='bbox 1554 1586 1688 1652; x_wconf 72' lang='lat' dir='ltr'>subtel·r</span> <span class='ocrx_word' id='word_1_142' title='bbox 1710 1602 1922 1654; x_wconf 83' lang='lat' dir='ltr'>confirmavimus</span> 
     </span>
    </p>
   </div>
   <div class='ocr_carea' id='block_1_3' title="bbox 280 1704 1570 2013">
    <p class='ocr_par' dir='ltr' id='par_1_3' title="bbox 280 1704 1570 2013">
     <span class='ocr_line' id='line_1_13' title="bbox 280 1704 818 1772; baseline -0.002 -18"><span class='ocrx_word' id='word_1_143' title='bbox 280 1710 307 1755; x_wconf 83' lang='lat' dir='ltr'>et</span> <span class='ocrx_word' id='word_1_144' title='bbox 330 1705 418 1772; x_wconf 79' lang='lat' dir='ltr'>sigillo</span> <span class='ocrx_word' id='word_1_145' title='bbox 440 1710 530 1755; x_wconf 89' lang='lat' dir='ltr'>nostro</span> <span class='ocrx_word' id='word_1_146' title='bbox 553 1704 664 1770; x_wconf 83' lang='lat' dir='ltr'>sigillari</span> <span class='ocrx_word' id='word_1_147' title='bbox 686 1705 818 1754; x_wconf 90' lang='lat' dir='ltr'>iussimus.</span> 
     </span>
     <span class='ocr_line' id='line_1_14' title="bbox 385 1824 1231 1910; baseline -0.002 -19"><span class='ocrx_word' id='word_1_148' title='bbox 385 1825 521 1910; x_wconf 83' lang='lat' dir='ltr'>Signum</span> <span class='ocrx_word' id='word_1_149' title='bbox 546 1827 611 1907; x_wconf 86' lang='grc' dir='ltr'>(Μ.)</span> <span class='ocrx_word' id='word_1_150' title='bbox 636 1824 766 1890; x_wconf 90' lang='lat' dir='ltr'>Ottonis</span> <span class='ocrx_word' id='word_1_151' title='bbox 788 1826 993 1890; x_wconf 86' lang='lat' dir='ltr'>invictissimi</span> <span class='ocrx_word' id='word_1_152' title='bbox 1017 1825 1231 1910; x_wconf 88' lang='lat' dir='ltr'>imperatoris.</span> 
     </span>
     <span class='ocr_line' id='line_1_15' title="bbox 385 1927 1570 2013; baseline -0.001 -19"><span class='ocrx_word' id='word_1_153' title='bbox 385 1928 588 1995; x_wconf 88' lang='lat' dir='ltr'>Adellolmus</span> <span class='ocrx_word' id='word_1_154' title='bbox 612 1931 758 1993; x_wconf 89' lang='lat' dir='ltr'>notarius</span> <span class='ocrx_word' id='word_1_155' title='bbox 780 1927 929 1994; x_wconf 89' lang='lat' dir='ltr'>advicem</span> <span class='ocrx_word' id='word_1_156' title='bbox 953 1927 1131 1993; x_wconf 83' lang='lat' dir='ltr'>Iillisunsis</span> <span class='ocrx_word' id='word_1_157' title='bbox 1157 1927 1344 1993; x_wconf 87' lang='lat' dir='ltr'>cancellarii</span> <span class='ocrx_word' id='word_1_158' title='bbox 1370 1930 1570 2013; x_wconf 85' lang='lat' dir='ltr'>recognovit.</span> 
     </span>
    </p>
   </div>
   <div class='ocr_carea' id='block_1_4' title="bbox 230 2064 1921 2254">
    <p class='ocr_par' dir='ltr' id='par_1_4' title="bbox 230 2064 1921 2254">
     <span class='ocr_line' id='line_1_16' title="bbox 230 2064 1921 2150; baseline 0.001 -20"><span class='ocrx_word' id='word_1_159' title='bbox 230 2085 260 2130; x_wconf 83' lang='lat' dir='ltr'>rs</span> <span class='ocrx_word' id='word_1_160' title='bbox 383 2066 502 2132; x_wconf 86' lang='lat' dir='ltr'>Actum</span> <span class='ocrx_word' id='word_1_161' title='bbox 518 2068 551 2131; x_wconf 95' lang='lat' dir='ltr'>in</span> <span class='ocrx_word' id='word_1_162' title='bbox 566 2068 698 2131; x_wconf 90' lang='lat' dir='ltr'>civitate</span> <span class='ocrx_word' id='word_1_163' title='bbox 709 2065 855 2150; x_wconf 77' lang='lat' dir='ltr'>Veronq;</span> <span class='ocrx_word' id='word_1_164' title='bbox 870 2067 903 2130; x_wconf 93' lang='lat' dir='ltr'>in</span> <span class='ocrx_word' id='word_1_165' title='bbox 920 2066 972 2131; x_wconf 92' lang='lat' dir='ltr'>dei</span> <span class='ocrx_word' id='word_1_166' title='bbox 987 2067 1117 2130; x_wconf 91' lang='lat' dir='ltr'>nomine</span> <span class='ocrx_word' id='word_1_167' title='bbox 1133 2064 1270 2130; x_wconf 87' lang='lat' dir='ltr'>feliciter</span> <span class='ocrx_word' id='word_1_168' title='bbox 1283 2088 1396 2149; x_wconf 73' lang='lat' dir='ltr'>amen3</span> <span class='ocrx_word' id='word_1_169' title='bbox 1414 2066 1492 2131; x_wconf 88' lang='lat' dir='ltr'>data</span> <span class='ocrx_word' id='word_1_170' title='bbox 1507 2067 1650 2132; x_wconf 91' lang='lat' dir='ltr'>secundo</span> <span class='ocrx_word' id='word_1_171' title='bbox 1666 2069 1761 2131; x_wconf 91' lang='lat' dir='ltr'>nonis</span> <span class='ocrx_word' id='word_1_172' title='bbox 1778 2067 1921 2132; x_wconf 89' lang='lat' dir='ltr'>octobris</span> 
     </span>
     <span class='ocr_line' id='line_1_17' title="bbox 279 2167 1920 2254; baseline 0.001 -20"><span class='ocrx_word' id='word_1_173' title='bbox 279 2192 366 2234; x_wconf 87' lang='lat' dir='ltr'>anno</span> <span class='ocrx_word' id='word_1_174' title='bbox 391 2171 529 2254; x_wconf 89' lang='lat' dir='ltr'>septimo</span> <span class='ocrx_word' id='word_1_175' title='bbox 557 2169 684 2253; x_wconf 88' lang='lat' dir='ltr'>imperii</span> <span class='ocrx_word' id='word_1_176' title='bbox 712 2170 909 2234; x_wconf 88' lang='lat' dir='ltr'>serenissimi</span> <span class='ocrx_word' id='word_1_177' title='bbox 936 2170 1141 2254; x_wconf 89' lang='lat' dir='ltr'>imperatoris</span> <span class='ocrx_word' id='word_1_178' title='bbox 1165 2167 1296 2233; x_wconf 90' lang='lat' dir='ltr'>Ottonis</span> <span class='ocrx_word' id='word_1_179' title='bbox 1319 2171 1352 2233; x_wconf 93' lang='lat' dir='ltr'>in</span> <span class='ocrx_word' id='word_1_180' title='bbox 1375 2168 1486 2252; x_wconf 88' lang='lat' dir='ltr'>Italia,</span> <span class='ocrx_word' id='word_1_181' title='bbox 1516 2170 1693 2235; x_wconf 89' lang='lat' dir='ltr'>indictione</span> <span class='ocrx_word' id='word_1_182' title='bbox 1717 2170 1920 2236; x_wconf 88' lang='lat' dir='ltr'>duodecima.</span> 
     </span>
    </p>
   </div>
   <div class='ocr_carea' id='block_1_5' title="bbox 228 2305 1921 2702">
    <p class='ocr_par' dir='ltr' id='par_1_5' title="bbox 279 2305 1921 2598">
     <span class='ocr_line' id='line_1_18' title="bbox 383 2305 1921 2393; baseline 0.001 -21"><span class='ocrx_word' id='word_1_183' title='bbox 383 2307 427 2384; x_wconf 83' lang='lat'>(†)</span> <span class='ocrx_word' id='word_1_184' title='bbox 450 2308 522 2393; x_wconf 88' lang='lat' dir='ltr'>Ego</span> <span class='ocrx_word' id='word_1_185' title='bbox 546 2308 721 2372; x_wconf 77' lang='lat' dir='ltr'>Eustasius</span> <span class='ocrx_word' id='word_1_186' title='bbox 744 2306 943 2372; x_wconf 90' lang='lat' dir='ltr'>Albancnsis</span> <span class='ocrx_word' id='word_1_187' title='bbox 973 2329 1072 2371; x_wconf 88' lang='lat' dir='ltr'>manu</span> <span class='ocrx_word' id='word_1_188' title='bbox 1095 2329 1168 2371; x_wconf 87' lang='lat' dir='ltr'>mea</span> <span class='ocrx_word' id='word_1_189' title='bbox 1192 2306 1381 2391; x_wconf 85' lang='lat' dir='ltr'>subscripsi.</span> <span class='ocrx_word' id='word_1_190' title='bbox 1480 2305 1527 2389; x_wconf 83' lang='lat'>(†)</span> <span class='ocrx_word' id='word_1_191' title='bbox 1550 2307 1622 2390; x_wconf 87' lang='lat' dir='ltr'>Ego</span> <span class='ocrx_word' id='word_1_192' title='bbox 1646 2307 1822 2372; x_wconf 90' lang='lat' dir='ltr'>Belenatus</span> <span class='ocrx_word' id='word_1_193' title='bbox 1851 2330 1921 2373; x_wconf 89' lang='lat' dir='ltr'>car·</span> 
     </span>
     <span class='ocr_line' id='line_1_19' title="bbox 279 2408 1921 2496; baseline 0 -21"><span class='ocrx_word' id='word_1_194' title='bbox 279 2411 398 2475; x_wconf 87' lang='lat' dir='ltr'>dinalis</span> <span class='ocrx_word' id='word_1_195' title='bbox 421 2410 464 2475; x_wconf 90' lang='lat' dir='ltr'>ad</span> <span class='ocrx_word' id='word_1_196' title='bbox 487 2410 627 2476; x_wconf 79' lang='lat' dir='ltr'>Vincula</span> <span class='ocrx_word' id='word_1_197' title='bbox 650 2433 748 2475; x_wconf 90' lang='lat' dir='ltr'>manu</span> <span class='ocrx_word' id='word_1_198' title='bbox 771 2433 844 2475; x_wconf 87' lang='lat' dir='ltr'>mea</span> <span class='ocrx_word' id='word_1_199' title='bbox 867 2410 1055 2495; x_wconf 87' lang='lat' dir='ltr'>subscripsi.</span> <span class='ocrx_word' id='word_1_200' title='bbox 1144 2410 1188 2491; x_wconf 82' lang='lat'>(†)</span> <span class='ocrx_word' id='word_1_201' title='bbox 1213 2410 1285 2494; x_wconf 87' lang='lat' dir='ltr'>Ego</span> <span class='ocrx_word' id='word_1_202' title='bbox 1309 2408 1505 2474; x_wconf 72' lang='lat' dir='ltr'>Dondatust</span> <span class='ocrx_word' id='word_1_203' title='bbox 1533 2411 1720 2474; x_wconf 88' lang='lat' dir='ltr'>Hostiensis</span> <span class='ocrx_word' id='word_1_204' title='bbox 1747 2412 1921 2496; x_wconf 90' lang='lat' dir='ltr'>episcopus</span> 
     </span>
     <span class='ocr_line' id='line_1_20' title="bbox 279 2512 1920 2598; baseline 0.001 -22"><span class='ocrx_word' id='word_1_205' title='bbox 279 2535 378 2576; x_wconf 90' lang='lat' dir='ltr'>manu</span> <span class='ocrx_word' id='word_1_206' title='bbox 393 2535 465 2577; x_wconf 90' lang='lat' dir='ltr'>mea</span> <span class='ocrx_word' id='word_1_207' title='bbox 481 2512 668 2598; x_wconf 87' lang='lat' dir='ltr'>subscripsi.</span> <span class='ocrx_word' id='word_1_208' title='bbox 683 2523 696 2551; x_wconf 84' lang='lat'>¹¹</span> <span class='ocrx_word' id='word_1_209' title='bbox 772 2513 816 2595; x_wconf 84' lang='lat'>(†)</span> <span class='ocrx_word' id='word_1_210' title='bbox 831 2514 902 2598; x_wconf 85' lang='lat' dir='ltr'>Ego</span> <span class='ocrx_word' id='word_1_211' title='bbox 920 2515 1099 2578; x_wconf 86' lang='lat' dir='ltr'>Faustinus</span> <span class='ocrx_word' id='word_1_212' title='bbox 1115 2512 1276 2596; x_wconf 86' lang='lat' dir='ltr'>presbiter</span> <span class='ocrx_word' id='word_1_213' title='bbox 1292 2515 1396 2577; x_wconf 88' lang='lat' dir='ltr'>sancti</span> <span class='ocrx_word' id='word_1_214' title='bbox 1412 2514 1498 2577; x_wconf 87' lang='lat' dir='ltr'>Petri</span> <span class='ocrx_word' id='word_1_215' title='bbox 1517 2512 1694 2577; x_wconf 88' lang='lat' dir='ltr'>cardinalis</span> <span class='ocrx_word' id='word_1_216' title='bbox 1709 2534 1807 2576; x_wconf 90' lang='lat' dir='ltr'>manu</span> <span class='ocrx_word' id='word_1_217' title='bbox 1823 2524 1920 2577; x_wconf 82' lang='lat' dir='ltr'>meav</span> 
     </span>
    </p>

    <p class='ocr_par' dir='ltr' id='par_1_6' title="bbox 228 2614 1433 2702">
     <span class='ocr_line' id='line_1_21' title="bbox 228 2614 1433 2702; baseline 0.003 -26"><span class='ocrx_word' id='word_1_218' title='bbox 228 2632 261 2677; x_wconf 77' lang='lat' dir='ltr'>‘ro</span> <span class='ocrx_word' id='word_1_219' title='bbox 280 2616 470 2700; x_wconf 89' lang='lat' dir='ltr'>subscripsi.</span> <span class='ocrx_word' id='word_1_220' title='bbox 551 2617 622 2701; x_wconf 84' lang='lat' dir='ltr'>Ego</span> <span class='ocrx_word' id='word_1_221' title='bbox 647 2614 870 2700; x_wconf 75' lang='lat' dir='ltr'>Anastlaslius</span> <span class='ocrx_word' id='word_1_222' title='bbox 894 2619 1067 2702; x_wconf 90' lang='lat' dir='ltr'>episcopus</span> <span class='ocrx_word' id='word_1_223' title='bbox 1090 2639 1188 2682; x_wconf 87' lang='lat' dir='ltr'>manu</span> <span class='ocrx_word' id='word_1_224' title='bbox 1212 2639 1284 2681; x_wconf 88' lang='lat' dir='ltr'>mea</span> <span class='ocrx_word' id='word_1_225' title='bbox 1307 2617 1433 2701; x_wconf 89' lang='lat' dir='ltr'>scripsi.</span> 
     </span>
    </p>
   </div>
   <div class='ocr_carea' id='block_1_6' title="bbox 1011 2801 1188 3012">
    <p class='ocr_par' dir='ltr' id='par_1_7' title="bbox 1011 2801 1188 3012">
     <span class='ocr_line' id='line_1_22' title="bbox 1055 2801 1142 2876; baseline 0.023 -2"><span class='ocrx_word' id='word_1_226' title='bbox 1055 2801 1142 2876; x_wconf 79' lang='lat' dir='ltr'>isi.</span> 
     </span>
     <span class='ocr_line' id='line_1_23' title="bbox 1011 2931 1188 3012; baseline -0.011 -19"><span class='ocrx_word' id='word_1_227' title='bbox 1011 2931 1188 3012; x_wconf 71' lang='lat' dir='ltr'>(saecat.)</span> 
     </span>
    </p>
   </div>
   <div class='ocr_carea' id='block_1_7' title="bbox 276 3041 1920 3242">
    <p class='ocr_par' dir='ltr' id='par_1_8' title="bbox 276 3041 1920 3242">
     <span class='ocr_line' id='line_1_24' title="bbox 285 3041 1920 3142; baseline -0.003 -22"><span class='ocrx_word' id='word_1_228' title='bbox 285 3046 366 3120; x_wconf 84' lang='lat' dir='ltr'>Otto</span> <span class='ocrx_word' id='word_1_229' title='bbox 385 3045 519 3118; x_wconf 80' lang='lat' dir='ltr'>erloldrt</span> <span class='ocrx_word' id='word_1_230' title='bbox 536 3044 594 3117; x_wconf 84' lang='lat' dir='ltr'>die</span> <span class='ocrx_word' id='word_1_231' title='bbox 612 3044 835 3116; x_wconf 77' lang='lat' dir='ltr'>Eintoobcer</span> <span class='ocrx_word' id='word_1_232' title='bbox 851 3069 923 3116; x_wconf 81' lang='lat' dir='ltr'>oon</span> <span class='ocrx_word' id='word_1_233' title='bbox 941 3043 1121 3116; x_wconf 81' lang='lat' dir='ltr'>Moderno</span> <span class='ocrx_word' id='word_1_234' title='bbox 1133 3043 1210 3142; x_wconf 77' lang='lat' dir='ltr'>fiir</span> <span class='ocrx_word' id='word_1_235' title='bbox 1232 3042 1464 3116; x_wconf 78' lang='lat' dir='ltr'>oollkommec</span> <span class='ocrx_word' id='word_1_236' title='bbox 1475 3042 1557 3140; x_wconf 79' lang='lat' dir='ltr'>fret&#39;</span> <span class='ocrx_word' id='word_1_237' title='bbox 1581 3041 1661 3114; x_wconf 80' lang='lat' dir='ltr'>uod</span> <span class='ocrx_word' id='word_1_238' title='bbox 1685 3043 1920 3142; x_wconf 71' lang='lat' dir='ltr'>escoblattcyc&#39;q</span> 
     </span>
     <span class='ocr_line' id='line_1_25' title="bbox 276 3163 1873 3242; baseline 0.003 -6"><span class='ocrx_word' id='word_1_239' title='bbox 276 3167 356 3238; x_wconf 71' lang='lat' dir='ltr'>racd</span> <span class='ocrx_word' id='word_1_240' title='bbox 379 3165 525 3238; x_wconf 82' lang='lat' dir='ltr'>verleiltt</span> <span class='ocrx_word' id='word_1_241' title='bbox 550 3165 660 3238; x_wconf 72' lang='grc' dir='ltr'>ιἸιιιθιι</span> <span class='ocrx_word' id='word_1_242' title='bbox 685 3165 857 3237; x_wconf 77' lang='lat' dir='ltr'>nsttzborc</span> <span class='ocrx_word' id='word_1_243' title='bbox 883 3163 963 3235; x_wconf 79' lang='lat' dir='ltr'>aad</span> <span class='ocrx_word' id='word_1_244' title='bbox 988 3164 1123 3236; x_wconf 80' lang='lat' dir='ltr'>cadere</span> <span class='ocrx_word' id='word_1_245' title='bbox 1150 3163 1286 3237; x_wconf 73' lang='lat' dir='ltr'>Rechts.</span> <span class='ocrx_word' id='word_1_246' title='bbox 1473 3183 1588 3240; x_wconf 80' lang='lat' dir='ltr'>Verona</span> <span class='ocrx_word' id='word_1_247' title='bbox 1610 3186 1673 3242; x_wconf 83' lang='grc'>968</span> <span class='ocrx_word' id='word_1_248' title='bbox 1699 3183 1823 3242; x_wconf 86' lang='lat' dir='ltr'>Ottoter</span> <span class='ocrx_word' id='word_1_249' title='bbox 1846 3188 1873 3242; x_wconf 83' lang='lat'>6.</span> 
     </span>
    </p>
   </div>
   <div class='ocr_carea' id='block_1_8' title="bbox 224 3318 1918 3638">
    <p class='ocr_par' dir='ltr' id='par_1_9' title="bbox 224 3318 1918 3638">
     <span class='ocr_line' id='line_1_26' title="bbox 224 3318 1917 3427; baseline -0.005 -5"><span class='ocrx_word' id='word_1_250' title='bbox 224 3378 256 3422; x_wconf 79' lang='lat' dir='ltr'>as</span> <span class='ocrx_word' id='word_1_251' title='bbox 378 3358 712 3416; x_wconf 76' lang='lat' dir='ltr'>Notariotsirastrumest</span> <span class='ocrx_word' id='word_1_252' title='bbox 726 3373 791 3414; x_wconf 73' lang='lat' dir='ltr'>mm</span> <span class='ocrx_word' id='word_1_253' title='bbox 807 3354 839 3415; x_wconf 89' lang='lat' dir='ltr'>J.</span> <span class='ocrx_word' id='word_1_254' title='bbox 857 3358 943 3415; x_wconf 83' lang='grc'><em>1322</em></span> <span class='ocrx_word' id='word_1_255' title='bbox 963 3356 997 3412; x_wconf 80' lang='lat' dir='ltr'>in</span> <span class='ocrx_word' id='word_1_256' title='bbox 1019 3354 1085 3412; x_wconf 80' lang='lat' dir='ltr'>deon</span> <span class='ocrx_word' id='word_1_257' title='bbox 1100 3354 1205 3427; x_wconf 79' lang='lat' dir='ltr'>jedoolr</span> <span class='ocrx_word' id='word_1_258' title='bbox 1220 3355 1316 3426; x_wconf 63' lang='lat' dir='ltr'>eiam</span> <span class='ocrx_word' id='word_1_259' title='bbox 1331 3353 1439 3411; x_wconf 79' lang='lat' dir='ltr'>Stellas</span> <span class='ocrx_word' id='word_1_260' title='bbox 1454 3354 1643 3427; x_wconf 77' lang='lat' dir='ltr'>oospelossen</span> <span class='ocrx_word' id='word_1_261' title='bbox 1658 3318 1736 3423; x_wconf 68' lang='lat' dir='ltr'>sind,</span> <span class='ocrx_word' id='word_1_262' title='bbox 1760 3356 1802 3412; x_wconf 81' lang='lat' dir='ltr'>im</span> <span class='ocrx_word' id='word_1_263' title='bbox 1817 3354 1917 3413; x_wconf 80' lang='lat' dir='ltr'>Stodt·</span> 
     </span>
     <span class='ocr_line' id='line_1_27' title="bbox 378 3456 1916 3536; baseline -0.002 -17"><span class='ocrx_word' id='word_1_264' title='bbox 378 3461 478 3518; x_wconf 74' lang='lat' dir='ltr'>arelato</span> <span class='ocrx_word' id='word_1_265' title='bbox 499 3477 554 3519; x_wconf 80' lang='lat' dir='ltr'>ooo</span> <span class='ocrx_word' id='word_1_266' title='bbox 574 3458 720 3517; x_wconf 80' lang='lat' dir='ltr'>illoderoo</span> <span class='ocrx_word' id='word_1_267' title='bbox 743 3457 803 3536; x_wconf 79' lang='lat' dir='ltr'>(A).</span> <span class='ocrx_word' id='word_1_268' title='bbox 827 3491 869 3501; x_wconf 94' lang='lat'>-</span> <span class='ocrx_word' id='word_1_269' title='bbox 891 3456 979 3530; x_wconf 79' lang='lat' dir='ltr'>Copto</span> <span class='ocrx_word' id='word_1_270' title='bbox 994 3460 1027 3515; x_wconf 81' lang='lat' dir='ltr'>ia</span> <span class='ocrx_word' id='word_1_271' title='bbox 1041 3456 1228 3516; x_wconf 78' lang='lat' dir='ltr'>Bottolomeo</span> <span class='ocrx_word' id='word_1_272' title='bbox 1249 3456 1340 3516; x_wconf 83' lang='lat' dir='ltr'>Vitoli</span> <span class='ocrx_word' id='word_1_273' title='bbox 1362 3456 1409 3515; x_wconf 90' lang='lat' dir='ltr'>De</span> <span class='ocrx_word' id='word_1_274' title='bbox 1424 3474 1525 3514; x_wconf 81' lang='lat' dir='ltr'>rerum</span> <span class='ocrx_word' id='word_1_275' title='bbox 1539 3457 1785 3515; x_wconf 78' lang='lat' dir='ltr'>Moderncosium</span> <span class='ocrx_word' id='word_1_276' title='bbox 1800 3461 1827 3515; x_wconf 85' lang='lat' dir='ltr'>et</span> <span class='ocrx_word' id='word_1_277' title='bbox 1837 3459 1916 3530; x_wconf 81' lang='lat' dir='ltr'>prio.</span> 
     </span>
     <span class='ocr_line' id='line_1_28' title="bbox 377 3559 1918 3638; baseline -0.002 -17"><span class='ocrx_word' id='word_1_278' title='bbox 377 3563 552 3636; x_wconf 64' lang='lat' dir='ltr'>fracmentis</span> <span class='ocrx_word' id='word_1_279' title='bbox 575 3563 649 3620; x_wconf 81' lang='lat' dir='ltr'>liber</span> <span class='ocrx_word' id='word_1_280' title='bbox 664 3565 761 3635; x_wconf 80' lang='lat' dir='ltr'>prior,</span> <span class='ocrx_word' id='word_1_281' title='bbox 787 3561 855 3621; x_wconf 80' lang='lat' dir='ltr'>Ood.</span> <span class='ocrx_word' id='word_1_282' title='bbox 876 3561 942 3620; x_wconf 80' lang='lat' dir='ltr'>MS.</span> <span class='ocrx_word' id='word_1_283' title='bbox 967 3561 1017 3618; x_wconf 77' lang='lat' dir='ltr'>cles</span> <span class='ocrx_word' id='word_1_284' title='bbox 1040 3562 1090 3619; x_wconf 79' lang='lat'>16.</span> <span class='ocrx_word' id='word_1_285' title='bbox 1108 3560 1160 3619; x_wconf 77' lang='lat' dir='ltr'>Ji.</span> <span class='ocrx_word' id='word_1_286' title='bbox 1185 3560 1208 3631; x_wconf 76' lang='lat' dir='ltr'>f.</span> <span class='ocrx_word' id='word_1_287' title='bbox 1228 3562 1246 3618; x_wconf 79' lang='lat'><em>6</em></span> <span class='ocrx_word' id='word_1_288' title='bbox 1269 3560 1379 3618; x_wconf 78' lang='lat' dir='ltr'>abendo</span> <span class='ocrx_word' id='word_1_289' title='bbox 1397 3559 1457 3638; x_wconf 89' lang='grc' dir='ltr'>(Β).</span> <span class='ocrx_word' id='word_1_290' title='bbox 1481 3593 1523 3603; x_wconf 89' lang='grc'>-</span> <span class='ocrx_word' id='word_1_291' title='bbox 1546 3559 1635 3633; x_wconf 74' lang='lat' dir='ltr'>copie</span> <span class='ocrx_word' id='word_1_292' title='bbox 1658 3561 1708 3618; x_wconf 81' lang='lat' dir='ltr'>des</span> <span class='ocrx_word' id='word_1_293' title='bbox 1731 3563 1781 3619; x_wconf 89' lang='lat'>16.</span> <span class='ocrx_word' id='word_1_294' title='bbox 1799 3560 1852 3619; x_wconf 80' lang='lat' dir='ltr'>Jt.</span> <span class='ocrx_word' id='word_1_295' title='bbox 1875 3563 1918 3618; x_wconf 85' lang='lat' dir='ltr'>im</span> 
     </span>
    </p>
   </div>
   <div class='ocr_carea' id='block_1_9' title="bbox 379 3654 1916 3741">
    <p class='ocr_par' dir='ltr' id='par_1_10' title="bbox 379 3654 1916 3741">
     <span class='ocr_line' id='line_1_29' title="bbox 379 3654 1916 3741; baseline -0.002 -16"><span class='ocrx_word' id='word_1_296' title='bbox 379 3664 446 3726; x_wconf 75' lang='lat' dir='ltr'>Cori.</span> <span class='ocrx_word' id='word_1_297' title='bbox 465 3667 502 3727; x_wconf 88' lang='lat' dir='ltr'>B.</span> <span class='ocrx_word' id='word_1_298' title='bbox 520 3675 553 3725; x_wconf 80' lang='lat' dir='ltr'>X.</span> <span class='ocrx_word' id='word_1_299' title='bbox 574 3669 636 3724; x_wconf 84' lang='lat'>414</span> <span class='ocrx_word' id='word_1_300' title='bbox 659 3664 683 3736; x_wconf 72' lang='lat' dir='ltr'>f.</span> <span class='ocrx_word' id='word_1_301' title='bbox 701 3654 751 3726; x_wconf 79' lang='lat'>95¹</span> <span class='ocrx_word' id='word_1_302' title='bbox 768 3665 818 3724; x_wconf 81' lang='lat' dir='ltr'>des</span> <span class='ocrx_word' id='word_1_303' title='bbox 835 3664 1036 3724; x_wconf 78' lang='lat' dir='ltr'>Stodtorctios</span> <span class='ocrx_word' id='word_1_304' title='bbox 1051 3682 1091 3721; x_wconf 78' lang='lat' dir='ltr'>aa</span> <span class='ocrx_word' id='word_1_305' title='bbox 1107 3664 1230 3722; x_wconf 81' lang='lat' dir='ltr'>Brescic</span> <span class='ocrx_word' id='word_1_306' title='bbox 1247 3661 1309 3741; x_wconf 80' lang='lat' dir='ltr'>(O).</span> <span class='ocrx_word' id='word_1_307' title='bbox 1335 3695 1376 3706; x_wconf 93' lang='lat'><em>-</em></span> <span class='ocrx_word' id='word_1_308' title='bbox 1399 3661 1487 3736; x_wconf 78' lang='lat' dir='ltr'>Copia</span> <span class='ocrx_word' id='word_1_309' title='bbox 1510 3664 1560 3723; x_wconf 85' lang='lat' dir='ltr'>cles</span> <span class='ocrx_word' id='word_1_310' title='bbox 1582 3668 1632 3722; x_wconf 84' lang='lat'>17.</span> <span class='ocrx_word' id='word_1_311' title='bbox 1650 3663 1703 3721; x_wconf 77' lang='lat' dir='ltr'>Ji.</span> <span class='ocrx_word' id='word_1_312' title='bbox 1727 3665 1760 3721; x_wconf 86' lang='grc' dir='ltr'>ιίι</span> <span class='ocrx_word' id='word_1_313' title='bbox 1774 3664 1916 3735; x_wconf 73' lang='grc' dir='ltr'>Ρνοεεειὲ,</span> 
     </span>
    </p>
   </div>
   <div class='ocr_carea' id='block_1_10' title="bbox 377 3764 1544 3901">
    <p class='ocr_par' dir='ltr' id='par_1_11' title="bbox 377 3764 1544 3901">
     <span class='ocr_line' id='line_1_30' title="bbox 377 3764 1544 3901; baseline -0.001 -40"><span class='ocrx_word' id='word_1_314' title='bbox 377 3803 461 3877; x_wconf 72' lang='lat' dir='ltr'>Laoc</span> <span class='ocrx_word' id='word_1_315' title='bbox 484 3803 516 3861; x_wconf 80' lang='lat' dir='ltr'>di</span> <span class='ocrx_word' id='word_1_316' title='bbox 534 3803 639 3862; x_wconf 80' lang='lat' dir='ltr'>Gurdo</span> <span class='ocrx_word' id='word_1_317' title='bbox 659 3764 760 3901; x_wconf 43' lang='lat' dir='ltr'>{bb}</span> <span class='ocrx_word' id='word_1_318' title='bbox 784 3803 869 3862; x_wconf 75' lang='lat'><em>1465</em></span> <span class='ocrx_word' id='word_1_319' title='bbox 891 3804 925 3859; x_wconf 82' lang='lat' dir='ltr'>to</span> <span class='ocrx_word' id='word_1_320' title='bbox 947 3801 999 3858; x_wconf 74' lang='lat' dir='ltr'>cler</span> <span class='ocrx_word' id='word_1_321' title='bbox 1021 3799 1266 3860; x_wconf 81' lang='lat' dir='ltr'>Stodtbibliothelo</span> <span class='ocrx_word' id='word_1_322' title='bbox 1287 3819 1328 3859; x_wconf 78' lang='lat' dir='ltr'>aa</span> <span class='ocrx_word' id='word_1_323' title='bbox 1347 3802 1461 3860; x_wconf 80' lang='lat' dir='ltr'>Verona</span> <span class='ocrx_word' id='word_1_324' title='bbox 1483 3799 1544 3879; x_wconf 85' lang='lat' dir='ltr'>(D).</span> 
     </span>
    </p>
   </div>
   <div class='ocr_carea' id='block_1_11' title="bbox 376 3957 1917 4135">
    <p class='ocr_par' dir='ltr' id='par_1_12' title="bbox 376 3957 1917 4135">
     <span class='ocr_line' id='line_1_31' title="bbox 380 3957 1917 4047; baseline 0.001 -30"><span class='ocrx_word' id='word_1_325' title='bbox 380 3958 498 4017; x_wconf 81' lang='lat' dir='ltr'>Odorici</span> <span class='ocrx_word' id='word_1_326' title='bbox 513 3957 609 4017; x_wconf 82' lang='lat' dir='ltr'>Sioric</span> <span class='ocrx_word' id='word_1_327' title='bbox 625 3959 785 4015; x_wconf 78' lang='lat' dir='ltr'>Bresciose</span> <span class='ocrx_word' id='word_1_328' title='bbox 807 3960 836 4026; x_wconf 80' lang='lat'>4,</span> <span class='ocrx_word' id='word_1_329' title='bbox 861 3959 900 4015; x_wconf 83' lang='lat'>95</span> <span class='ocrx_word' id='word_1_330' title='bbox 923 3964 958 4014; x_wconf 79' lang='lat' dir='ltr'>a⁰</span> <span class='ocrx_word' id='word_1_331' title='bbox 974 3959 1015 4015; x_wconf 81' lang='lat'>36</span> <span class='ocrx_word' id='word_1_332' title='bbox 1038 3975 1095 4015; x_wconf 81' lang='lat' dir='ltr'>aas</span> <span class='ocrx_word' id='word_1_333' title='bbox 1111 3957 1140 4015; x_wconf 92' lang='lat' dir='ltr'><em>B</em></span> <span class='ocrx_word' id='word_1_334' title='bbox 1154 3957 1204 4034; x_wconf 86' lang='lat' dir='ltr'>(a).</span> <span class='ocrx_word' id='word_1_335' title='bbox 1228 3991 1269 3999; x_wconf 93' lang='lat'>—</span> <span class='ocrx_word' id='word_1_336' title='bbox 1293 3958 1413 4017; x_wconf 79' lang='lat' dir='ltr'>Bettoai</span> <span class='ocrx_word' id='word_1_337' title='bbox 1436 3959 1537 4018; x_wconf 81' lang='lat' dir='ltr'>Storio</span> <span class='ocrx_word' id='word_1_338' title='bbox 1559 3959 1637 4047; x_wconf 80' lang='lat' dir='ltr'>dello</span> <span class='ocrx_word' id='word_1_339' title='bbox 1659 3961 1770 4018; x_wconf 78' lang='lat' dir='ltr'>rieiero</span> <span class='ocrx_word' id='word_1_340' title='bbox 1792 3960 1824 4018; x_wconf 74' lang='lat' dir='ltr'>rii</span> <span class='ocrx_word' id='word_1_341' title='bbox 1847 3960 1917 4021; x_wconf 83' lang='lat' dir='ltr'>Solo</span> 
     </span>
     <span class='ocr_line' id='line_1_32' title="bbox 376 4060 1561 4135; baseline -0.001 -13"><span class='ocrx_word' id='word_1_342' title='bbox 376 4067 406 4132; x_wconf 83' lang='lat'>3,</span> <span class='ocrx_word' id='word_1_343' title='bbox 431 4065 449 4121; x_wconf 84' lang='lat'><strong><em>5</em></strong></span> <span class='ocrx_word' id='word_1_344' title='bbox 473 4067 507 4118; x_wconf 80' lang='lat' dir='ltr'>n⁰</span> <span class='ocrx_word' id='word_1_345' title='bbox 530 4065 550 4121; x_wconf 85' lang='lat'><em>3</em></span> <span class='ocrx_word' id='word_1_346' title='bbox 573 4079 629 4119; x_wconf 80' lang='lat' dir='ltr'>aas</span> <span class='ocrx_word' id='word_1_347' title='bbox 653 4060 695 4120; x_wconf 78' lang='lat' dir='ltr'>Co</span> <span class='ocrx_word' id='word_1_348' title='bbox 717 4061 781 4119; x_wconf 40' lang='lat' dir='ltr'>‘senil</span> <span class='ocrx_word' id='word_1_349' title='bbox 803 4066 833 4131; x_wconf 87' lang='lat'>3,</span> <span class='ocrx_word' id='word_1_350' title='bbox 858 4065 898 4120; x_wconf 77' lang='lat'>79</span> <span class='ocrx_word' id='word_1_351' title='bbox 920 4067 955 4116; x_wconf 82' lang='lat' dir='ltr'>o⁰</span> <span class='ocrx_word' id='word_1_352' title='bbox 976 4064 1016 4119; x_wconf 87' lang='grc'>21</span> <span class='ocrx_word' id='word_1_353' title='bbox 1042 4077 1099 4119; x_wconf 81' lang='lat' dir='ltr'>aas</span> <span class='ocrx_word' id='word_1_354' title='bbox 1121 4060 1157 4119; x_wconf 79' lang='grc' dir='ltr'>Α.</span> <span class='ocrx_word' id='word_1_355' title='bbox 1182 4093 1224 4103; x_wconf 93' lang='grc'>-</span> <span class='ocrx_word' id='word_1_356' title='bbox 1247 4060 1375 4135; x_wconf 72' lang='lat' dir='ltr'>Stumpf</span> <span class='ocrx_word' id='word_1_357' title='bbox 1393 4062 1465 4134; x_wconf 70' lang='grc' dir='ltr'>Περ.</span> <span class='ocrx_word' id='word_1_358' title='bbox 1490 4065 1561 4122; x_wconf 76' lang='grc'><em>456.</em></span> 
     </span>
    </p>
   </div>
   <div class='ocr_carea' id='block_1_12' title="bbox 378 4200 621 4274">
    <p class='ocr_par' dir='ltr' id='par_1_13' title="bbox 378 4200 621 4274">
     <span class='ocr_line' id='line_1_33' title="bbox 378 4200 621 4274; baseline 0 -15"><span class='ocrx_word' id='word_1_359' title='bbox 378 4201 439 4274; x_wconf 71' lang='lat' dir='ltr'>Vol.</span> <span class='ocrx_word' id='word_1_360' title='bbox 462 4200 531 4259; x_wconf 90' lang='lat' dir='ltr'>DO.</span> <span class='ocrx_word' id='word_1_361' title='bbox 549 4202 621 4259; x_wconf 80' lang='lat'>463.</span> 
     </span>
    </p>
   </div>
   <div class='ocr_carea' id='block_1_13' title="bbox 222 4364 1916 5415">
    <p class='ocr_par' dir='ltr' id='par_1_14' title="bbox 477 4364 1915 4451">
     <span class='ocr_line' id='line_1_34' title="bbox 477 4364 1915 4451; baseline -0.001 -19"><span class='ocrx_word' id='word_1_362' title='bbox 477 4369 516 4432; x_wconf 91' lang='lat' dir='ltr'>ln</span> <span class='ocrx_word' id='word_1_363' title='bbox 544 4369 674 4432; x_wconf 91' lang='lat' dir='ltr'>nomine</span> <span class='ocrx_word' id='word_1_364' title='bbox 704 4376 815 4431; x_wconf 87' lang='lat' dir='ltr'>sancte</span> <span class='ocrx_word' id='word_1_365' title='bbox 844 4376 875 4430; x_wconf 92' lang='lat' dir='ltr'>ct</span> <span class='ocrx_word' id='word_1_366' title='bbox 904 4364 1071 4432; x_wconf 84' lang='lat' dir='ltr'>individue</span> <span class='ocrx_word' id='word_1_367' title='bbox 1097 4366 1261 4432; x_wconf 87' lang='lat' dir='ltr'>trinitatis.</span> <span class='ocrx_word' id='word_1_368' title='bbox 1307 4366 1384 4431; x_wconf 92' lang='lat' dir='ltr'>Otto</span> <span class='ocrx_word' id='word_1_369' title='bbox 1409 4367 1460 4431; x_wconf 90' lang='lat' dir='ltr'>dei</span> <span class='ocrx_word' id='word_1_370' title='bbox 1483 4369 1589 4451; x_wconf 88' lang='lat' dir='ltr'>gratia</span> <span class='ocrx_word' id='word_1_371' title='bbox 1612 4368 1832 4433; x_wconf 89' lang='lat' dir='ltr'>Romanorum</span> <span class='ocrx_word' id='word_1_372' title='bbox 1855 4391 1915 4432; x_wconf 86' lang='lat' dir='ltr'>rex</span> 
     </span>
    </p>

    <p class='ocr_par' dir='ltr' id='par_1_15' title="bbox 222 4461 1916 5415">
     <span class='ocr_line' id='line_1_35' title="bbox 273 4461 1915 4556; baseline 0.001 -21"><span class='ocrx_word' id='word_1_373' title='bbox 273 4484 306 4536; x_wconf 82' lang='lat' dir='ltr'>et</span> <span class='ocrx_word' id='word_1_374' title='bbox 339 4475 515 4556; x_wconf 81' lang='lat' dir='ltr'>imperator</span> <span class='ocrx_word' id='word_1_375' title='bbox 543 4481 710 4555; x_wconf 79' lang='lat' dir='ltr'>augustus.</span> <span class='ocrx_word' id='word_1_376' title='bbox 809 4484 836 4533; x_wconf 87' lang='lat' dir='ltr'>Si</span> <span class='ocrx_word' id='word_1_377' title='bbox 865 4485 897 4535; x_wconf 89' lang='lat' dir='ltr'>de</span> <span class='ocrx_word' id='word_1_378' title='bbox 926 4487 1006 4535; x_wconf 90' lang='lat' dir='ltr'>rebus</span> <span class='ocrx_word' id='word_1_379' title='bbox 1035 4487 1195 4536; x_wconf 78' lang='lat' dir='ltr'>transitoriis</span> <span class='ocrx_word' id='word_1_380' title='bbox 1224 4480 1400 4549; x_wconf 73' lang='lat' dir='ltr'>petentibus⁸</span> <span class='ocrx_word' id='word_1_381' title='bbox 1428 4470 1545 4556; x_wconf 86' lang='lat' dir='ltr'>quibus</span> <span class='ocrx_word' id='word_1_382' title='bbox 1574 4486 1697 4537; x_wconf 87' lang='lat' dir='ltr'>fidelibus</span> <span class='ocrx_word' id='word_1_383' title='bbox 1715 4461 1795 4536; x_wconf 66' lang='lat' dir='ltr'>&#39;vell</span> <span class='ocrx_word' id='word_1_384' title='bbox 1824 4487 1915 4536; x_wconf 89' lang='lat' dir='ltr'>amicis</span> 
     </span>
     <span class='ocr_line' id='line_1_36' title="bbox 223 4588 1915 4656; baseline -0.002 -14"><span class='ocrx_word' id='word_1_385' title='bbox 223 4594 370 4643; x_wconf 70' lang='lat' dir='ltr'>sesostris</span> <span class='ocrx_word' id='word_1_386' title='bbox 392 4607 460 4656; x_wconf 89' lang='lat' dir='ltr'>quae</span> <span class='ocrx_word' id='word_1_387' title='bbox 483 4590 663 4640; x_wconf 78' lang='lat' dir='ltr'>consolamine</span> <span class='ocrx_word' id='word_1_388' title='bbox 684 4589 871 4653; x_wconf 80' lang='lat' dir='ltr'>praebeamus,</span> <span class='ocrx_word' id='word_1_389' title='bbox 894 4588 955 4638; x_wconf 91' lang='lat' dir='ltr'>inde</span> <span class='ocrx_word' id='word_1_390' title='bbox 977 4590 1054 4639; x_wconf 90' lang='lat' dir='ltr'>nobis</span> <span class='ocrx_word' id='word_1_391' title='bbox 1077 4596 1167 4639; x_wconf 86' lang='lat' dir='ltr'>eterna</span> <span class='ocrx_word' id='word_1_392' title='bbox 1188 4588 1288 4654; x_wconf 88' lang='lat' dir='ltr'>gaudia</span> <span class='ocrx_word' id='word_1_393' title='bbox 1309 4591 1448 4653; x_wconf 87' lang='lat' dir='ltr'>provenire</span> <span class='ocrx_word' id='word_1_394' title='bbox 1471 4589 1571 4654; x_wconf 91' lang='lat' dir='ltr'>liquido</span> <span class='ocrx_word' id='word_1_395' title='bbox 1594 4589 1732 4639; x_wconf 87' lang='lat' dir='ltr'>credimus.</span> <span class='ocrx_word' id='word_1_396' title='bbox 1778 4590 1915 4653; x_wconf 78' lang='lat' dir='ltr'>Quaprop-</span> 
     </span>
     <span class='ocr_line' id='line_1_37' title="bbox 274 4690 1915 4758; baseline -0.001 -14"><span class='ocrx_word' id='word_1_397' title='bbox 274 4702 313 4745; x_wconf 90' lang='lat' dir='ltr'>ter</span> <span class='ocrx_word' id='word_1_398' title='bbox 338 4695 401 4744; x_wconf 83' lang='lat' dir='ltr'>volo</span> <span class='ocrx_word' id='word_1_399' title='bbox 430 4701 461 4744; x_wconf 93' lang='lat' dir='ltr'>ut</span> <span class='ocrx_word' id='word_1_400' title='bbox 487 4694 618 4744; x_wconf 86' lang='lat' dir='ltr'>industria</span> <span class='ocrx_word' id='word_1_401' title='bbox 647 4698 796 4742; x_wconf 89' lang='lat' dir='ltr'>nostrorum</span> <span class='ocrx_word' id='word_1_402' title='bbox 825 4690 941 4742; x_wconf 84' lang='lat' dir='ltr'>fidelium</span> <span class='ocrx_word' id='word_1_403' title='bbox 964 4709 980 4740; x_wconf 73' lang='lat' dir='ltr'>a</span> <span class='ocrx_word' id='word_1_404' title='bbox 1003 4692 1163 4742; x_wconf 85' lang='lat' dir='ltr'>adstantium</span> <span class='ocrx_word' id='word_1_405' title='bbox 1186 4691 1228 4741; x_wconf 87' lang='lat' dir='ltr'>vel</span> <span class='ocrx_word' id='word_1_406' title='bbox 1251 4693 1350 4757; x_wconf 89' lang='lat' dir='ltr'>ubique</span> <span class='ocrx_word' id='word_1_407' title='bbox 1373 4695 1605 4756; x_wconf 87' lang='lat' dir='ltr'>commorantium,</span> <span class='ocrx_word' id='word_1_408' title='bbox 1634 4693 1747 4758; x_wconf 91' lang='lat' dir='ltr'>qualiter</span> <span class='ocrx_word' id='word_1_409' title='bbox 1769 4693 1915 4743; x_wconf 86' lang='lat' dir='ltr'>charissimi</span> 
     </span>
     <span class='ocr_line' id='line_1_38' title="bbox 273 4779 1916 4848; baseline -0.002 0"><span class='ocrx_word' id='word_1_410' title='bbox 273 4799 363 4848; x_wconf 76' lang='lat' dir='ltr'>nostes</span> <span class='ocrx_word' id='word_1_411' title='bbox 392 4799 475 4848; x_wconf 78' lang='lat' dir='ltr'>nostri</span> <span class='ocrx_word' id='word_1_412' title='bbox 505 4781 545 4845; x_wconf 93' lang='lat' dir='ltr'>de</span> <span class='ocrx_word' id='word_1_413' title='bbox 567 4781 716 4846; x_wconf 90' lang='lat' dir='ltr'>Materno</span> <span class='ocrx_word' id='word_1_414' title='bbox 740 4783 773 4844; x_wconf 94' lang='lat' dir='ltr'>in</span> <span class='ocrx_word' id='word_1_415' title='bbox 796 4782 956 4844; x_wconf 88' lang='lat' dir='ltr'>territorio</span> <span class='ocrx_word' id='word_1_416' title='bbox 980 4780 1136 4844; x_wconf 86' lang='lat' dir='ltr'>Brixiano</span> <span class='ocrx_word' id='word_1_417' title='bbox 1161 4781 1253 4844; x_wconf 89' lang='lat' dir='ltr'>iuxta</span> <span class='ocrx_word' id='word_1_418' title='bbox 1273 4779 1381 4845; x_wconf 90' lang='lat' dir='ltr'>lacum</span> <span class='ocrx_word' id='word_1_419' title='bbox 1404 4781 1571 4845; x_wconf 90' lang='lat' dir='ltr'>Benacum</span> <span class='ocrx_word' id='word_1_420' title='bbox 1601 4796 1724 4847; x_wconf 71' lang='lat' dir='ltr'>suamne</span> <span class='ocrx_word' id='word_1_421' title='bbox 1750 4795 1916 4846; x_wconf 80' lang='lat' dir='ltr'>clementiam</span> 
     </span>
     <span class='ocr_line' id='line_1_39' title="bbox 272 4897 1914 4964; baseline -0.001 -13"><span class='ocrx_word' id='word_1_422' title='bbox 272 4909 388 4951; x_wconf 88' lang='lat' dir='ltr'>nost-ram</span> <span class='ocrx_word' id='word_1_423' title='bbox 402 4897 421 4964; x_wconf 79' lang='lat'>⁰,</span> <span class='ocrx_word' id='word_1_424' title='bbox 443 4906 536 4950; x_wconf 85' lang='lat' dir='ltr'>noscat</span> <span class='ocrx_word' id='word_1_425' title='bbox 559 4901 656 4950; x_wconf 83' lang='lat' dir='ltr'>obnixe</span> <span class='ocrx_word' id='word_1_426' title='bbox 678 4904 797 4963; x_wconf 89' lang='lat' dir='ltr'>petentes</span> <span class='ocrx_word' id='word_1_427' title='bbox 820 4904 898 4963; x_wconf 90' lang='lat' dir='ltr'>atque</span> <span class='ocrx_word' id='word_1_428' title='bbox 922 4897 1074 4949; x_wconf 89' lang='lat' dir='ltr'>nullatenus</span> <span class='ocrx_word' id='word_1_429' title='bbox 1096 4898 1271 4963; x_wconf 81' lang='lat' dir='ltr'>suffragantes</span> <span class='ocrx_word' id='word_1_430' title='bbox 1293 4904 1323 4947; x_wconf 93' lang='lat' dir='ltr'>ut</span> <span class='ocrx_word' id='word_1_431' title='bbox 1343 4898 1397 4948; x_wconf 92' lang='lat' dir='ltr'>illis</span> <span class='ocrx_word' id='word_1_432' title='bbox 1418 4900 1447 4948; x_wconf 91' lang='lat' dir='ltr'>in</span> <span class='ocrx_word' id='word_1_433' title='bbox 1468 4900 1511 4948; x_wconf 91' lang='lat' dir='ltr'>ius</span> <span class='ocrx_word' id='word_1_434' title='bbox 1526 4906 1553 4949; x_wconf 89' lang='lat' dir='ltr'>et</span> <span class='ocrx_word' id='word_1_435' title='bbox 1574 4901 1761 4963; x_wconf 87' lang='lat' dir='ltr'>proprietatem</span> <span class='ocrx_word' id='word_1_436' title='bbox 1776 4915 1808 4949; x_wconf 86' lang='lat' dir='ltr'>ex</span> <span class='ocrx_word' id='word_1_437' title='bbox 1824 4904 1914 4950; x_wconf 86' lang='lat' dir='ltr'>nostro</span> 
     </span>
     <span class='ocr_line' id='line_1_40' title="bbox 271 4984 1914 5071; baseline -0.001 -19"><span class='ocrx_word' id='word_1_438' title='bbox 271 5005 401 5068; x_wconf 89' lang='lat' dir='ltr'>imperiali</span> <span class='ocrx_word' id='word_1_439' title='bbox 424 5006 481 5053; x_wconf 92' lang='lat' dir='ltr'>iure</span> <span class='ocrx_word' id='word_1_440' title='bbox 504 5003 669 5053; x_wconf 86' lang='lat' dir='ltr'>donaremus.</span> <span class='ocrx_word' id='word_1_441' title='bbox 714 5003 769 5051; x_wconf 91' lang='lat' dir='ltr'>Nos</span> <span class='ocrx_word' id='word_1_442' title='bbox 792 5007 880 5051; x_wconf 84' lang='lat' dir='ltr'>autem</span> <span class='ocrx_word' id='word_1_443' title='bbox 902 5003 1020 5065; x_wconf 88' lang='lat' dir='ltr'>ipsorum</span> <span class='ocrx_word' id='word_1_444' title='bbox 1042 4987 1224 5049; x_wconf 79' lang='lat' dir='ltr'>vicinorum</span> <span class='ocrx_word' id='word_1_445' title='bbox 1245 4984 1452 5069; x_wconf 75' lang='lat' dir='ltr'>Adhelberti,</span> <span class='ocrx_word' id='word_1_446' title='bbox 1475 4987 1573 5068; x_wconf 79' lang='lat' dir='ltr'>Pelii,</span> <span class='ocrx_word' id='word_1_447' title='bbox 1596 4986 1776 5051; x_wconf 79' lang='lat' dir='ltr'>Manidocli</span> <span class='ocrx_word' id='word_1_448' title='bbox 1800 5008 1914 5071; x_wconf 79' lang='lat' dir='ltr'>procu·</span> 
     </span>
     <span class='ocr_line' id='line_1_41' title="bbox 222 5088 1914 5170; baseline -0.002 -12"><span class='ocrx_word' id='word_1_449' title='bbox 222 5111 255 5158; x_wconf 74' lang='lat' dir='ltr'>to</span> <span class='ocrx_word' id='word_1_450' title='bbox 272 5102 416 5156; x_wconf 79' lang='lat' dir='ltr'>ratorum</span> <span class='ocrx_word' id='word_1_451' title='bbox 434 5088 599 5156; x_wconf 68' lang='lat' dir='ltr'>Maternil</span> <span class='ocrx_word' id='word_1_452' title='bbox 621 5106 795 5170; x_wconf 87' lang='lat' dir='ltr'>petitionibus</span> <span class='ocrx_word' id='word_1_453' title='bbox 817 5120 953 5155; x_wconf 89' lang='lat' dir='ltr'>assensum</span> <span class='ocrx_word' id='word_1_454' title='bbox 975 5105 1132 5169; x_wconf 84' lang='lat' dir='ltr'>praebentes</span> <span class='ocrx_word' id='word_1_455' title='bbox 1155 5120 1203 5154; x_wconf 89' lang='lat' dir='ltr'>nec</span> <span class='ocrx_word' id='word_1_456' title='bbox 1226 5120 1279 5153; x_wconf 91' lang='lat' dir='ltr'>non</span> <span class='ocrx_word' id='word_1_457' title='bbox 1300 5092 1398 5154; x_wconf 79' lang='lat' dir='ltr'>etiam</span> <span class='ocrx_word' id='word_1_458' title='bbox 1422 5107 1594 5155; x_wconf 87' lang='lat' dir='ltr'>sanctissimis</span> <span class='ocrx_word' id='word_1_459' title='bbox 1615 5106 1830 5170; x_wconf 88' lang='lat' dir='ltr'>preceptionibus</span> <span class='ocrx_word' id='word_1_460' title='bbox 1845 5106 1914 5154; x_wconf 78' lang='lat' dir='ltr'>Ana·</span> 
     </span>
     <span class='ocr_line' id='line_1_42' title="bbox 272 5202 1913 5277; baseline -0.002 -15"><span class='ocrx_word' id='word_1_461' title='bbox 272 5213 346 5263; x_wconf 86' lang='lat' dir='ltr'>stasii</span> <span class='ocrx_word' id='word_1_462' title='bbox 368 5227 453 5277; x_wconf 86' lang='lat' dir='ltr'>papae</span> <span class='ocrx_word' id='word_1_463' title='bbox 476 5210 628 5262; x_wconf 88' lang='lat' dir='ltr'>obedientes</span> <span class='ocrx_word' id='word_1_464' title='bbox 651 5210 693 5260; x_wconf 90' lang='lat' dir='ltr'>vel</span> <span class='ocrx_word' id='word_1_465' title='bbox 716 5211 794 5260; x_wconf 85' lang='lat' dir='ltr'>etiam</span> <span class='ocrx_word' id='word_1_466' title='bbox 817 5208 982 5274; x_wconf 86' lang='lat' dir='ltr'>patriarchae</span> <span class='ocrx_word' id='word_1_467' title='bbox 1004 5208 1185 5274; x_wconf 84' lang='lat' dir='ltr'>Aquilegieusi</span> <span class='ocrx_word' id='word_1_468' title='bbox 1207 5202 1438 5274; x_wconf 78' lang='lat' dir='ltr'>cunctorumque⁰</span> <span class='ocrx_word' id='word_1_469' title='bbox 1460 5210 1644 5274; x_wconf 89' lang='lat' dir='ltr'>opiscoporum</span> <span class='ocrx_word' id='word_1_470' title='bbox 1667 5209 1764 5258; x_wconf 91' lang='lat' dir='ltr'>ducum</span> <span class='ocrx_word' id='word_1_471' title='bbox 1786 5209 1913 5258; x_wconf 85' lang='lat' dir='ltr'>marchio-</span> 
     </span>
     <span class='ocr_line' id='line_1_43' title="bbox 356 5333 1913 5415; baseline -0.002 -14"><span class='ocrx_word' id='word_1_472' title='bbox 356 5348 414 5402; x_wconf 79' lang='lat' dir='ltr'>ttt.</span> <span class='ocrx_word' id='word_1_473' title='bbox 441 5347 655 5415; x_wconf 68' lang='lat' dir='ltr'>peramplius,</span> <span class='ocrx_word' id='word_1_474' title='bbox 677 5348 746 5412; x_wconf 82' lang='lat' dir='ltr'>fehlt</span> <span class='ocrx_word' id='word_1_475' title='bbox 763 5346 829 5399; x_wconf 74' lang='lat' dir='ltr'>eno</span> <span class='ocrx_word' id='word_1_476' title='bbox 931 5349 966 5410; x_wconf 90' lang='lat' dir='ltr'>m)</span> <span class='ocrx_word' id='word_1_477' title='bbox 983 5365 1032 5400; x_wconf 91' lang='lat' dir='ltr'>nec</span> <span class='ocrx_word' id='word_1_478' title='bbox 1050 5333 1146 5399; x_wconf 82' lang='lat' dir='ltr'>n0n0</span> <span class='ocrx_word' id='word_1_479' title='bbox 1248 5349 1276 5407; x_wconf 88' lang='grc' dir='ltr'>ιι)</span> <span class='ocrx_word' id='word_1_480' title='bbox 1295 5345 1351 5408; x_wconf 83' lang='grc' dir='ltr'>ΑΟ,</span> <span class='ocrx_word' id='word_1_481' title='bbox 1369 5353 1429 5399; x_wconf 84' lang='lat' dir='ltr'>atott</span> <span class='ocrx_word' id='word_1_482' title='bbox 1452 5348 1525 5399; x_wconf 90' lang='lat' dir='ltr'>nullo</span> <span class='ocrx_word' id='word_1_483' title='bbox 1543 5347 1590 5398; x_wconf 76' lang='lat' dir='ltr'>der</span> <span class='ocrx_word' id='word_1_484' title='bbox 1607 5346 1661 5399; x_wconf 85' lang='lat' dir='ltr'>VU.</span> <span class='ocrx_word' id='word_1_485' title='bbox 1766 5351 1791 5410; x_wconf 93' lang='lat' dir='ltr'>o)</span> <span class='ocrx_word' id='word_1_486' title='bbox 1808 5345 1839 5409; x_wconf 86' lang='lat'>0,</span> <span class='ocrx_word' id='word_1_487' title='bbox 1857 5350 1913 5413; x_wconf 91' lang='lat' dir='ltr'>qui-</span> 
     </span>
    </p>
   </div>
   <div class='ocr_carea' id='block_1_14' title="bbox 441 5414 1913 5553">
    <p class='ocr_par' dir='ltr' id='par_1_16' title="bbox 441 5414 1913 5553">
     <span class='ocr_line' id='line_1_44' title="bbox 441 5414 1913 5484; baseline 0 -16"><span class='ocrx_word' id='word_1_488' title='bbox 441 5434 553 5484; x_wconf 89' lang='lat' dir='ltr'>cumque</span> <span class='ocrx_word' id='word_1_489' title='bbox 571 5417 641 5484; x_wconf 91' lang='lat' dir='ltr'>quod</span> <span class='ocrx_word' id='word_1_490' title='bbox 658 5420 764 5468; x_wconf 89' lang='lat' dir='ltr'>minime</span> <span class='ocrx_word' id='word_1_491' title='bbox 782 5420 928 5469; x_wconf 82' lang='lat' dir='ltr'>futurorum</span> <span class='ocrx_word' id='word_1_492' title='bbox 946 5416 968 5467; x_wconf 80' lang='lat' dir='ltr'><em>A</em></span> <span class='ocrx_word' id='word_1_493' title='bbox 1072 5419 1099 5483; x_wconf 93' lang='lat' dir='ltr'>p)</span> <span class='ocrx_word' id='word_1_494' title='bbox 1116 5416 1147 5480; x_wconf 80' lang='lat' dir='ltr'>A,</span> <span class='ocrx_word' id='word_1_495' title='bbox 1166 5417 1294 5468; x_wconf 85' lang='lat' dir='ltr'>sustineat</span> <span class='ocrx_word' id='word_1_496' title='bbox 1315 5414 1338 5467; x_wconf 94' lang='lat'><strong><em>0</em></strong></span> <span class='ocrx_word' id='word_1_497' title='bbox 1440 5419 1466 5483; x_wconf 82' lang='lat' dir='ltr'>ql</span> <span class='ocrx_word' id='word_1_498' title='bbox 1485 5414 1534 5467; x_wconf 80' lang='lat' dir='ltr'>AO</span> <span class='ocrx_word' id='word_1_499' title='bbox 1551 5422 1611 5467; x_wconf 81' lang='lat' dir='ltr'>stott</span> <span class='ocrx_word' id='word_1_500' title='bbox 1635 5417 1778 5468; x_wconf 84' lang='lat' dir='ltr'>auctoritas</span> <span class='ocrx_word' id='word_1_501' title='bbox 1795 5416 1842 5467; x_wconf 76' lang='lat' dir='ltr'>dar</span> <span class='ocrx_word' id='word_1_502' title='bbox 1859 5415 1913 5468; x_wconf 87' lang='lat' dir='ltr'>VU.</span> 
     </span>
     <span class='ocr_line' id='line_1_45' title="bbox 441 5483 1913 5553; baseline -0.002 -15"><span class='ocrx_word' id='word_1_503' title='bbox 441 5492 461 5549; x_wconf 89' lang='grc' dir='ltr'>ι)</span> <span class='ocrx_word' id='word_1_504' title='bbox 481 5483 716 5553; x_wconf 86' lang='lat' dir='ltr'>subscriptioncO</span> <span class='ocrx_word' id='word_1_505' title='bbox 818 5489 841 5548; x_wconf 81' lang='lat' dir='ltr'>s)</span> <span class='ocrx_word' id='word_1_506' title='bbox 859 5484 1020 5537; x_wconf 89' lang='lat' dir='ltr'>lllisunsiO</span> <span class='ocrx_word' id='word_1_507' title='bbox 1122 5484 1142 5551; x_wconf 92' lang='lat' dir='ltr'>t)</span> <span class='ocrx_word' id='word_1_508' title='bbox 1158 5483 1323 5536; x_wconf 88' lang='lat' dir='ltr'>DonatusO</span> <span class='ocrx_word' id='word_1_509' title='bbox 1426 5485 1454 5551; x_wconf 92' lang='grc' dir='ltr'>ιι)</span> <span class='ocrx_word' id='word_1_510' title='bbox 1473 5484 1608 5552; x_wconf 88' lang='lat' dir='ltr'>scripsiO</span> <span class='ocrx_word' id='word_1_511' title='bbox 1710 5485 1737 5551; x_wconf 84' lang='lat' dir='ltr'>v)</span> <span class='ocrx_word' id='word_1_512' title='bbox 1756 5488 1863 5551; x_wconf 88' lang='lat' dir='ltr'>propria</span> <span class='ocrx_word' id='word_1_513' title='bbox 1883 5485 1913 5536; x_wconf 92' lang='lat'>0.</span> 
     </span>
    </p>
   </div>
   <div class='ocr_carea' id='block_1_15' title="bbox 220 5569 1914 5706">
    <p class='ocr_par' dir='ltr' id='par_1_17' title="bbox 220 5569 1914 5706">
     <span class='ocr_line' id='line_1_46' title="bbox 220 5569 1913 5640; baseline -0.004 -13"><span class='ocrx_word' id='word_1_514' title='bbox 220 5581 253 5629; x_wconf 74' lang='lat' dir='ltr'>st</span> <span class='ocrx_word' id='word_1_515' title='bbox 356 5572 414 5626; x_wconf 75' lang='lat' dir='ltr'>lbi.</span> <span class='ocrx_word' id='word_1_516' title='bbox 444 5571 552 5640; x_wconf 77' lang='lat' dir='ltr'>[Sickell</span> <span class='ocrx_word' id='word_1_517' title='bbox 656 5574 681 5636; x_wconf 83' lang='grc' dir='ltr'>ιι)</span> <span class='ocrx_word' id='word_1_518' title='bbox 698 5574 850 5638; x_wconf 87' lang='lat' dir='ltr'>petentibus</span> <span class='ocrx_word' id='word_1_519' title='bbox 867 5600 902 5611; x_wconf 95' lang='lat'><em>-</em></span> <span class='ocrx_word' id='word_1_520' title='bbox 919 5575 1043 5624; x_wconf 90' lang='lat' dir='ltr'>comitum</span> <span class='ocrx_word' id='word_1_521' title='bbox 1063 5569 1135 5634; x_wconf 72' lang='lat' dir='ltr'>fehlt</span> <span class='ocrx_word' id='word_1_522' title='bbox 1157 5574 1186 5622; x_wconf 81' lang='lat' dir='ltr'>in</span> <span class='ocrx_word' id='word_1_523' title='bbox 1209 5573 1233 5623; x_wconf 80' lang='lat' dir='ltr'><strong><em>A</em></strong></span> <span class='ocrx_word' id='word_1_524' title='bbox 1336 5572 1364 5637; x_wconf 88' lang='lat' dir='ltr'>b)</span> <span class='ocrx_word' id='word_1_525' title='bbox 1381 5569 1450 5623; x_wconf 80' lang='lat' dir='ltr'>eto</span> <span class='ocrx_word' id='word_1_526' title='bbox 1550 5573 1574 5634; x_wconf 87' lang='lat' dir='ltr'>c)</span> <span class='ocrx_word' id='word_1_527' title='bbox 1593 5570 1664 5634; x_wconf 70' lang='lat' dir='ltr'>fehlt</span> <span class='ocrx_word' id='word_1_528' title='bbox 1686 5573 1715 5620; x_wconf 82' lang='lat' dir='ltr'>in</span> <span class='ocrx_word' id='word_1_529' title='bbox 1740 5569 1776 5633; x_wconf 82' lang='grc'>0,·</span> <span class='ocrx_word' id='word_1_530' title='bbox 1802 5588 1833 5620; x_wconf 74' lang='lat' dir='ltr'>eu</span> <span class='ocrx_word' id='word_1_531' title='bbox 1855 5572 1913 5620; x_wconf 78' lang='lat' dir='ltr'>dem</span> 
     </span>
     <span class='ocr_line' id='line_1_47' title="bbox 434 5637 1914 5706; baseline -0.001 -15"><span class='ocrx_word' id='word_1_532' title='bbox 434 5641 576 5706; x_wconf 64' lang='lat' dir='ltr'>folgenden</span> <span class='ocrx_word' id='word_1_533' title='bbox 598 5648 691 5691; x_wconf 84' lang='lat' dir='ltr'>noscat</span> <span class='ocrx_word' id='word_1_534' title='bbox 713 5659 733 5691; x_wconf 79' lang='lat' dir='ltr'>a.</span> <span class='ocrx_word' id='word_1_535' title='bbox 748 5641 809 5692; x_wconf 83' lang='lat' dir='ltr'>Do.</span> <span class='ocrx_word' id='word_1_536' title='bbox 825 5645 880 5692; x_wconf 74' lang='lat'>463</span> <span class='ocrx_word' id='word_1_537' title='bbox 989 5642 1015 5702; x_wconf 79' lang='lat' dir='ltr'>il)</span> <span class='ocrx_word' id='word_1_538' title='bbox 1036 5639 1063 5702; x_wconf 85' lang='lat'>0,</span> <span class='ocrx_word' id='word_1_539' title='bbox 1088 5643 1232 5692; x_wconf 85' lang='lat' dir='ltr'>vicinorum</span> <span class='ocrx_word' id='word_1_540' title='bbox 1248 5641 1416 5692; x_wconf 83' lang='lat' dir='ltr'>...Materni</span> <span class='ocrx_word' id='word_1_541' title='bbox 1435 5639 1490 5690; x_wconf 89' lang='lat' dir='ltr'>BD</span> <span class='ocrx_word' id='word_1_542' title='bbox 1598 5643 1622 5706; x_wconf 89' lang='lat' dir='ltr'>e)</span> <span class='ocrx_word' id='word_1_543' title='bbox 1640 5642 1865 5691; x_wconf 79' lang='lat' dir='ltr'>sanctissimorum</span> <span class='ocrx_word' id='word_1_544' title='bbox 1886 5637 1914 5690; x_wconf 84' lang='grc'>0.</span> 
     </span>
    </p>
   </div>
   <div class='ocr_carea' id='block_1_16' title="bbox 1639 5741 1707 5808">
    <p class='ocr_par' dir='ltr' id='par_1_18' title="bbox 1639 5741 1707 5808">
     <span class='ocr_line' id='line_1_48' title="bbox 1639 5741 1707 5808; baseline -0.044 0"><span class='ocrx_word' id='word_1_545' title='bbox 1639 5741 1707 5808; x_wconf 79' lang='grc'>80*</span> 
     </span>
    </p>
   </div>
   <div class='ocr_carea' id='block_1_17' title="bbox 0 0 2154 6409">
    <p class='ocr_par' dir='ltr' id='par_1_19' title="bbox 0 0 2154 6409">
     <span class='ocr_line' id='line_1_49' title="bbox 0 0 2154 6409; baseline 0 0"><span class='ocrx_word' id='word_1_546' title='bbox 0 0 2154 6409; x_wconf 95' lang='lat' dir='ltr'> </span> 
     </span>
    </p>
   </div>
  </div>
 </body>
</html>
