4298 6414
926 450 1121 506 nouam)
1144 452 1167 507 Ι.
1192 446 1263 507 018.
1879 445 1921 508 35

280 638 337 691 tum
364 626 612 712 inveniebatur,
643 628 807 714 quomodo
828 627 1010 694 Amolfus⁰
1038 630 1144 695 bonae
1166 631 1402 696 recordationis
1425 634 1602 718 imperator
1624 632 1667 698 ad
1692 642 1839 698 sanctum
1861 633 1920 699 Pe·

281 743 353 795 trum
376 732 566 816 apostolum
590 734 682 797 euius
705 733 846 798 ecclesia
868 736 901 797 in
924 732 1134 799 Wonnatia‘1
1162 736 1295 798 civitate
1324 743 1511 799 constructa
1541 744 1605 817 est,
1640 738 1692 799 cui
1721 738 1920 801 etiamtunc

281 835 427 918 temporis
442 835 678 901 Deotholochss
700 835 896 902 venerabilis
919 841 1093 923 episeopus
1117 839 1266 923 praefuit,
1291 861 1385 902 omne
1408 838 1578 923 praedium
1595 861 1686 903 suum
1704 839 1792 926 quod
1806 839 1921 903 habuit

281 939 355 1001 iutra
377 947 411 1002 et
434 948 530 1004 extra
553 937 796 1005 Worrnatiaml
817 962 892 1005 eum
916 941 1066 1007 omnibus
1089 939 1292 1026 appendiciis
1314 941 1391 1005 illuc
1414 942 1663 1027 aspicientibus,
1695 944 1728 1007 in
1751 941 1920 1007 curtilibus

258 1039 432 1105 reedificiis
455 1044 628 1128 mancipiis
651 1045 739 1128 agris
762 1043 858 1107 cultis
882 1054 913 1108 et
936 1044 1066 1108 incultis
1089 1046 1192 1108 vineis
1216 1045 1318 1128 pratis
1341 1046 1466 1130 campis
1488 1047 1619 1129 pascuis
1643 1055 1675 1110 et
1696 1046 1813 1110 ceteris
1830 1054 1920 1110 uten-

285 1142 390 1208 silibus
414 1167 499 1230 quae
522 1147 586 1211 dici
610 1157 667 1211 aut
688 1149 849 1213 nominari
872 1157 1024 1233 possunt,
1058 1171 1123 1211 una
1152 1169 1225 1211 cum
1256 1147 1465 1212 servitoribus
1496 1150 1562 1212 suis
1591 1171 1766 1234 eorumque
1793 1170 1921 1234 posses-

282 1247 418 1313 sionibus
451 1253 603 1337 omnique
635 1250 760 1315 familia
786 1252 955 1336 utriusque
986 1273 1085 1315 sexus
1114 1273 1198 1335 quae
1227 1250 1413 1335 parafridos
1439 1260 1472 1315 et
1494 1260 1602 1315 cetera
1630 1251 1782 1315 utensilia
1810 1253 1920 1335 regiae

282 1355 437 1438 potestati,
462 1355 593 1440 quando
616 1378 695 1419 usus
718 1356 830 1439 exigit,
854 1357 888 1419 in
912 1357 1078 1420 servitium
1101 1355 1312 1440 persolverat,
1337 1376 1473 1439 quorum
1492 1364 1524 1417 et
1539 1356 1671 1418 nomina
1689 1355 1721 1418 in
1737 1355 1921 1439 praeceptis

281 1458 393 1541 scripta
417 1459 636 1540 inveniuntur,
660 1480 733 1523 cum
758 1461 844 1524 omni
867 1461 1022 1544 progenie
1038 1459 1081 1522 ad
1097 1458 1234 1525 eandem
1258 1459 1447 1522 societatem
1469 1455 1716 1543 parafredorum
1740 1458 1920 1542 pertinente

247 1575 269 1623 ro
282 1581 331 1644 spe
356 1558 488 1624 divinae
510 1564 779 1628 remunerationis
801 1562 1000 1627 contradidit
1021 1584 1061 1625 ac
1085 1563 1152 1626 suis
1174 1544 1460 1646 praeceptionibus
1489 1561 1610 1626 donata
1639 1561 1859 1642 continuavit,
1889 1568 1922 1623 et

280 1662 435 1748 quomodo
465 1663 698 1729 Hludouicusl
726 1668 950 1731 serenissimus
978 1689 1037 1730 rex
1066 1666 1147 1729 haec
1175 1664 1289 1729 eadem
1319 1675 1351 1730 et
1380 1688 1491 1731 omues
1514 1689 1567 1730 res
1591 1688 1674 1751 quae
1697 1664 1774 1728 illuc
1798 1663 1840 1727 ab
1863 1663 1920 1728 ali·
1952 1687 1958 1697 ·

280 1766 389 1852 quibus
412 1767 554 1833 traditae
576 1769 705 1833 fuerant
729 1792 806 1834 suae
829 1771 1069 1855 praeceptionis
1092 1770 1286 1833 auctoritate
1310 1768 1416 1834 denuo
1440 1769 1674 1834 corroboravit.
1710 1766 1775 1832 Sed
1794 1789 1853 1851 pro
1873 1768 1919 1830 rei

279 1871 423 1934 linuitate
439 1880 593 1957 precatus
608 1879 658 1936 est
673 1882 818 1937 nostram
840 1873 1055 1955 clementiam,
1078 1882 1114 1936 ut
1137 1882 1268 1937 nostrae
1291 1874 1495 1936 auctoritatis
1518 1873 1616 1936 etiam
1639 1880 1815 1957 praecepto
1839 1870 1920 1934 haec

279 1981 306 2034 et
332 1981 442 2036 cetera
472 1982 565 2058 quaev
588 1974 664 2038 illuc
696 1975 818 2040 tradita
846 1986 921 2041 suut
949 1978 1075 2040 noviter
1103 1976 1379 2040 confirmaremus.
1418 1974 1518 2040 Cuius
1549 1976 1695 2060 petitioni
1725 1970 1921 2039 consentirii

246 2088 267 2134 15
280 2076 405 2160 dignum
429 2100 501 2142 esse
525 2077 708 2142 iudicantes
732 2077 897 2163 praefatas
920 2079 1113 2144 traditiones
1136 2090 1169 2143 et
1191 2080 1453 2143 confirmationes
1476 2079 1538 2142 hac
1561 2089 1693 2142 nostrae
1714 2079 1920 2142 auctoritatis

278 2202 356 2242 nova
387 2183 619 2265 praeceptione
651 2191 784 2267 propter
813 2182 958 2247 divinum
987 2205 1131 2247 amorem
1160 2184 1424 2247 confirmavimus
1455 2184 1486 2246 in
1518 2204 1582 2267 qua
1616 2184 1851 2267 praecipimus,
1885 2191 1921 2243 ut

278 2281 391 2353 nullus,
408 2284 592 2367 praefatum
620 2284 888 2368 Richgouuonem
920 2285 1140 2350 venerabilem
1175 2288 1364 2371 episcopum
1396 2284 1572 2369 praedictis
1603 2284 1833 2349 traditionibus
1864 2292 1920 2347 aut

277 2386 576 2463 coufimrationibus
597 2387 662 2451 ullo
686 2410 829 2472 unquam
851 2397 997 2473 tempore
1020 2391 1186 2474 inquietet,
1210 2389 1267 2453 sed
1290 2391 1360 2474 ipse
1384 2392 1497 2474 suique
1521 2410 1726 2452 successores
1749 2385 1870 2450 tradita
1889 2397 1922 2450 ct

277 2489 464 2553 confirmata
481 2490 639 2575 perhanc
655 2500 800 2555 nostram
821 2494 1049 2556 auctoritatem
1074 2491 1133 2555 sub
1158 2515 1217 2555 sua
1241 2491 1362 2556 ditione
1386 2490 1510 2576 absque
1534 2491 1763 2576 impedimento
1786 2491 1920 2555 maioris

242 2594 475 2656 aminorisver
505 2592 643 2657 alicuius
665 2616 825 2678 personae
853 2595 1086 2679 perpetualiter
1107 2604 1239 2659 teneant
1261 2605 1293 2657 et
1323 2595 1522 2680 possideant.
1561 2595 1604 2657 Et
1627 2603 1663 2657 ut
1685 2593 1766 2657 haec
1788 2604 1920 2658 nostrae

279 2698 515 2780 praeceptionis
538 2698 717 2761 auctoritas
741 2720 799 2782 per
821 2698 930 2760 futura
953 2708 1101 2782 tempora
1124 2696 1316 2761 inconvulsa
1339 2697 1508 2782 perduret,
1532 2699 1683 2782 propriae
1706 2719 1822 2769 manus
1846 2697 1920 2761 sub·

278 2800 439 2862 notatione
463 2823 536 2864 eam
559 2801 790 2885 consignantes
814 2800 911 2884 sigilli
935 2803 1036 2864 nostri
1060 2802 1272 2885 impressione
1296 2801 1415 2885 signari
1441 2801 1676 2885 praecepimus.

374 2954 511 3038 Signum
535 2955 645 3020 domni
669 2953 859 3019 Chuonradi
883 2958 1079 3022 serenissimi
1103 2957 1189 3041 regis
1214 2954 1300 3037 (M.)¹

375 3058 532 3122 Salomon
546 3068 566 3096 ¹¹¹
589 3059 804 3123 cancellarius
827 3059 976 3125 advicern
999 3060 1181 3144 Piligrirni¹¹
1204 3058 1481 3144 archicappellani
1504 3060 1710 3142 recognovi.⁰

236 3219 260 3266 2⁶
374 3213 465 3276 Data
489 3232 525 3277 11.
555 3213 627 3277 idus
658 3214 850 3299 septembris
878 3238 963 3280 anno
992 3217 1226 3279 incarnationis
1249 3215 1369 3279 domini
1394 3221 1630 3291 Decccxxru,¹’
1658 3211 1834 3275 indictione
1858 3227 1918 3292 xu,

275 3337 357 3379 anno
382 3339 462 3380 vero
486 3319 576 3400 regni
600 3316 826 3400 gloriosissimi
842 3320 927 3402 regis
945 3316 1153 3382 Ohuonradi²
1176 3336 1243 3399 xl13
1266 3327 1375 3381 actum
1392 3314 1578 3395 Triburias3
1600 3317 1633 3378 in
1650 3313 1770 3377 Christi
1790 3315 1919 3377 nominc

274 3419 409 3482 feliciter
432 3441 539 3484 amen.

1063 3610 1125 3686 38.

269 3763 429 3836 Kourod
454 3763 594 3836 schendt
619 3764 698 3837 deta
725 3764 865 3837 Klostcr
891 3765 1013 3838 Fulcla
1041 3764 1277 3863 Besilzoapea
1309 3767 1350 3836 ia
1381 3766 1513 3862 Hopea
1540 3765 1619 3836 arrd
1643 3762 1865 3839 Sonarnerdo.

228 3904 254 3950 so
1663 3922 1705 3930 -
1749 3922 1790 3929 -
1834 3921 1875 3929 -

372 4075 469 4134 cocles
484 4076 652 4135 Eberhardr'
666 4093 722 4134 aas
739 4076 791 4133 der
805 4077 895 4134 Mille
910 4077 959 4135 cles
975 4082 1025 4137 12.
1043 4077 1069 4136 J
1069 4080 1095 4136 h.
1114 4077 1170 4136 Bd.
1183 4081 1206 4138 2
1221 4078 1244 4148 f.
1262 4081 1304 4137 18
1319 4080 1361 4136 im
1376 4077 1403 4136 lc.
1422 4077 1623 4137 Stootsarchic
1637 4096 1676 4134 aa
1693 4077 1840 4149 Morbum
1855 4075 1917 4154 (B).

372 4231 496 4289 Brorrer
510 4230 580 4289 Ant.
597 4232 688 4290 Fuld.
707 4233 770 4292 128
792 4250 848 4289 uus
864 4232 900 4289 B.
928 4265 964 4273 —
990 4232 1138 4290 Schrmaot
1159 4232 1246 4291 Trud.
1263 4233 1354 4291 Fata.
1372 4238 1437 4294 229
1459 4239 1494 4290 a⁰
1517 4235 1580 4291 558
1602 4249 1658 4290 aas
1681 4233 1710 4290 B
1733 4255 1774 4284 =
1797 4232 1920 4288 Kremer

376 4333 457 4406 Orio.
474 4334 561 4393 Nuss.
578 4337 609 4404 2,
627 4338 667 4393 59
689 4341 724 4391 πθ
738 4338 789 4393 38.
817 4369 854 4376 -
877 4334 998 4392 Droalre
1016 4333 1076 4394 OD.
1101 4336 1192 4394 Falci,
1216 4341 1278 4396 309
1301 4343 1336 4394 πθ
1359 4340 1422 4395 667
1443 4354 1499 4394 arr-s
1516 4337 1545 4394 B
1567 4359 1607 4388 =
1632 4336 1758 4394 Bo'lmrer
1776 4334 1812 4392 A.
1832 4333 1917 4392 (ἔστιν.

373 4442 417 4496 37
438 4444 473 4494 πθ
495 4443 546 4497 37.

224 4609 251 4656 35
373 4593 434 4651 Voa
456 4592 614 4651 Eberhard
636 4595 668 4650 ia
689 4597 797 4652 scirem
821 4595 912 4654 Since
934 4598 1076 4653 crmeitcrt
1099 4596 1163 4654 aad
1184 4597 1260 4654 aaclr
1281 4599 1314 4655 ia
1336 4597 1391 4653 dea
1416 4593 1534 4653 lher'lea
1555 4594 1657 4652 welche
1679 4594 1731 4650 der
1753 4598 1919 4665 arsprdaq-

370 4697 464 4753 h'chen
486 4697 627 4770 Fassunp
649 4700 851 4770 onaapchbren
872 4701 1014 4770 salaciam,
1038 4701 1130 4758 durch
1153 4701 1369 4773 Eiascleollanp
1391 4700 1534 4757 ciaachmr
1557 4700 1653 4758 Worte
1675 4697 1807 4756 aarum.

476 4881 648 4948 Ounradus
679 4883 789 4948 divina
822 4883 996 4948 clementia
1025 4885 1155 4950 favente
1187 4884 1238 4971 <et
1268 4886 1437 4950 ordinante
1465 4886 1685 4949 Romanorum
1715 4891 1748 4946 et
1775 4882 1918 4946 Franco·

268 4984 386 5069 rum>²
414 5008 483 5050 rex.
572 4984 607 5050 Si
637 4987 709 5051 loca
738 4998 925 5052 sanctorum
955 4988 1073 5052 divinis
1103 4991 1290 5073 mancipata
1321 4989 1462 5053 cultibus
1485 4999 1518 5053 et
1542 4986 1742 5073 spiritalibus
1770 4988 1918 5050 instituta

270 5090 416 5153 serviciis
440 5089 535 5154 donis
558 5112 597 5153 ac
620 5089 788 5155 beneficiis
811 5091 906 5155 nobis
929 5115 949 5154 a
972 5091 1191 5174 deopcollatis
1221 5092 1325 5156 ditare
1356 5104 1388 5156 ct
1416 5094 1576 5157 honorare
1604 5090 1818 5171 voluerimus,
1853 5112 1918 5153 non

225 5209 256 5255 ro
272 5193 376 5259 solum
399 5193 442 5258 ad
465 5193 597 5259 honoris
620 5197 722 5259 nostri
746 5206 953 5260 aucmentum
978 5196 1035 5259 sed
1058 5195 1100 5258 ad
1124 5205 1233 5280 eterne
1264 5198 1362 5260 etiam
1392 5195 1507 5259 salutis
1529 5203 1639 5258 nostre
1663 5192 1844 5277 profectum
1867 5214 1918 5256 cc·

271 5295 345 5360 dere
372 5318 432 5382 pro
463 5306 555 5362 certo
584 5298 751 5364 habemus.
791 5301 999 5385 Quapropter
1027 5308 1138 5364 notum
1166 5300 1236 5363 lieri
1265 5299 1415 5364 volumus
1443 5300 1585 5363 omnium
1608 5295 1727 5361 Christi
1752 5320 1791 5361 ac
1814 5298 1917 5361 nostri

372 5484 414 5538 ³7.
441 5485 470 5552 g)
490 5486 638 5537 Deotoloch
660 5486 853 5548 QDeotelech
871 5487 900 5536 D
1010 5489 1038 5552 h)
1056 5488 1228 5538 Ludouuicus
1249 5487 1276 5549 0,
1295 5488 1454 5538 Ludowicus
1472 5487 1500 5535 D
1612 5487 1632 5545 i)
1650 5484 1710 5545 AD,
1730 5490 1878 5539 consentire
1899 5487 1923 5538 0

443 5557 472 5622 k)
490 5573 524 5606 m.
537 5573 570 5606 m.
582 5554 652 5617 fehlt
670 5557 699 5604 ia
716 5555 740 5607 A
844 5558 863 5623 l)
882 5559 990 5623 Signum
1003 5584 1037 5593 —
1050 5559 1119 5622 regis
1131 5556 1200 5619 fehlt
1218 5559 1247 5606 in
1267 5556 1316 5608 01)
1419 5553 1676 5620 n1)AD‚Sa1em0n
1697 5554 1720 5604 0
1819 5561 1847 5617 n)
1865 5558 1917 5607 Pil·

440 5627 518 5692 grimi
537 5625 566 5673 D
668 5626 695 5690 o)
713 5624 773 5687 AD,
792 5629 946 5692 recognouit
967 5625 990 5675 0
1089 5628 1115 5692 p)
1135 5644 1155 5674 s.
1174 5626 1216 5676 die
1235 5642 1311 5676 masor
1326 5625 1447 5689 peqcbene
1464 5622 1623 5688 fflkffimnp.

225 5723 256 5772 45
372 5725 413 5780 ³8.
441 5725 536 5794 [Fora]
638 5732 665 5788 a)
683 5728 857 5779 Frrancorum
876 5729 910 5779 B.

1675 5818 1712 5879 5*
