4298 6414
861 451 986 510 ΟΤΤΟ
1008 452 1031 507 1.
1057 448 1248 509 aee-973.
1813 443 1875 508 591

233 641 426 718 perpetuum
449 632 648 698 absolvatur.
678 649 714 698 Et
729 656 760 698 ut
773 648 822 714 hee
844 643 957 697 nostra
979 634 1150 698 concessio
1174 648 1201 696 in
1224 649 1461 698 remunerationem
1485 647 1527 697 dei
1551 634 1783 718 omnipotentis
1801 647 1877 698 firma

233 733 425 821 stabilisque
455 747 661 820 permaneat,
695 752 746 801 hoc
768 756 939 816 praeceptum
961 750 1022 801 inde
1046 751 1222 814 conscriptum
1252 734 1404 820 anulique
1427 736 1530 799 nostri
1557 752 1721 815 inpressione
1743 752 1876 816 signatum

233 868 313 903 manu
335 836 445 919 propria
465 838 675 904 firmavimus.

331 992 346 1072 1
368 994 504 1080 Signum
527 995 649 1060 domini
673 993 803 1060 Ottonis
826 994 937 1079 magni
960 1003 992 1056 et
1014 993 1220 1057 invictissimi
1243 993 1458 1078 imperatoris.
1481 993 1496 1075 1

199 1134 213 1180 o
332 1112 562 1196 {Folomarus
586 1113 800 1179 cancellarius
822 1116 894 1178 vice
918 1111 1094 1177 Hildiberti
1118 1111 1370 1196 archicapellani
1393 1113 1580 1197 recognovi.
1604 1110 1618 1190 1

329 1266 420 1329 Data
435 1284 486 1330 111.
502 1265 575 1330 idus
592 1267 730 1331 ianuarii
745 1288 831 1331 anno
854 1267 1089 1331 incarnationis
1113 1265 1234 1330 domini
1258 1282 1490 1348 nccccxuvln,
1514 1266 1692 1331 indictione
1708 1284 1781 1349 v111‚
1806 1269 1870 1348 (M.)

228 1392 313 1433 anno
331 1392 410 1435 vero
427 1371 538 1455 magni
554 1372 761 1455 imperatoris
777 1368 908 1435 Ottonis
924 1372 956 1434 in
973 1368 1104 1433 domino
1121 1367 1259 1432 feliciter
1272 1371 1438 1452 regnantis
1455 1367 1545 1451 111⁰¹03
1564 1378 1672 1434 actum
1689 1369 1872 1454 Mogontie3

228 1473 366 1538 feliciter
389 1496 495 1539 amen.

1003 1693 1090 1770 438.

193 1871 208 1917 0
959 1849 1136 1929 (Uaecht.)

234 1986 316 2062 Otto
344 1988 471 2059 reintrat
496 1987 562 2059 dus
588 1986 732 2059 Kloster
765 1984 961 2062 Gembloaa
987 1988 1028 2059 in
1054 1990 1175 2060 seinen
1202 1985 1330 2062 Sobata
1356 1988 1435 2061 tired
1461 1990 1632 2063 bestimmt
1661 1991 1720 2064 die
1745 1992 1872 2066 Reoltte

225 2108 286 2180 dee
315 2107 395 2180 dein
420 2106 565 2207 Kioster
590 2133 671 2179 anm
699 2106 787 2205 Vopt
812 2108 984 2180 bertelltea
1010 2107 1153 2205 Gnoson
1179 2134 1250 2181 cort
1277 2108 1422 2181 Lilaean.

1394 2249 1567 2321 Frenlsurt
1589 2255 1653 2311 947
1674 2252 1754 2311 Jani
1774 2255 1827 2312 29.

331 2453 494 2513 Chartuiar
515 2470 570 2511 eoa
589 2452 752 2512 Gembloac
773 2468 830 2511 aas
846 2451 912 2510 dem
926 2450 1873 2534 100109106810.10.ί.3800081001301οι111118νο3εεὶ

190 2592 205 2619 a
329 2555 390 2634 (B).
414 2591 455 2600 —-
472 2555 636 2615 Oleurtalor
649 2573 705 2613 roa
723 2555 886 2615 Gerableaa
907 2573 964 2614 aas
987 2555 1038 2613 der
1053 2556 1142 2614 Mitte
1159 2555 1209 2613 des
1232 2558 1282 2615 18.
1299 2555 1352 2615 Jh.
1371 2574 1405 2629 p.
1421 2560 1486 2616 203
1509 2557 1618 2615 etanta
1632 2556 1695 2634 (G).
1719 2590 1760 2600 -
1777 2556 1872 2616 Oliar-

328 2660 411 2718 taler
431 2677 487 2718 aun
506 2658 668 2717 (levatione
690 2676 746 2717 aas
769 2658 835 2716 dcta
857 2658 996 2732 Anfanpe
1017 2659 1067 2716 des
1090 2661 1141 2717 10.
1159 2658 1210 2717 Jlt.
1235 2658 1260 2729 f.
1284 2662 1322 2719 81
1349 2660 1458 2718 ebena
1481 2659 1543 2737 (D).

329 2815 466 2872 illiraeas
484 2813 553 2872 Cod.
578 2814 645 2873 dart.
664 2814 792 2886 pteram
817 2817 877 2873 130
901 2832 957 2872 aas
973 2814 1002 2873 B
1023 2832 1063 2872 aa
1078 2818 1141 2874 948
1161 2838 1200 2867 =
1221 2814 1353 2887 Verbera
1369 2814 1447 2873 Hist.
1467 2817 1563 2874 otton.
1579 2818 1631 2885 20,
1657 2838 1696 2867 --
1719 2816 1871 2874 Miraens·

329 2919 468 2991 Foppeas
487 2917 541 2991 Op.
565 2922 595 2988 1,
620 2922 658 2976 41
685 2941 725 2970 =
747 2917 850 2991 Dante
869 2915 931 2978 OD.
952 2918 1050 2977 Gerra
1075 2922 1106 2989 2,
1131 2921 1212 2978 1061
1237 2923 1271 2974 n⁰
1293 2922 1323 2987 1,
1349 2942 1386 2969 =
1411 2918 1596 2977 Wrtrdmein
1618 2919 1748 2977 silerent.
1773 2919 1870 2977 Pelet.

329 3026 358 3093 4,
383 3025 422 3081 60
446 3022 673 3094 rraeoustemtrp,
698 3045 738 3074 =
761 3023 901 3080 Deibnita
922 3020 1002 3078 Ana.
1025 3025 1056 3091 2,
1081 3024 1143 3080 544
1166 3040 1206 3079 aa
1229 3023 1300 3080 946.
1324 3054 1366 3063 —
1389 3021 1526 3080 Miratus
1541 3022 1610 3081 Not.
1627 3023 1692 3081 eccl.
1708 3022 1790 3095 Belp.
1808 3026 1873 3083 102

329 3124 416 3184 Eatr.
440 3141 497 3182 aas
521 3124 546 3181 Α
569 3143 610 3182 aa
632 3127 704 3183 948.-
727 3156 769 3165 -
793 3123 879 3183 Sciet
897 3120 1006 3182 Grecis
1025 3123 1157 3181 Histoire
1179 3123 1229 3181 des
1247 3126 1397 3183 evoaeiea
1414 3142 1450 3182 en
1464 3125 1606 3198 Belqiqae
1621 3122 1758 3202 (Bettsset
1773 3127 1870 3202 1837)

330 3230 392 3286 193
413 3232 447 3284 n⁰
462 3232 479 3285 1
505 3244 561 3285 aaa
577 3226 644 3286 MS.
662 3226 801 3299 Denters.
825 3259 867 3268 -
889 3225 1006 3298 Denter
1021 3223 1130 3284 Glrroa.
1148 3225 1212 3283 duc.
1230 3226 1416 3286 Brateatiae
1432 3227 1475 3287 ed.
1492 3226 1870 3305 Item(Brt'tesei1854-

328 3329 424 3408 1860)
449 3325 491 3401 11,
516 3334 576 3391 301
601 3349 641 3389 aa
663 3332 726 3390 976
749 3330 819 3388 oder
840 3333 912 3388 977.
935 3359 978 3371 -·
1001 3327 1130 3400 Stampf
1148 3329 1219 3402 Rep.
1244 3333 1309 3390 167
1329 3349 1370 3389 aa
1392 3334 1464 3391 948.

330 3486 387 3544 Um
409 3485 458 3543 des
480 3486 595 3544 Inlmtts
618 3485 716 3543 tritten
738 3482 772 3561 (s.
796 3484 895 3544 Woitz
914 3483 995 3555 Vers.
1016 3483 1118 3543 Gescb.
1138 3489 1166 3555 7,
1182 3474 1248 3544 ‘354
1270 3485 1336 3543 aad
1357 3486 1451 3545 Erret
1467 3487 1500 3542 in
1514 3484 1702 3559 Reiffeaberp
1716 3485 1871 3545 Noaoelles

327 3588 457 3646 arcii-ivea
480 3588 528 3647 des
550 3589 708 3662 Papa-Bes
731 3590 760 3657 5,
781 3592 821 3648 29
836 3586 881 3664 ff.)
905 3606 945 3647 aa
967 3586 1138 3659 aewersen.
1178 3588 1292 3649 Sowott
1313 3588 1362 3647 die
1383 3589 1527 3661 richtipen
1548 3589 1593 3648 ets
1616 3588 1664 3646 die
1686 3589 1872 3660 amrichtipen

327 3690 558 3749 Prototoiltteile
579 3691 649 3749 sind
671 3690 803 3763 efferebar
824 3690 891 3748 dem
913 3690 1020 3761 frater
1041 3692 1279 3750 metacisoarea
1301 3690 1367 3750 Do.
1385 3694 1429 3752 82
1451 3692 1591 3763 enitebat,
1621 3694 1676 3751 mit
1698 3691 1871 3751 Aasnalrme

327 3793 380 3850 der
398 3811 478 3866 pena
499 3794 675 3853 wttttarlict
697 3795 886 3854 beteadelten
900 3793 1188 3867 Dattranpsformel,
1212 3797 1245 3852 in
1264 3795 1367 3854 welche
1381 3796 1487 3869 jedoct
1509 3795 1667 3854 wiedewm
1687 3813 1729 3854 aa
1743 3795 1811 3855 DO.
1828 3797 1872 3855 82

327 3896 540 3968 ontntpsende
562 3898 913 3971 Jaareseeeeetaanqea,
936 3917 998 3956 aar
1022 3916 1074 3956 aar
1096 3901 1160 3956 eine
1182 3898 1302 3957 Einlmit
1326 3899 1425 3957 orteia
1448 3901 1633 3972 anparapca
1654 3899 1771 3957 worden
1792 3899 1870 3968 sind,

326 4016 359 4057 so
381 3999 450 4059 class
473 4004 562 4059 aruer
583 4001 683 4060 (liesca
703 4001 885 4061 Umatctadea
905 4002 986 4059 nieht
1009 4001 1118 4059 namot
1140 4001 1188 4059 die
1207 4001 1285 4059 Zeit-
1307 4001 1371 4059 aad
1389 4000 1591 4073 Ortsonpaben
1612 4000 1778 4058 vernettet
1799 4018 1870 4057 roer-

327 4103 384 4161 den
399 4103 523 4162 tormen.

190 4334 206 4380 0
430 4307 469 4371 In
492 4309 622 4372 nomine
645 4307 766 4372 domini
791 4307 842 4371 dei
865 4317 898 4371 et
921 4306 1093 4372 salvatoris
1124 4307 1236 4371 eterni.
1282 4304 1361 4370 Otto
1390 4305 1502 4370 diviua
1531 4304 1662 4370 favente
1692 4305 1871 4370 clemencia

222 4432 283 4474 rex
306 4409 571 4475 Lothariensinm
595 4420 627 4475 et
648 4411 924 4494 Francigenum.¹²
1020 4409 1142 4474 Notum
1166 4411 1207 4473 sit
1229 4407 1433 4493 presentibus
1463 4417 1495 4471 et
1521 4407 1654 4490 futuris,
1685 4407 1772 4493 quod
1802 4408 1869 4492 qui-

224 4512 301 4577 dam
319 4513 369 4577 vir
391 4511 509 4577 nobilis
533 4512 591 4576 etb
614 4512 750 4576 dilectus
769 4512 830 4576 deo
847 4510 1081 4577 Wichbertus⁰
1102 4513 1233 4575 nomine
1255 4510 1306 4574 his
1330 4509 1530 4595 temporibus
1554 4512 1737 4574 construxit
1758 4532 1868 4573 mona-

223 4617 357 4680 sterium
379 4618 412 4680 in
436 4616 559 4681 honore
583 4626 770 4680 sanctorum
788 4615 874 4679 Petri
898 4615 1040 4699 apostoli
1063 4625 1095 4679 et
1117 4613 1275 4698 Exuperii
1299 4613 1441 4676 martiris
1464 4611 1597 4697 gloriosi
1622 4613 1763 4697 inpage
1787 4612 1870 4675 Dar·

224 4716 364 4785 nuensi‘¹
394 4723 428 4783 in
457 4721 655 4805 proprietate
684 4718 875 4783 hereditatis
899 4742 956 4784 sue
986 4742 1048 4806 que
1072 4717 1255 4784 Gemblus⁶
1288 4726 1510 4803 nuncupatur,
1545 4719 1599 4802 qui
1627 4739 1808 4803 precavens
1836 4718 1871 4781 in

190 4848 206 4896 5
224 4823 378 4906 futurum,
401 4821 553 4887 videlicet
567 4845 607 4886 ne
625 4821 801 4907 aliquando
819 4822 975 4887 secularis
994 4824 1139 4908 potentie
1161 4821 1310 4885 homines
1332 4820 1443 4905 aliqua
1465 4824 1660 4906 pervasione
1675 4821 1727 4885 vel
1750 4822 1870 4885 iniusta

225 4925 448 4990 dominatione
471 4924 660 5010 perturbent
679 4923 844 5009 quietem‘
863 4926 999 4990 fratrum
1015 4925 1058 4990 ibi
1077 4925 1137 4991 deo
1152 4925 1394 5007 famulantium,
1414 4924 1495 4989 adiit
1510 4928 1708 5011 presentiam
1724 4936 1868 4991 nostram

223 5051 299 5093 cum
323 5026 500 5093 venerabili
528 5027 663 5092 Erluino
693 5027 839 5093 eiusdem
867 5026 931 5092 loci
960 5027 1080 5093 abbate
1108 5038 1141 5092 et
1168 5028 1277 5093 locum
1305 5031 1412 5114 ipsum
1442 5052 1516 5095 cum
1545 5030 1694 5114 omnibus
1723 5029 1767 5095 ad
1794 5053 1867 5095 eum

225 5129 460 5216 pertinentibus
483 5140 594 5195 nostre
617 5130 798 5195 defensioni
822 5140 918 5217 atquc
941 5131 1041 5196 tutele
1064 5132 1236 5196 commisit.
1281 5131 1379 5213 Quod
1401 5154 1461 5197 nos
1490 5140 1656 5216 gratanter
1682 5132 1867 5217 accepimus

225 5244 258 5299 et
278 5244 392 5299 nostra
415 5232 572 5318 imperiali
596 5236 790 5298 auctoritate
810 5235 1012 5300 decrevimus
1035 5257 1074 5300 ac
1098 5234 1194 5318 sigilli
1217 5237 1320 5299 nostri
1342 5237 1555 5320 impressione
1573 5235 1809 5316 roboravimus,
1832 5243 1868 5299 ut

188 5364 208 5409 ,0
224 5335 316 5402 lectis
339 5337 394 5401 ille
415 5338 449 5401 in
472 5346 663 5421 perpetuum
687 5359 760 5400 cum
785 5338 934 5403 omnibus
958 5360 1019 5424 que
1042 5338 1085 5402 ad
1107 5340 1215 5422 ipsum
1238 5341 1415 5422 pertinent,
1440 5337 1481 5402 ab
1506 5340 1649 5402 omnium
1673 5337 1867 5402 secularium

225 5449 292 5506 tam
314 5441 473 5504 maiorum
498 5461 596 5524 quam
618 5441 779 5506 minorum
803 5440 946 5507 dominio
966 5450 1052 5505 esset
1073 5441 1236 5522 immunis,
1261 5438 1320 5503 eub
1338 5439 1407 5504 solo
1423 5448 1550 5504 tantum
1565 5440 1652 5524 regie
1667 5438 1867 5504 defensionis

311 5643 369 5698 138.
397 5644 493 5712 [Folta]
606 5645 634 5711 a)
654 5647 815 5697 Francorum
838 5647 868 5699 D
978 5648 1007 5712 1))
1026 5647 1066 5709 D,
1089 5646 1159 5710 fehlt
1185 5648 1214 5696 in
1234 5645 1288 5697 Bo
1396 5646 1420 5713 o)
1440 5647 1592 5713 Wigbertus
1618 5644 1651 5709 0,
1681 5646 1816 5696 Wibertus
1839 5645 1869 5697 D
1956 5648 1959 5652 ’

396 5716 423 5776 d)
442 5717 595 5766 Dornnensi
612 5715 641 5766 D
743 5716 768 5779 e)
788 5716 933 5767 Gemblous
953 5715 1002 5767 01)
1105 5717 1306 5777 Ooonvcntum
1323 5713 1359 5765 D.
