4298 6414
275 438 340 505 592
873 444 1330 505 KAISEBURKUNDEN.

275 628 454 693 munimine
484 629 690 692 constitutus.
727 625 850 691 Verum
873 627 949 711 quia
971 624 1127 690 fratribus
1150 624 1297 691 eiusdem
1325 624 1407 705 loci,
1438 626 1466 688 si
1489 623 1624 710 quando
1647 622 1827 691 incumberet
1841 630 1879 695 uli-

276 754 341 817 qua
369 731 566 813 necessitas,
600 751 701 814 grave
730 730 828 793 nimis
855 739 942 793 esset
971 738 1105 815 propter
1133 726 1406 813 longinquitatem
1434 736 1596 791 terrarum
1623 729 1806 812 presentiam
1822 736 1879 817 regis

276 857 406 919 semper
434 833 542 913 adire,
571 854 647 897 cum
674 831 833 898 electione
861 835 964 917 ipsius
995 832 1118 898 domini
1141 829 1331 915 Wigbertiss
1357 842 1389 896 ct
1411 829 1543 896 abbatis
1565 840 1600 893 ct
1620 830 1752 894 irsoum
1772 831 1880 899 dedimus

275 937 485 1002 advocatiam
509 939 611 1022 ipsius
635 935 778 1018 abbatie,
801 935 836 1001 id
858 945 908 999 est
931 936 971 1000 dc
987 932 1182 1017 Gemblusl,
1206 934 1386 1000 Lamberto
1402 935 1513 999 comiti
1530 933 1741 1013 Lovaniensi,
1760 936 1881 1001 viroiorti

276 1053 309 1107 et
330 1041 490 1106 bellicoso
513 1043 568 1127 qui
587 1043 660 1106 vice
681 1050 795 1106 nostra
816 1049 932 1104 contra
955 1041 1099 1103 omnium
1122 1039 1392 1123 inquietationem
1413 1036 1547 1102 adiutor
1568 1058 1681 1102 eorum
1703 1048 1784 1101 esset
1800 1060 1831 1102 ac
1846 1039 1903 1105 des

275 1146 397 1211 sensor.
440 1144 495 1210 Sic
524 1154 633 1208 autem
663 1143 812 1209 dedimus
841 1144 870 1207 ei
899 1141 1109 1207 advocatiam
1136 1143 1249 1223 istam,
1279 1152 1316 1207 ut
1342 1162 1521 1227 numquam
1549 1142 1622 1225 ipse
1649 1161 1756 1204 comcs
1775 1140 1820 1205 vel
1836 1165 1883 1206 sue·

276 1269 424 1312 cessores
452 1247 501 1310 sui
530 1248 564 1311 in
592 1244 734 1310 abbacia
755 1244 807 1310 vel
836 1247 869 1308 in
898 1244 984 1309 villis
1014 1243 1056 1309 ad
1086 1265 1160 1309 eam
1188 1242 1426 1328 pertinentibus
1454 1242 1581 1330 aliquid
1608 1243 1756 1328 accipere
1780 1256 1828 1307 sut
1846 1267 1885 1329 pst

278 1350 461 1436 potentiam
483 1351 616 1434 exigere
645 1347 787 1414 debeant
815 1356 923 1431 preter
951 1350 1001 1411 ius
1030 1356 1063 1411 et
1088 1346 1283 1412 beneficium
1311 1348 1373 1411 sibi
1403 1349 1633 1428 constitutum3
1661 1344 1807 1411 advocati
1828 1352 1886 1412 euin

277 1452 399 1517 debent
427 1475 500 1517 esse
528 1474 594 1516 non
623 1451 814 1536 predatores
844 1450 903 1516 sed
929 1460 1177 1515 conservatores
1200 1450 1424 1515 ecclesiarum.
1466 1448 1554 1515 Illud
1577 1451 1677 1514 etiam
1700 1451 1850 1514 statuimus
1864 1462 1888 1515 ut

277 1578 389 1620 comes
417 1556 637 1620 Lovaniensis
666 1576 841 1639 numquam
871 1554 903 1617 in
933 1553 1108 1618 advocatia
1138 1552 1369 1620 Gemblacensi
1399 1564 1507 1639 preter
1536 1576 1639 1620 unum
1670 1552 1889 1618 subadvocatum
1902 1573 1921 1615 ιι

276 1658 415 1740 lrabeat,
438 1659 473 1723 id
496 1668 546 1723 est
568 1668 604 1722 ut
626 1656 748 1721 donum
770 1656 865 1721 huius
888 1655 1062 1723 advocatie
1085 1680 1204 1743 aroge
1228 1661 1281 1745 qui
1305 1661 1411 1722 maior
1432 1656 1617 1723 advocatus
1639 1668 1706 1740 est,
1734 1656 1892 1742 plusquam

278 1763 321 1827 ad
344 1764 481 1826 terciam
504 1782 637 1824 manum
660 1781 836 1846 numquam
858 1759 1020 1825 deveniat.
1060 1759 1095 1825 Si
1118 1772 1227 1826 autem
1251 1759 1340 1848 quod
1361 1760 1512 1826 nolumus
1533 1761 1622 1825 hanc
1643 1771 1786 1825 nostram
1805 1762 1893 1823 consti·

278 1867 439 1930 tutionem
461 1865 698 1948 contempserit
720 1872 753 1926 et
775 1862 938 1928 advocato
961 1863 1008 1927 illi
1032 1865 1086 1949 qui
1109 1863 1169 1929 sub
1194 1887 1229 1928 se
1252 1873 1366 1930 estex
1389 1867 1463 1951 ipsa
1485 1865 1664 1931 advocatia
1687 1864 1806 1949 aliquid
1828 1887 1893 1928 usur·

278 1993 358 2054 pare
374 1968 427 2033 vel
449 1967 608 2033 militibus
625 1969 692 2032 suis
707 1966 904 2031 beneficiare
927 1969 1138 2049 consenserit,
1161 1976 1281 2032 terram
1305 1991 1398 2034 suam
1420 1972 1454 2035 in
1476 1968 1587 2035 curiai
1609 1972 1698 2053 regis
1720 1969 1779 2033 sibi
1800 1967 1895 2033 abiudi-

278 2083 388 2137 catam
408 2073 491 2135 sciat
506 2082 539 2135 et
558 2069 713 2156 quicquid
728 2069 877 2135 beneficii
893 2090 952 2153 pro
969 2071 1042 2154 ipsa
1058 2069 1234 2135 advocatia
1247 2070 1381 2135 tenebat
1396 2071 1436 2136 de
1451 2094 1552 2137 manu
1564 2075 1664 2156 regis,
1683 2094 1719 2136 se
1733 2073 1895 2136 amissumn
1908 2090 1928 2134 u

278 2178 418 2240 noverit.
457 2175 560 2239 Porro
584 2173 828 2238 subadvocatus
851 2174 884 2238 in
907 2171 993 2237 villis
1017 2173 1061 2238 ad
1083 2173 1250 2239 abbatiam
1274 2173 1510 2260 pertinentibus
1532 2174 1633 2240 nichil
1656 2173 1747 2238 aliud
1773 2176 1841 2240 iuris
1857 2175 1896 2238 hr-

278 2278 384 2360 bebit,
415 2276 479 2341 nisi
503 2298 562 2360 per
584 2274 731 2359 singulos
753 2297 857 2339 annos
881 2276 922 2342 de
945 2299 1139 2363 unaquaque
1163 2277 1259 2343 domo
1287 2278 1454 2344 denarium
1484 2301 1601 2357 unum,
1635 2278 1789 2362 gallinam
1815 2301 1898 2357 unum,

280 2403 384 2447 avene
401 2381 581 2445 sextarium
597 2401 707 2443 unum.
743 2377 807 2459 Qui
824 2382 898 2443 etsi
915 2379 1092 2465 aliquando
1111 2381 1261 2447 habuerit
1282 2382 1406 2448 bellum
1428 2392 1544 2447 contra
1567 2381 1712 2468 aliquem
1735 2380 1775 2446 de
1794 2381 1899 2467 paribus

281 2489 359 2568 suis,
383 2483 473 2570 quod
489 2483 611 2548 bellum
628 2484 756 2547 nonnisi
780 2480 824 2546 ad
845 2483 953 2567 ipsum
976 2485 1147 2568 pertineat,
1171 2484 1212 2549 de
1235 2507 1295 2550 suo
1319 2495 1472 2570 procuret
1493 2495 1526 2550 et
1547 2485 1723 2571 provideat
1742 2507 1801 2571 que
1816 2507 1899 2549 neces·

280 2590 368 2654 saria
391 2597 466 2652 sunt
487 2585 602 2651 usibus
624 2584 702 2649 belli
724 2585 768 2649 ad
791 2608 825 2649 se
849 2586 1056 2669 pertinentis,
1090 2609 1195 2673 neque
1224 2591 1309 2653 enim
1338 2600 1472 2674 propter
1499 2589 1562 2653 hoc
1588 2591 1623 2652 in
1652 2587 1788 2653 abbatia
1812 2587 1856 2651 vel
1876 2589 1934 2651 ua

280 2692 366 2756 villis
391 2690 530 2755 adeam
553 2687 814 2774 appendentibus
837 2698 894 2753 aut
917 2690 1055 2754 obsonia
1077 2698 1135 2755 aut
1157 2692 1290 2755 servitia
1313 2691 1423 2778 aliqua
1445 2695 1578 2776 exigere
1601 2694 1632 2757 ei
1654 2690 1775 2756 licebit.
1800 2689 1831 2755 Si
1844 2713 1900 2754 vero

281 2795 404 2860 bellum
426 2793 516 2858 aliud
538 2794 635 2857 fuerit
658 2793 746 2878 quod
767 2793 854 2858 idem
878 2790 1147 2858 subadvocatusl
1170 2793 1382 2877 administret,
1407 2795 1496 2881 quod
1514 2795 1642 2860 scilicet
1656 2793 1796 2860 bellum¹
1815 2793 1901 2858 velud

282 2919 392 2983 regem
415 2896 467 2961 vel
490 2895 534 2960 ad
557 2897 708 2961 comitem
732 2896 971 2960 Lovanieusem
995 2899 1170 2980 pertineat,
1199 2907 1276 2961 tunc
1306 2897 1437 2983 quidem
1463 2897 1576 2963 licebit
1604 2900 1652 2981 ei,
1682 2898 1744 2964 sed
1770 2921 1830 2963 nou
1852 2899 1902 2962 sine

282 3023 446 3067 consensu
469 2999 617 3082 abbatis,
641 3009 720 3064 uta
741 3001 970 3064 mansionariis
993 3002 1048 3085 qui
1071 3022 1129 3085 per
1151 2999 1246 3065 villas
1269 3000 1402 3066 abbatie
1425 3011 1687 3084 commorantur,
1711 3001 1830 3088 aliquid
1850 3000 1902 3065 sub

282 3105 357 3171 sidii
386 3107 544 3189 accipiat,
574 3102 632 3168 sed
661 3112 770 3167 tamen
797 3104 844 3167 ita
871 3112 1057 3167 mensurate
1079 3112 1115 3167 ut
1137 3124 1314 3189 numquam
1337 3103 1413 3169 inde
1437 3102 1569 3189 querela
1590 3104 1635 3170 ad
1658 3107 1810 3170 comitem
1829 3104 1873 3168 vel
1888 3125 1937 3170 ru

281 3210 401 3274 comite
424 3207 467 3272 ad
490 3207 599 3291 regias
623 3229 718 3270 aures
741 3207 921 3289 perveniat.
965 3206 1040 3271 Hoc
1070 3215 1216 3271 nostrum
1245 3207 1427 3292 imperiale
1444 3210 1657 3272 constitutum
1686 3206 1727 3272 de
1758 3206 1905 3272 advocatis

283 3310 534 3378 Gemblacensis
557 3309 696 3375 ecclesie
719 3331 782 3395 que
805 3310 893 3393 regie
915 3309 1097 3375 defensioni
1122 3309 1270 3376 subiecta
1298 3321 1363 3393 est,
1394 3321 1431 3375 ut
1457 3333 1516 3396 per
1544 3310 1756 3376 succedentia
1783 3322 1907 3396 tempora

281 3418 385 3481 lixum
407 3423 540 3479 maneat
558 3423 591 3478 et
609 3413 846 3495 inconvulsum,
870 3412 1089 3498 palatinorum
1113 3414 1297 3498 principum
1320 3424 1353 3479 et
1374 3412 1550 3478 multorum
1572 3413 1732 3479 nobilium
1755 3413 1907 3480 iudiciuin

283 3519 449 3606 presentia
478 3525 591 3581 nostra
621 3517 757 3582 fecimus
787 3516 972 3581 confirmari
1002 3527 1034 3581 et
1062 3517 1149 3582 anuli
1179 3519 1282 3581 nostri
1311 3518 1527 3603 impressione
1555 3519 1712 3582 iussimus
1736 3517 1862 3603 sigillari
1880 3538 1909 3579 se

283 3646 380 3689 manu
397 3632 510 3688 nostra
526 3620 637 3685 subter
653 3621 864 3704 signavimus.
899 3620 943 3682 Et
958 3621 1041 3683 sicut
1056 3642 1115 3684 nos
1132 3619 1405 3686 Gemblacensem
1424 3618 1598 3685 ecclesiam
1615 3630 1731 3685 nostra
1754 3620 1944 3685 clemenciam

282 3739 409 3793 tuemur
424 3735 457 3790 et
471 3725 632 3806 fovemus,
657 3725 704 3787 sic
721 3725 820 3787 etiam
835 3721 984 3786 volumus
1004 3732 1038 3786 ut
1057 3745 1168 3787 omncs
1194 3745 1400 3788 successores
1423 3725 1525 3788 nostri
1548 3725 1582 3786 in
1605 3732 1798 3809 perpetuum
1818 3734 1911 3788 tuean-

282 3840 366 3895 tur¹¹¹
394 3851 467 3893 eam
497 3839 529 3893 et
558 3829 705 3910 foveant,
740 3828 892 3912 quatinus
922 3836 955 3890 et
983 3848 1043 3890 nos
1072 3836 1105 3889 et
1134 3828 1197 3911 ipsi
1230 3826 1431 3891 orationibus
1463 3848 1575 3891 eorum
1605 3828 1771 3912 possimus
1805 3848 1913 3912 semper

282 3934 442 3999 adiuvari.

386 4092 523 4173 Signum
547 4087 670 4154 domini
694 4085 825 4152 Ottonis
848 4085 911 4165 (M.)
934 4085 1130 4149 serenissimi
1154 4085 1252 4169 regis.

387 4211 477 4275 Brun
500 4206 717 4273 cancellarius
741 4205 890 4270 advicem
912 4203 1074 4269 Fridurici
1098 4203 1349 4289 archicapellani
1371 4205 1559 4288 recognovi.
1843 4202 1949 4285 (SRlu

388 4366 471 4431 Aeta
494 4375 569 4429 sunt
591 4363 651 4427 hec
675 4384 761 4427 anno
784 4361 1020 4425 incarnationis
1043 4359 1190 4423 domini¹¹
1219 4373 1443 4440 cccccxnvn,
1477 4357 1655 4424 indictione
1680 4377 1723 4441 11,
1758 4381 1842 4425 anno
1869 4359 1917 4422 im·

285 4472 364 4559 pierii
384 4470 486 4536 rvrrstri
505 4486 569 4549 xu,
594 4466 654 4531 sub
678 4465 870 4551 pontificatu
895 4462 1016 4528 domini
1032 4452 1202 4525 Benedicti
1218 4481 1303 4545 pape
1326 4461 1381 4545 qui
1404 4471 1538 4543 rogatus
1561 4482 1581 4523 a
1602 4459 1699 4525 nobis
1721 4460 1798 4525 huic
1820 4471 1919 4527 nostre

282 4574 467 4639 rurrrrtoritati
494 4594 586 4637 tuam
610 4592 739 4656 quoque
763 4569 991 4633 auctoritatem
1014 4562 1253 4650 superaddidit,
1288 4561 1486 4628 interdicens
1516 4562 1575 4627 sub
1604 4562 1825 4630 indissolubili
1852 4586 1919 4628 ana-

284 4678 436 4743 thematis
467 4673 596 4738 vinculo
628 4681 692 4737 ne⁰
723 4693 878 4756 umquam
908 4667 1004 4732 huius
1033 4667 1276 4730 constitutionis
1306 4673 1399 4730 carta
1421 4664 1560 4730 violetur
1581 4666 1634 4730 vel
1662 4668 1858 4751 infringatur
1884 4665 1920 4729 ab

282 4782 404 4868 aliquo.
452 4778 569 4843 rictum
592 4779 626 4841 in
650 4775 771 4862 oppido
795 4774 1068 4853 Franconefurtl',
1097 4791 1207 4834 mense
1235 4770 1342 4850 iunio,
1369 4770 1404 4833 in
1426 4770 1570 4834 martirio
1594 4769 1822 4854 apostolorum
1844 4770 1949 4834 Patrio

282 4898 315 4949 at
342 4882 449 4967 l'uuli3
473 4881 620 4947 feliciter.

371 5072 428 5129 tta.
457 5078 485 5140 g)
505 5073 616 5123 Wilrorti
635 5070 664 5121 D
758 5070 802 5130 b)
824 5067 857 5129 0,
885 5068 1002 5118 Gembus
1021 5065 1061 5125 B,
1088 5064 1232 5115 Gemblous
1251 5063 1280 5113 D
1391 5063 1410 5129 i)
1430 5080 1533 5114 camera
1554 5064 1583 5114 D
1694 5065 1723 5123 ls)
1742 5065 1884 5115 advocatus
1900 5063 1925 5114 D

459 5148 477 5203 Ι)
499 5142 555 5205 (II),
574 5142 607 5192 ad
628 5141 701 5190 illum
720 5137 747 5187 B
839 5142 873 5198 m)
893 5142 1000 5186 teneant
1018 5134 1046 5184 D
1138 5134 1164 5195 ιι)
1181 5131 1243 5192 BD,
1263 5132 1439 5198 ‹lominich
1520 5138 1546 5191 o)
1569 5132 1625 5196 01),
1643 5142 1673 5183 ut
1691 5134 1717 5184 Β
1804 5135 1832 5201 p)
1851 5134 1923 5183 Fran·

457 5214 544 5263 culturi
564 5210 597 5263 D.
