4500 6420
927 461 1052 518 ΟΤΤΟ
1075 462 1099 516 Ι.
1123 458 1194 518 965.
1818 448 1883 513 415

1016 643 1091 715 299
1620 674 1643 713 a

248 781 329 859 Ouo
355 781 496 857 sclerum
520 781 591 855 dea
617 781 790 855 Brnderrr
817 782 882 856 der
908 781 1143 855 Morizlcirclre
1169 807 1214 854 ru
1241 780 1466 880 Mapdeburp
1497 780 1567 852 cleo
1602 778 1682 852 Zoll
1713 778 1883 852 crebeberr

239 903 304 977 der
329 901 425 979 Olore
450 902 530 976 aad
555 902 620 976 der
645 901 757 975 Rode.
1422 921 1607 994 Mandatum
1630 921 1692 980 965
1716 919 1786 979 Jan
1808 925 1837 980 9.

344 1094 593 1167 Ortyiualds'plom
615 1095 658 1152 im
679 1094 707 1152 le.
732 1092 934 1153 Steetsarcirr'u
954 1111 994 1151 ru
1016 1094 1121 1153 Berlin
1145 1091 1208 1171 (A).

204 1230 220 1277 o
341 1215 471 1275 Gerclrea
488 1215 550 1275 OD.
574 1214 745 1274 araneae.
769 1218 799 1284 3,
823 1218 864 1274 35
886 1221 921 1272 a⁰
943 1219 960 1274 1
985 1232 1041 1273 eus
1063 1213 1101 1272 A.
1125 1247 1167 1258 -
1189 1214 1317 1272 Bolrmer
1331 1215 1403 1288 Rea.
1419 1218 1491 1274 391.
1515 1248 1557 1258 -
1581 1213 1709 1286 Stumps
1719 1215 1791 1286 Rey.
1808 1216 1881 1272 379.

343 1333 477 1406 Verfasst
499 1334 563 1392 aad
581 1336 767 1408 paririsbea
791 1352 846 1393 ron
874 1334 947 1404 Μ,
982 1334 1101 1392 wclcber
1128 1335 1176 1392 die
1204 1335 1297 1396 duret
1325 1335 1497 1395 Petitdruck
1525 1335 1687 1395 creiehtlich
1713 1334 1883 1407 pemeclrlen

340 1437 445 1497 Stelleu
461 1455 518 1497 aas
536 1438 603 1497 DO.
619 1441 685 1498 298
703 1439 894 1508 mederholte,
918 1437 1049 1512 ruqleiclr
1064 1437 1135 1495 aber
1149 1437 1197 1494 die
1213 1436 1352 1512 Concepte
1366 1438 1492 1496 enarrer
1511 1436 1672 1498 Urkursdrrs
1691 1435 1746 1507 for
1761 1434 1882 1508 Mende·

340 1542 415 1614 burp
437 1542 580 1600 beureria

339 1710 395 1791 (e.)
417 1714 431 1796 ᾗ
453 1711 491 1775 In
513 1712 644 1776 nomine
667 1721 802 1777 sanctae
825 1720 857 1775 et
880 1710 1069 1775 individuae
1090 1711 1255 1775 trinitatis.
1301 1709 1380 1775 Otto
1411 1711 1523 1775 divina
1550 1710 1681 1774 favente
1709 1707 1883 1772 clementia

188 1835 220 1883 10
237 1816 415 1898 imperator
436 1825 605 1900 augustus.
706 1815 787 1882 Cum
811 1816 951 1902 plurima
974 1825 1217 1881 antecessorum
1241 1825 1441 1896 nostrorum,
1476 1816 1708 1898 imperatorum
1730 1809 1883 1875 videlicet

237 1925 432 2001 astragum,
455 1915 469 1998 ξ
492 1918 645 1983 munifica
666 1917 817 2003 largitate
840 1917 989 2002 ecclesiis
1012 1918 1063 1982 dei
1087 1940 1146 2004 pre
1170 1928 1344 2003 augmento
1360 1917 1412 1984 vel
1428 1917 1684 2002 amplificatione
1705 1913 1882 1980 earundem

237 2018 329 2085 utilia
353 2020 448 2085 simul
471 2028 504 2085 et
526 2021 701 2086 commoda
723 2022 788 2086 sint
809 2020 931 2086 collata
954 2020 1110 2104 subsidia,
1133 2021 1220 2086 unde
1244 2031 1276 2086 et
1297 2023 1332 2085 in
1350 2023 1399 2087 sui
1417 2030 1521 2086 status
1537 2017 1772 2105 tranquillitate
1787 2015 1882 2080 robo-

237 2132 348 2187 rentur
365 2134 398 2188 et
416 2123 458 2188 ab
481 2124 671 2188 irruentium
694 2125 897 2188 extrinsecus
921 2123 1167 2188 infestationum
1190 2124 1347 2190 molestiis
1366 2126 1566 2188 muniantur:
1591 2122 1713 2186 idcirco
1738 2129 1883 2201 respectu³

237 2241 342 2292 divinae
366 2243 584 2292 remunerationis
607 2258 638 2292 ac
660 2258 708 2307 pro
731 2243 846 2293 remedio
870 2244 973 2292 animae
995 2248 1101 2293 nostrae
1125 2242 1289 2308 dilectaeque
1312 2245 1433 2309 coniugis
1455 2248 1561 2294 nostrae
1591 2241 1755 2292 athelheidis
1782 2240 1883 2304 filiique

188 2348 318 2399 terrestri
343 2347 472 2395 carissimi
495 2345 615 2408 ottonis,
649 2362 697 2411 pro
720 2350 791 2396 statu
814 2362 919 2412 quoque
942 2348 1016 2412 regni
1039 2346 1081 2396 vel
1104 2348 1205 2411 imperii
1233 2349 1316 2398 nostri
1346 2355 1475 2398 omnem
1502 2332 1666 2397 teloneum
1694 2330 1779 2393 infra
1806 2351 1882 2392 oon·

237 2433 348 2498 finium
371 2456 531 2520 aquarum
555 2459 616 2522 que
639 2444 799 2501 vocantur
822 2434 909 2501 Orae
933 2446 965 2500 et
986 2435 1095 2517 Bode,
1130 2458 1233 2522 usque
1263 2437 1306 2501 ad
1334 2438 1506 2501 terminum
1536 2437 1589 2522 qui
1618 2435 1804 2499 nominatur
1829 2434 1883 2497 via

236 2536 411 2620 Friderici,
447 2538 591 2604 dandum
614 2561 689 2604 cum
713 2538 863 2604 omnibus
885 2540 992 2603 usuris
1015 2538 1066 2602 vel
1093 2540 1253 2604 fructibus
1276 2563 1406 2626 quoquo
1431 2540 1528 2605 modo
1552 2538 1603 2603 vel
1627 2562 1647 2602 a
1670 2540 1801 2621 navigio
1826 2537 1882 2600 ad-

237 2643 339 2704 vectis
358 2640 409 2705 vel
434 2641 587 2727 plaustris
610 2640 663 2707 vel
686 2645 829 2707 carrucis
853 2641 904 2707 vel
928 2642 1186 2729 quibuscumque
1205 2643 1362 2709 vehiculis
1386 2644 1537 2709 adductis
1561 2646 1629 2708 sive
1653 2642 1694 2708 ab
1719 2640 1881 2727 equitibus

237 2742 289 2807 vel
312 2743 475 2828 peditibus
494 2744 546 2809 vel
569 2746 803 2831 cuiuscumque
826 2747 915 2811 modi
938 2758 995 2812 aut
1017 2748 1215 2812 conditionis
1238 2747 1424 2813 bominibus
1448 2744 1751 2833 supervenientibus
1774 2745 1881 2809 allatis

186 2867 219 2913 ao
237 2847 397 2911 mercibus
414 2848 621 2933 acquirendis
636 2848 689 2913 vel
705 2850 907 2933 accipiendis
924 2873 981 2915 seu
1000 2851 1154 2937 quicquid
1172 2850 1331 2916 haetenus
1355 2850 1502 2916 utilitatis
1526 2849 1645 2915 exinde
1668 2849 1711 2913 ad
1733 2859 1882 2912 nostrum

237 2950 402 3036 publicum
425 2955 475 3016 ius
499 2953 659 3036 pertinere
681 2952 871 3031 videbatur,
905 2964 1008 3019 totum
1031 2965 1064 3019 et
1086 2978 1129 3019 ex
1151 2956 1277 3038 integro
1308 2969 1357 3020 deo
1387 2975 1531 3034 sanctoque
1554 2968 1679 3018 Mauritio
1708 2969 1733 3015 in
1757 2965 1881 3030 almada-

236 3071 305 3136 burg
326 3088 342 3118 9
365 3071 498 3120 offerimus
529 3071 738 3121 transfundimus
766 3067 845 3137 atque
874 3072 1002 3122 donamus
1030 3091 1059 3137 s,
1088 3080 1118 3123 ur
1140 3076 1209 3125 servi
1232 3075 1274 3125 dei
1298 3074 1340 3124 die
1363 3079 1492 3140 nocteque
1515 3075 1566 3138 ipsi
1588 3077 1733 3136 sanctoque
1755 3071 1881 3120 Mauritio

236 3173 334 3223 ibidem
362 3173 515 3224 famulaturi
543 3190 592 3238 pro
620 3179 763 3240 nostraque
793 3175 928 3224 dominum
957 3177 1043 3226 salute
1072 3178 1237 3242 deprecaturi
1265 3178 1366 3242 absque
1395 3176 1477 3227 ullius
1499 3193 1602 3241 semper
1624 3159 1881 3224 contradictione

236 3278 263 3326 in
286 3282 443 3341 perpetuum
465 3283 573 3328 teneant
596 3284 622 3328 et
645 3278 800 3342 possideant
821 3285 848 3329 et
870 3280 926 3329 suis
948 3285 979 3329 ut
1000 3281 1108 3330 libuerit
1131 3282 1224 3331 usibus
1246 3281 1400 3346 adiungant.
1445 3281 1481 3329 Et
1503 3285 1533 3330 ut
1553 3265 1617 3329 hoc
1641 3285 1746 3329 nostrae
1769 3280 1882 3328 auctori·

186 3382 219 3429 re
237 3380 299 3427 tatis
321 3374 510 3449 preceptum
533 3395 580 3443 per
598 3395 753 3444 processura
776 3387 922 3446 temporum
945 3383 1077 3432 curricun
1105 3369 1263 3434 inoffenso
1292 3370 1410 3452 iugiter
1431 3378 1544 3433 tenere
1567 3366 1735 3453 perduret,
1770 3375 1881 3430 cartae

235 3467 330 3531 huius
361 3469 603 3553 conscriptione
631 3469 780 3535 roborari
808 3470 961 3557 anulique
990 3489 1072 3537 nostri
1100 3489 1272 3553 impressione
1301 3489 1399 3553 signari
1428 3489 1568 3550 iussimus,
1603 3492 1700 3556 quam
1723 3478 1755 3534 et
1783 3490 1882 3533 manu

237 3573 370 3655 propria
393 3570 507 3635 subtus
529 3571 743 3638 firmavimus.

338 3691 352 3773 Ξ
374 3690 509 3775 Signum
533 3691 644 3758 domni
669 3691 800 3758 Ottcnis
823 3695 887 3775 (M.)
909 3698 1018 3778 magni
1042 3704 1074 3760 et
1096 3696 1301 3761 invictissimi
1324 3696 1530 3781 imperatoris
1554 3696 1730 3780 augusti}

337 3793 546 3875 {Lindolfus
570 3795 784 3860 cancellarius
808 3797 957 3863 advicem
979 3799 1143 3864 Brunonis
1166 3799 1443 3885 archicappellani
1466 3800 1653 3883 recognovi.
1676 3797 1690 3882 ξ
1759 3798 1879 3877 (51.4.)

185 3938 218 3985 30
339 3913 429 3979 Data
447 3932 507 3978 vn.
525 3914 598 3980 idus
621 3916 690 3981 iulii
713 3940 798 3982 anne
823 3917 1005 3983 dominicae
1027 3920 1263 3983 incarnationis
1286 3935 1478 3999 nccccmrv,
1502 3919 1679 3984 indictione
1698 3936 1771 4001 vm,
1795 3940 1880 3982 anno

236 4018 326 4099 regni
350 4016 480 4082 Ottonis
505 4037 589 4101 xxa,
612 4020 737 4103 imperii
762 4020 979 4104 scilicet11113
1003 4032 1113 4088 actum
1134 4022 1380 4107 Magadaburg3
1404 4025 1436 4087 in
1460 4023 1592 4088 domino
1616 4022 1753 4088 feliciter
1775 4044 1881 4086 amen.

1017 4209 1103 4285 300.

246 4341 326 4416 Ouo
352 4343 500 4417 verleibt
525 4343 590 4417 der
616 4345 853 4421 Morizlrirclre
878 4374 923 4420 rra
949 4349 1177 4447 Meqdeburp
1203 4349 1273 4423 ders
1292 4350 1405 4422 Beria
1433 4350 1583 4423 deeelbst
1608 4350 1688 4422 und
1711 4351 1880 4424 verselle-

237 4461 326 4535 dene
353 4463 488 4536 andere
515 4464 709 4540 Vorreclrte.
1422 4488 1608 4563 nlaqdebura
1630 4492 1693 4548 965
1716 4489 1786 4548 Jau'
1808 4495 1836 4548 9.

185 4667 217 4713 35
339 4656 431 4714 Liber
447 4659 528 4729 priv.
551 4675 574 4716 s.
598 4657 745 4716 isaurico
766 4677 823 4717 eus
846 4659 912 4718 dem
933 4660 1020 4719 19ιά6
1041 4661 1090 4720 dee
1112 4666 1163 4721 11.
1181 4661 1233 4720 Ji.
1257 4660 1282 4733 f.
1299 4665 1341 4721 18
1363 4665 1405 4720 im
1427 4662 1454 4721 lr.
1472 4661 1674 4721 Staatsarclrie·
1695 4679 1735 4718 ru
1757 4660 1882 4732 Manne-

338 4761 412 4833 burp
427 4758 485 4838 (0).
510 4794 552 4805 —-
574 4761 793 4835 nlepdeburyer
808 4760 986 4835 Gopialbucls
1001 4764 1052 4824 des
1073 4768 1123 4825 15.
1141 4764 1195 4825 Jlr.
1218 4763 1277 4836 fii
1302 4765 1412 4825 ebrado
1436 4764 1447 4843 (
1478 4762 1500 4841 ).
1524 4797 1566 4807 ——
1586 4765 1722 4822 Vidi-mus
1745 4764 1794 4821 des
1814 4763 1880 4822 Ori-

334 4863 521 4934 piaclorum
545 4864 577 4924 J.
602 4863 734 4936 11391.
758 4862 787 4925 8’
810 4867 918 4926 ebrado
943 4865 954 4945 (
986 4864 1008 4944 ).

343 4982 569 5042 Widulriruled.
585 4985 792 5045 9199999126
815 5004 871 5045 aas
886 4988 918 5044 F
938 5010 979 5039 =
1002 4986 1119 5046 Leaeer
1132 4988 1267 5063 Disqur'e.
1288 4989 1425 5062 stupalee
1439 4989 1546 5048 Susura.
1570 4995 1605 5046 rr⁰
1620 4992 1714 5058 1191,
1740 5013 1778 5040 =
1803 4989 1881 5047 Mei-

339 5086 403 5142 bour
420 5085 472 5145 SS.
491 5091 520 5157 1,
538 5090 609 5157 719,
631 5111 670 5140 .-.
689 5088 792 5161 Luna
806 5089 875 5149 Ra,
893 5084 957 5162 10⁶,
973 5093 1037 5151 346
1056 5097 1091 5149 a⁰
1106 5095 1157 5162 19,
1178 5115 1218 5145 .-.
1237 5093 1412 5152 Buttmann
1431 5092 1530 5153 Grecis.
1549 5093 1576 5151 d.
1595 5092 1681 5151 Sturlt
1696 5092 1882 5165 Mepdeburp

185 5199 218 5245 so
338 5192 367 5257 1,
384 5191 446 5247 381
470 5196 505 5246 72⁰
520 5194 549 5249 3.
574 5222 616 5233 -
639 5192 853 5266 BobmerRey.
870 5197 943 5253 309.
966 5226 1009 5237 -
1032 5193 1160 5269 Stampf
1170 5196 1241 5270 lisy.
1258 5199 1331 5256 380.

342 5309 404 5366 Voa
427 5310 496 5367 LH.
520 5309 647 5381 cersesst
670 5312 735 5370 aad
753 5314 945 5386 pecuniosa.

440 5476 479 5540 In
502 5479 633 5543 nemine
657 5489 769 5566 sancte
793 5490 825 5545 et
847 5482 1014 5568 individue
1037 5485 1200 5550 trinitatis.
1243 5484 1321 5551 Otto
1345 5485 1455 5550 divina
1477 5486 1608 5552 favente
1630 5486 1803 5552 clementia
1825 5488 1882 5552 im·

235 5588 367 5661 perator
396 5589 566 5664 augustus.
666 5582 831 5663 Quoniam
858 5587 946 5670 regie
969 5586 1021 5651 vel
1049 5589 1256 5674 imperatorii}
1284 5590 1454 5674 dignitatis
1478 5590 1623 5655 officium
1645 5612 1716 5654 esse
1739 5600 1880 5675 constat,

321 5731 380 5785 m.
410 5732 518 5802 [Siclrel]
623 5740 649 5800 a)
670 5744 711 5789 ect
729 5755 794 5789 cerr.
812 5754 860 5790 cua
878 5746 912 5791 et.
