4298 6414
956 461 1079 520 ΟΤΤΟ
1103 464 1126 517 Ι.
1151 459 1223 519 956.
1846 452 1909 517 263

372 644 429 705 teir
449 643 508 702 den
529 643 687 704 Eindrnet
708 645 823 704 andern
841 646 1060 704 Vornrkonden
1080 646 1338 718 ιιιιιιιιιιιιιιιι
1359 663 1400 704 en
1421 648 1495 714 sein,
1525 645 1594 704 does
1616 645 1678 703 siet
1699 644 1751 702 der
1772 643 1910 703 Dictator

370 747 453 806 non
475 746 553 805 eoird
574 748 746 807 amimam
767 748 871 819 tossen,
895 748 959 807 and
981 766 1086 808 ausser
1106 749 1272 807 oertorenen
1287 748 1357 807 DD.
1374 766 1431 807 oon
1444 746 1560 818 Arroott'
1571 748 1634 806 rard
1649 748 1792 806 Heinrich
1806 753 1909 820 menen

369 851 437 909 na
463 850 559 909 andro
585 854 660 911 etroo
685 852 763 911 anet
788 869 845 911 oon
872 851 1002 924 Ιιιᾱιιὶι
1017 859 1074 912 ΙΙΙ.
1099 850 1134 930 (s,
1159 852 1304 911 thmon
1326 851 1429 922 Weets.
1453 851 1524 912 ΚΠ.
1549 856 1578 922 1,
1601 850 1677 929 226)
1704 853 1768 909 bier
1790 853 1908 910 bmntet

367 952 481 1012 eaden
507 954 581 1012 san.
626 954 667 1012 In
694 953 919 1028 Etmonoclomy
947 954 1095 1014 derselben
1124 955 1199 1012 niret
1228 956 1290 1013 siole
1317 954 1365 1012 die
1396 954 1563 1013 Gesctielrte
1591 954 1642 1012 der
1670 955 1821 1012 einzelnen
1849 954 1907 1012 Be·

362 1058 519 1129 siteunoen
540 1056 591 1115 des
613 1057 755 1120 Klosters,
769 1059 848 1116 nield
870 1059 953 1116 rneler
974 1060 1019 1116 bis
1041 1061 1075 1116 o'n
1090 1058 1173 1130 jedes
1195 1058 1297 1116 Detoit
1319 1057 1484 1127 onfkltren
1512 1058 1624 1128 tossen
1654 1060 1709 1116 wie
1731 1074 1759 1115 es
1782 1075 1834 1115 nne
1856 1057 1910 1114 der

361 1163 498 1232 ιιιιιιιιιι
521 1158 686 1234 Sedecim
712 1160 764 1219 der
789 1161 887 1220 eebten
912 1161 976 1219 ond
1001 1162 1144 1220 nneehten
1172 1161 1333 1220 Urlrnnden
1358 1161 1454 1220 dieser
1478 1160 1603 1233 eropon
1628 1160 1725 1218 rendere
1746 1160 1909 1218 erarunolrt

361 1268 451 1321 were.

361 1466 399 1546 (O
401 1465 520 1549 )ξΙιι
542 1467 672 1532 nomine
695 1476 828 1531 sanctae
851 1475 883 1530 et
905 1466 1093 1531 individuae
1115 1468 1280 1532 trinitatis
1315 1465 1393 1533 Otto
1417 1467 1468 1531 dei
1491 1476 1563 1551 grat
1565 1468 1597 1529 ia
1619 1489 1688 1531 rex.
1786 1467 1908 1532 Notum

245 1569 282 1631 eit
315 1570 427 1653 igitur
450 1569 601 1635 omnibus
622 1568 774 1635 fidelibus
796 1571 915 1635 nostris
938 1571 1163 1655 praesentibus
1188 1571 1312 1635 scilicet
1333 1582 1366 1635 et
1386 1571 1436 1634 fut
1423 1573 1520 1653 turis,
1555 1570 1719 1657 quomodo
1744 1570 1908 1636 Liutolfus

207 1679 230 1727 10
241 1691 405 1753 proavus
432 1670 545 1738 hoster
573 1672 641 1738 dux
670 1669 839 1738 Saxonum
859 1669 874 1753 ι
896 1671 1078 1758 quoddam
1091 1683 1220 1738 monast
1222 1675 1324 1738 erium
1352 1675 1385 1738 in
1410 1673 1484 1738 loco
1509 1621 1766 1738 bandereebeim
1787 1697 1908 1740 noncu-

239 1781 327 1855 pato
361 1778 547 1841 construxit
569 1798 644 1841 eum
665 1774 844 1839 venerabili
868 1777 936 1839 eius
960 1777 1097 1860 coniuge
1122 1775 1196 1860 Ota,
1220 1776 1464 1862 primordium
1456 1779 1515 1861 rgit
1515 1801 1554 1842 ur
1502 1778 1720 1843 taiusdem
1744 1788 1909 1843 consauc-

238 1874 358 1940 tionis
378 1877 542 1943 affirmans
557 1901 633 1945 cnm
646 1878 739 1943 filia*
760 1878 834 1943 velo
857 1889 1049 1944 consecrata
1072 1903 1171 1966 quam
1194 1880 1246 1944 dei
1269 1882 1399 1944 servitio
1424 1880 1545 1945 ibidem
1566 1884 1776 1966 mancipavit,
1800 1855 1910 1946 simul·

238 1996 305 2059 que
347 2003 427 2046 cum
455 2005 495 2048 ea
524 1982 656 2049 uadens
687 1982 772 2047 dotis
801 1985 933 2048 nomine
964 1984 1118 2069 quicquid
1145 1983 1270 2070 praedii
1298 1982 1447 2049 habuit
1439 2008 1472 2048 m
1495 1983 1773 2049 Gandareshemia
1796 2008 1909 2051 marcu

239 2085 268 2139 et
294 2081 345 2146 in
374 2085 661 2152 Riudieramarcu
684 2088 772 2150 etin
794 2085 949 2169 Aluunga
970 2108 1082 2151 marcu
1106 2095 1137 2150 et
1160 2089 1192 2149 in
1216 2085 1397 2150 Latheriab
1425 2110 1547 2152 marcu.
1591 2088 1770 2173 Postquam
1800 2100 1909 2152 autem

206 2195 228 2240 ιι
240 2200 457 2255 memoratus
481 2190 549 2255 dux
572 2192 725 2276 migravit
747 2213 767 2253 a
791 2189 899 2255 seculo
924 2191 1058 2275 eiusque
1080 2188 1276 2254 venerabilis
1300 2192 1442 2255 coniunx
1465 2191 1601 2255 viduata
1623 2193 1794 2274 remansit,
1828 2191 1911 2255 filiis

242 2302 376 2358 torum
397 2293 495 2360 duces
518 2310 592 2359 Brun
615 2315 642 2359 ιι
664 2309 726 2360 Otto
750 2292 900 2357 adierunt
922 2291 1152 2356 Ludouuicum
1173 2291 1393 2356 venerabilem
1419 2315 1529 2377 regem
1552 2294 1606 2380 qui
1630 2315 1774 2358 sororem
1796 2316 1909 2358 eorum

246 2382 290 2447 ab
322 2399 378 2460 eis
397 2399 430 2461 in
453 2399 696 2475 matrimonium
719 2407 910 2481 acceperat,
945 2405 977 2460 et
999 2410 1165 2460 tradiderunt
1193 2397 1222 2459 ei
1251 2403 1563 2481 supramemoratum
1589 2414 1777 2462 monasterium
1799 2430 1815 2461 ι
1837 2413 1909 2478 quod

248 2497 369 2564 Limon
390 2517 494 2581 genitor
523 2532 614 2566 eorum
642 2518 763 2581 inprimis
792 2515 914 2581 edificare
943 2516 1046 2579 coepit,
1081 2521 1155 2564 cum
1184 2498 1334 2564 omnibus
1365 2531 1416 2580 quc
1439 2515 1473 2563 ad
1495 2514 1564 2564 idem
1587 2517 1775 2566 monasterium
1797 2519 1854 2567 iure
1877 2532 1909 2566 ae

250 2597 379 2670 le&stirne
399 2621 532 2683 pertinere
554 2620 685 2684 videntur,
709 2638 725 2669 ιι
748 2636 779 2670 ιο
801 2619 926 2669 videlicet
947 2619 1058 2668 rationis
1081 2623 1172 2667 tenore
1195 2623 1225 2666 ut
1246 2617 1395 2682 praefatum
1417 2620 1606 2668 monasterium
1629 2620 1702 2685 regio
1725 2619 1909 2670 sublevaretur

215 2697 240 2744 ²⁰
253 2716 405 2773 munimine
434 2728 461 2774 et
489 2705 730 2774 sanctimonialesd
757 2723 854 2788 femine
882 2722 981 2772 ibidem
1010 2722 1059 2772 deo
1089 2722 1249 2772 famulantes
1277 2723 1305 2771 in
1334 2708 1402 2771 eius
1426 2716 1458 2770 et
1481 2707 1635 2794 deinceps
1666 2707 1908 2773 succedentium

255 2819 437 2877 eomitterem
464 2829 613 2892 patrocinio
641 2820 789 2896 ιιςιιιιι.Θ
834 2810 932 2891 Quod
953 2810 1007 2874 ille
1030 2809 1225 2874 desiderium
1248 2819 1414 2895 gratanter
1436 2813 1564 2896 accepit
1593 2820 1691 2896 atque
1714 2813 1909 2876 auctoritate

256 2912 364 2996 registi
391 2919 570 2999 concessit,
602 2913 735 2981 easdem
764 2929 979 2980 sanctimoniales
1001 2946 1017 2977 ιι
1039 2934 1197 2995 potestatem
1225 2930 1323 2980 habere
1352 2931 1421 2979 inter
1443 2928 1503 2978 illas
1526 2943 1719 2994 quamcumque
1741 2930 1841 2980 vellent
1863 2931 1908 2981 eli-

255 3024 337 3095 ἓθιι,
352 3051 368 3082 ι
384 3040 410 3085 ιι
431 3035 587 3086 electionem
605 3035 679 3085 nullo
699 3036 871 3100 inquietante,
895 3033 941 3083 sed
964 3017 1209 3103 imperialit
1147 3048 1197 3082 auc
1199 3035 1305 3083 toritate
1327 3049 1371 3084 eas
1394 3037 1549 3098 protegente
1571 3049 1618 3098 per
1641 3041 1737 3084 cuncta
1759 3035 1908 3085 seculorum

206 3129 393 3240 sesmaria
414 3136 516 3187 firmam
539 3142 566 3188 ιι
586 3137 770 3188 inviolabilem
792 3142 914 3200 teneant3
946 3121 1063 3185 deinde
1093 3123 1255 3186 concessit
1285 3143 1395 3185 omnes
1423 3130 1621 3185 mercatores
1644 3144 1664 3186 a
1686 3123 1776 3187 Reno
1805 3145 1908 3208 usque

206 3192 453 3289 5ἔὶιιιιιιιιιιιιι
472 3235 504 3289 ιι
522 3224 597 3290 Sale
620 3234 838 3290 transeuntes
847 3223 891 3287 ad
913 3248 991 3290 usus
1016 3223 1312 3288 sanctimonialium
1335 3222 1380 3287 ibi
1404 3224 1591 3307 degentium
1613 3247 1746 3290 censum
1767 3225 1908 3289 thelonei

255 3326 457 3406 Iaersolvere.
499 3328 619 3394 Postea
640 3351 718 3393 vero
741 3327 877 3392 tradidit
900 3328 943 3391 ad
967 3350 1064 3412 saepe
1087 3327 1154 3391 dict
1141 3335 1209 3390 tum
1231 3329 1494 3392 monasterium
1486 3359 1515 3392 m
1537 3358 1606 3408 pago
1628 3345 1674 3408 qui
1696 3349 1808 3394 vocam
1831 3344 1908 3393 Seth

258 3438 399 3511 ὶιιιιιιςιι,
428 3448 456 3495 in
479 3447 607 3497 comitatu
628 3431 828 3497 Vuillihelmi
854 3430 1008 3516 quicquid
1036 3428 1151 3493 habuit
1173 3430 1207 3493 in
1228 3446 1376 3495 Tenuisteti
1399 3451 1426 3496 et
1447 3448 1475 3495 in
1497 3464 1513 3494 ιι
1535 3447 1630 3496 Heriki
1652 3442 1685 3495 ct
1705 3434 1739 3496 in
1761 3431 1908 3495 Blidcru·

260 3534 345 3615 steti,
369 3555 408 3598 ac
424 3532 541 3598 deinde
558 3534 684 3599 dotavit
699 3533 918 3599 venerabilem
935 3554 1064 3597 socrum
1080 3553 1173 3596 suam
1190 3529 1288 3595 Otam
1306 3531 1391 3618 quef
1410 3532 1579 3598 fundatrix
1595 3535 1703 3598 extitit
1721 3535 1907 3598 monasterii

264 3647 337 3720 poet
358 3638 482 3703 obitum
506 3641 642 3704 senioris
666 3640 761 3704 eiusg
783 3636 928 3716 Liutolfi,
951 3635 1083 3700 uadens
1107 3637 1136 3699 ei
1159 3637 1192 3698 ιιι
1214 3657 1300 3721 pago
1316 3635 1573 3721 Norththuringa
1591 3636 1677 3700 dicto
1697 3639 1730 3700 in
1752 3638 1909 3701 comitatu

264 3739 480 3807 Theodericih
501 3744 535 3806 in
557 3743 631 3809 loco
656 3744 711 3829 qui
734 3742 852 3808 dieitur
874 3741 1067 3808 Uuanzleua
1088 3750 1299 3825 noneunpato
1313 3739 1330 3824 ἰ,
1354 3741 1500 3827 quandiu
1523 3752 1685 3826 superstes
1708 3744 1741 3806 in
1763 3742 1826 3807 hac
1840 3745 1908 3807 vita

265 3847 486 3925 remansisset3
512 3856 587 3932 pest
611 3845 734 3912 ebitum
756 3870 833 3911 vero
857 3849 926 3911 eius
950 3844 1074 3930 absque
1097 3843 1355 3908 contradictione
1378 3843 1533 3909 heredum
1556 3847 1624 3909 eius
1647 3847 1809 3910 concessit
1831 3869 1909 3910 auc·

264 3945 416 4013 ιοιιιιιιι1ῐ
436 3948 538 4032 regali
562 3949 701 4014 eandem
722 3950 935 4015 hereditatem
958 3951 1026 4013 iure
1049 3949 1182 4032 perenni
1207 3951 1402 4012 monasterio
1421 3951 1455 4013 ιιι
1474 3950 1707 4034 proprietatem
1729 3981 1776 4029 pro
1792 3965 1908 4016 remedio

264 4069 407 4118 animarum
434 4069 613 4133 piissimorum
635 4074 832 4120 antecessorum
845 4075 1028 4135 augustorum
1052 4073 1079 4117 et
1100 4068 1134 4117 ob
1157 4053 1226 4114 cius
1250 4060 1378 4116 mercedis
1401 4072 1571 4133 augmentum
1594 4084 1643 4118 neo
1664 4084 1717 4117 non
1740 4084 1788 4133 pro
1811 4057 1909 4118 dilecta

264 4172 374 4237 coniuge
389 4179 450 4221 sua
464 4153 640 4238 Ιιιιιιςιιιιι.1
673 4157 780 4221 Huius
802 4159 899 4241 igitur
921 4152 1099 4218 venerabili
1123 4153 1273 4237 exemplo
1297 4163 1495 4237 provocatus
1513 4153 1670 4218 Arnolfus
1692 4177 1751 4218 rex
1773 4153 1908 4221 tradidit

206 4255 245 4310 ὅ
264 4256 305 4323 ad
332 4259 420 4324 idem
448 4263 681 4326 monasterium
708 4263 743 4325 in
770 4260 963 4325 beneficium
991 4280 1050 4344 per
1077 4258 1292 4322 interventum
1321 4258 1467 4339 coniugis
1500 4277 1556 4319 sue
1580 4254 1664 4320 Otae
1692 4279 1752 4321 nec
1780 4279 1847 4322 non
1875 4268 1908 4323 et

263 4361 454 4447 Hildigarde
475 4364 683 4430 venerandae
705 4366 812 4450 neptis
835 4365 904 4427 eius
932 4365 966 4427 in
995 4361 1206 4428 elemosinam
1230 4361 1304 4446 dive
1328 4362 1502 4425 memoriae
1524 4362 1577 4424 avi
1602 4359 1700 4426 suaei
1723 4362 1907 4445 Ludouuici

263 4467 345 4549 rogis
373 4467 594 4552 genitorisque
622 4468 691 4529 eius
713 4465 928 4530 Karlomanni
950 4466 1036 4549 regis
1065 4487 1126 4529 nec
1153 4488 1219 4529 non
1241 4488 1300 4550 pro
1324 4464 1586 4530 beatissimorum
1608 4486 1731 4548 regum,
1755 4465 1907 4530 videlicet

263 4566 446 4633 Lndeuuici
470 4578 502 4632 et
523 4568 638 4633 Karoli
662 4577 852 4653 patruorum
875 4569 955 4650 eius,
980 4571 1291 4633 commemoratione
1314 4571 1486 4655 animeque
1508 4571 1577 4632 eius
1597 4567 1740 4632 remedio
1763 4568 1807 4632 ad
1829 4591 1908 4633 usus

264 4670 454 4736 ancillarum
478 4671 529 4735 dei
553 4670 673 4736 ibidem
696 4671 828 4735 domino
853 4673 1040 4756 sanctisque
1063 4673 1131 4735 eius
1153 4664 1297 4736 divinam
1320 4673 1508 4758 obsequiam
1531 4671 1583 4736 die
1606 4682 1768 4757 noctuque
1787 4671 1908 4757 persol-

206 4777 248 4832 ιι)
262 4775 407 4840 vantium
431 4775 585 4861 quicquid
609 4774 723 4840 habuit
750 4776 784 4838 in
806 4771 899 4838 Cruit
921 4783 954 4837 et
975 4775 1008 4836 in
1032 4772 1239 4839 Oalechheim
1262 4779 1350 4840 etin
1372 4774 1529 4840 Hliurithi
1551 4776 1585 4838 in
1607 4776 1763 4839 comitatu
1785 4775 1905 4839 Irmen-

264 4877 347 4944 fiidi.
381 4876 509 4943 Deinde
532 4878 665 4943 tradidit
680 4877 758 4943 Otto
783 4877 852 4941 dux
874 4880 907 4942 in
930 4877 1128 4942 Hullansteti
1151 4889 1184 4944 et
1206 4880 1379 4945 Heinricus
1402 4903 1462 4944 rex
1485 4878 1619 4943 tradidit
1642 4882 1675 4943 in
1689 4877 1907 4943 Veltbecchi¹¹

264 4990 296 5044 et
321 4983 356 5045 in
385 4980 596 5046 Herrihuson.
624 5017 667 5028 —
695 4981 787 5046 Haec
815 4983 914 5066 igiter
943 4984 1052 5045 omnia
1080 5003 1142 5066 que
1172 4986 1336 5068 praesenti
1366 4986 1487 5069 scripto
1511 4984 1717 5046 continentur
1739 5002 1906 5067 concessa,

263 5107 328 5151 non
350 5093 478 5149 tantum
499 5086 693 5150 auctoritate
714 5085 817 5170 regali
840 5084 1064 5164 concedimus,
1100 5085 1158 5149 sed
1186 5108 1260 5150 cum
1287 5087 1338 5152 bis
1361 5088 1479 5172 quein
1502 5085 1772 5150 Mundilincheim
1793 5084 1906 5150 habui-

263 5210 352 5271 mus,
385 5198 642 5272 augmentamus.
686 5189 730 5253 Ei
752 5206 774 5254 si
797 5220 911 5270 persona
932 5204 1051 5270 quelibet
1072 5210 1238 5269 posterorum
1260 5211 1409 5256 nostrorum
1430 5190 1484 5255 vel
1512 5191 1667 5270 aliorum,
1701 5203 1772 5269 quod
1800 5207 1907 5256 minima

218 5373 249 5421 ⁴5
352 5374 409 5431 lffl.
437 5375 531 5446 [Folia]
627 5379 653 5440 a)
673 5394 738 5428 corr.
756 5393 803 5427 aas
820 5378 874 5428 filio
971 5379 999 5441 b)
1018 5378 1068 5429 doe
1085 5385 1149 5429 erote
1167 5394 1184 5429 a
1201 5395 1267 5430 corr.
1285 5395 1366 5429 αιιιο
1462 5380 1485 5440 c)
1505 5379 1598 5429 ioorr.
1617 5395 1665 5428 orer
1682 5393 1700 5427 ι
1795 5377 1824 5443 d)
1842 5382 1908 5428 seim

436 5463 502 5500 corr.
519 5465 568 5498 ora
585 5449 648 5499 scffi
735 5447 761 5513 e)
773 5446 843 5513 folpt
861 5446 944 5497 kleino
961 5447 1049 5499 Ranae
1134 5449 1155 5510 ι)
1175 5449 1228 5512 aec*
1238 5448 1335 5510 Rumor,
1353 5447 1439 5497 ιιιιιιιιι
1456 5446 1511 5499 Le.
1528 5448 1619 5499 beroia
1636 5448 1686 5498 der
1698 5446 1821 5515 jolqrnde
1838 5446 1908 5497 Wort

435 5532 467 5566 aa
487 5516 618 5568 ιιιιιιόιιι
639 5517 768 5582 conamen
789 5516 857 5567 batte
968 5518 995 5583 g)
1016 5519 1117 5569 obitum
1139 5534 1160 5567 s.
1184 5520 1241 5567 eius
1264 5515 1318 5579 oros
1333 5515 1422 5567 aaron
1531 5517 1558 5578 h)
1578 5516 1653 5567 Theo
1676 5533 1742 5568 corr.
1764 5533 1812 5567 one
1838 5516 1907 5567 Thio

434 5586 455 5647 i)
472 5584 500 5641 A
597 5587 626 5649 k)
646 5602 680 5637 au
703 5601 769 5638 corr.
786 5603 834 5636 aas
855 5601 887 5635 ac
983 5586 1001 5647 l)
1021 5588 1050 5636 in
1067 5584 1146 5651 Folqe
1162 5602 1212 5636 oon
1232 5584 1365 5636 Uorreetar
1382 5583 1750 5635 ammoneremus.
1767 5586 1816 5635 soto
1833 5585 1907 5648 oben,

435 5655 498 5706 oda·
472 5653 738 5788 0011ἱιόωίΙῙιδίιιιιιςιιιιιι
758 5655 858 5721 yolum
880 5654 983 5707 wadon
1002 5655 1052 5706 roll
1155 5656 1192 5716 ιιι)
1211 5670 1229 5704 a
1251 5669 1317 5704 corr.
1334 5669 1382 5704 αιιι
1405 5671 1420 5704 o
1524 5655 1553 5715 ιι)
1572 5654 1651 5719 cquid
1673 5654 1818 5705 habuit-
1835 5655 1908 5706 Valt-

436 5725 471 5777 be
521 5726 528 5738 '
610 5724 706 5777 Boenr.
