4298 6414
219 448 283 516 588
815 457 1268 517 KAISERURKUNDEN.

220 649 281 705 tur.
318 638 460 705 Proinde
482 637 546 705 hoc
569 648 700 705 nostrae
723 640 906 705 autoritatis
929 648 1142 725 praeceptum
1164 637 1352 727 praedictae
1375 639 1568 705 abbatissae
1590 639 1744 706 conscribi
1760 644 1826 710 iussi·

220 763 291 807 mus
314 763 372 826 per
396 741 483 827 quod
506 741 710 807 decernimus
733 750 831 828 atque
853 741 1011 825 iubemus,
1035 751 1070 806 ut
1092 740 1199 807 nullus
1222 765 1265 807 ex
1286 742 1460 808 iudiciaria
1477 752 1641 828 potestate
1658 743 1690 808 in
1706 744 1827 813 ecclesias

220 854 277 909 aut
304 844 379 910 loca
406 853 463 910 aut
491 864 589 928 agros
618 866 675 909 seu
703 844 845 929 reliquas
874 846 1099 929 possessiones
1129 865 1211 930 quas
1237 867 1324 911 nunc
1353 845 1502 931 possidet
1523 845 1578 910 vel
1602 868 1683 932 quae
1709 845 1827 936 deinceps

220 951 319 1014 etiam
341 950 412 1013 iura
434 951 503 1013 eius
526 947 638 1013 divina
659 949 765 1033 pietas
788 949 900 1032 augeri
922 947 1070 1030 voluerit,
1094 947 1138 1013 ad
1159 969 1280 1014 causas
1303 950 1474 1016 iudiciario
1496 970 1589 1014 more
1612 948 1777 1016 audiendas
1791 955 1827 1019 tel

220 1051 318 1117 lenda
341 1050 503 1136 exigenda
526 1051 578 1115 vel
600 1049 748 1116 homines
771 1049 929 1115 ecclesiae
956 1050 1196 1136 distringendos
1219 1052 1271 1117 vel
1300 1051 1382 1118 alias
1409 1052 1586 1119 inusitatas
1617 1075 1729 1119 causas
1752 1060 1850 1144 requi-t

220 1154 339 1219 rendas
363 1152 429 1218 ullo
453 1174 599 1239 unquam
620 1161 767 1238 tempore
790 1152 914 1236 ingredi
938 1152 1059 1218 audeat
1073 1152 1126 1217 vel
1148 1175 1188 1218 ea
1207 1176 1291 1241 quae
1314 1174 1414 1238 supra
1434 1163 1618 1218 memorata
1642 1163 1713 1220 sunt
1731 1157 1829 1240 exigere

219 1266 417 1342 praesumat.
461 1256 506 1321 Et
527 1265 563 1321 ut
582 1255 666 1320 haec
688 1265 819 1321 nostrae
842 1258 1067 1321 consensionis
1090 1259 1269 1322 auctoritas
1291 1255 1472 1342 pleniorem
1500 1258 1534 1321 in
1558 1256 1611 1321 dei
1634 1258 1755 1322 nomine
1773 1258 1830 1324 obti-

158 1438 161 1443 ,
220 1369 297 1426 neat
318 1359 514 1442 firmitatem,
538 1381 637 1423 manu
659 1361 792 1444 propria
816 1357 925 1422 subter
948 1381 1020 1423 eam
1042 1358 1244 1425 firmavimus
1262 1370 1294 1425 et
1313 1357 1424 1425 annuli
1440 1360 1544 1424 nostri
1559 1360 1763 1444 impressione
1774 1363 1831 1427 assi·

221 1485 315 1548 gnam
337 1483 502 1527 russrmus.

324 1598 475 1683 Sigillum
499 1596 630 1663 Ottonis
653 1597 739 1681 regis
762 1598 825 1678 (M.)
1845 1612 1866 1660 ιι

324 1702 435 1767 Bruno
459 1699 673 1766 cancellarius
696 1700 845 1766 advicem
867 1700 1024 1766 Friderici
1048 1699 1512 1788 archicapellani'recognovi.

325 1838 415 1903 Data
437 1856 509 1902 xvl.
532 1836 594 1902 cal.
619 1837 699 1902 febr.
722 1859 808 1902 anno
833 1837 1016 1903 dominicae
1044 1839 1279 1905 incarnationis
1308 1856 1434 1923 ncccc,
1464 1839 1646 1907 indictione
1669 1857 1746 1922 x111,
1770 1862 1834 1905 anno

221 1943 313 2026 regni
337 1940 468 2007 Ottonis
487 1959 527 2025 νς
551 1951 661 2007 actum
682 1941 883 2027 Mogoncae;
905 1944 939 2007 in
963 1940 1082 2008 Christi
1105 1944 1237 2009 nomine
1258 1941 1397 2009 feliciter
1419 1955 1552 2009 amen·

999 2182 1086 2256 tao.

956 2340 1132 2418 (Uaeclst.)
1853 2362 1873 2408 ιι

232 2473 312 2549 Otto
340 2475 500 2573 bestlitc'pt
526 2473 605 2548 dem
625 2474 769 2549 Klostcr
793 2476 915 2550 Foeda
938 2476 1008 2549 den
1026 2474 1145 2548 Besitz
1162 2474 1228 2548 der
1243 2477 1464 2550 consciarum
1486 2476 1700 2576 Vorpdaper
1718 2477 1842 2576 Ludwig

224 2595 294 2668 deu
312 2592 574 2669 Sdtolustdtern
597 2595 656 2668 cles
674 2593 797 2695 Sufes
819 2597 1080 2694 zupewt'escttcn
1098 2595 1306 2670 Facultates
1332 2596 1413 2669 read
1436 2597 1585 2670 varles'bt
1609 2597 1762 2695 zuplcidt
1784 2598 1842 2671 deu

226 2715 371 2789 Kloster
397 2714 610 2787 Immuaitu't
634 2715 715 2788 aad
739 2716 875 2789 audere
901 2716 1038 2789 Reclttc.
1333 2735 1508 2808 Frankfurt
1531 2739 1596 2797 940
1619 2737 1774 2797 December
1791 2744 1815 2796 1.

328 2941 469 3003 Urlcuudc
489 2959 547 3002 aue
570 2941 622 3001 der
637 2942 790 3002 Miltodes
805 2947 856 3003 13.
873 2942 926 3002 Jls.
943 2945 976 3001 ia
990 2942 1194 3015 Deplomform
1208 2944 1251 3002 im
1265 2943 1292 3002 lt.
1311 2942 1513 3003 Stoutsmcbio
1526 2961 1567 3002 aa
1582 2943 1734 3017 Morbum
1747 2942 1799 3022 (A).
1817 2975 1847 2985 —

328 3046 533 3120 Gleichaeitiqe
555 3045 644 3120 Copia
665 3045 807 3124 abendo(
836 3045 856 3123 ).
1859 3057 1880 3105 tt

325 3201 475 3264 Sobaauut
498 3201 577 3261 Hist.
601 3200 692 3260 Fuld.
716 3205 747 3271 2,
771 3203 833 3261 145
856 3207 890 3259 a⁰
913 3203 952 3260 31
978 3218 1035 3261 uus
1058 3200 1095 3260 A.
1119 3235 1161 3244 —
1183 3199 1304 3260 Droabe
1328 3199 1390 3260 01).
1414 3200 1504 3261 Fata
1529 3204 1595 3262 317
1617 3208 1652 3260 a⁰
1676 3204 1737 3262 684
1764 3199 1850 3259 ousl

326 3305 392 3384 (voa
406 3304 527 3364 Droakc
541 3304 586 3363 uls
604 3304 693 3377 Copte
708 3304 758 3363 (les
778 3309 829 3364 11.
846 3304 900 3364 Jb.
924 3304 1106 3384 bezeichnet).
1128 3337 1170 3347 -
1194 3304 1323 3363 Bobmer
1337 3305 1410 3378 Rea.
1427 3306 1498 3364 105.
1523 3337 1565 3347 -—
1588 3304 1721 3378 Stampf
1731 3305 1796 3378 Ru.
1813 3307 1851 3364 93.

334 3461 397 3522 Wic
425 3460 452 3517 Α
480 3459 545 3517 aad
572 3459 626 3518 dus
654 3459 755 3518 ditestc
784 3460 947 3532 Exemplar
976 3459 1024 3518 des
1051 3459 1092 3517 D.
1116 3475 1200 3532 spur.
1224 3458 1369 3518 Heinrich
1386 3466 1428 3518 ΙΙ.
1458 3457 1854 3533 StampsBep.1569sos

324 3565 450 3640 pleicber
471 3563 564 3623 Haud
588 3564 773 3636 aeschriebea
799 3563 883 3633 siud,
913 3581 945 3623 so
967 3565 1073 3623 weisea
1094 3564 1171 3622 uuolt
1192 3563 1293 3622 Inbolt
1314 3562 1380 3621 aad
1400 3563 1541 3636 Fassuny
1569 3561 1634 3634 auf
1655 3564 1856 3636 gemursam

329 3671 485 3742 Ursprwu
507 3669 568 3726 bia.
607 3667 701 3726 Beide
721 3684 778 3725 uon
800 3666 959 3726 Eberhard
980 3667 1053 3725 acob
1073 3666 1155 3724 nicht
1174 3665 1327 3739 pekutmte,
1356 3665 1485 3740 dopepen
1506 3667 1549 3723 im
1572 3665 1605 3725 J.
1622 3669 1709 3726 1289
1732 3682 1785 3724 rurs
1804 3666 1889 3724 Raeto

326 3771 395 3843 dolf
410 3782 433 3831 Ι.
457 3768 597 3847 (Bobmer
618 3770 688 3842 Rep.
714 3769 788 3847 987)
811 3771 961 3844 bestdtipte
981 3769 1191 3842 decbmapea
1211 3769 1281 3828 sind
1301 3769 1358 3827 deu
1372 3775 1514 3828 demereri
1529 3768 1720 3827 Merkmalea
1732 3770 1804 3828 eracl
1817 3784 1858 3826 aa

327 3876 374 3934 die
388 3875 478 3933 Mitte
493 3873 542 3932 des
564 3877 615 3932 13.
632 3872 659 3932 J
658 3875 686 3933 b.
708 3873 889 3933 eatstuadea.
923 3874 987 3932 Der
1001 3873 1143 3933 Fdlscber
1163 3875 1242 3933 butte
1257 3873 1421 3932 Keaataiss
1436 3890 1492 3932 eun
1507 3872 1573 3932 dem
1587 3873 1628 3932 D.
1645 3890 1730 3946 spur.
1747 3871 1860 3944 Iatdur'u

327 3979 376 4038 des
398 3977 565 4037 Deutscben
586 3975 718 4054 (Droake
737 3980 800 4037 249
818 3983 852 4034 πθ
871 3976 945 4055 556)
968 3979 1033 4036 carad
1055 3979 1189 4037 henoteta
1213 3977 1378 4037 Ottonisebe
1399 3975 1560 4037 Urkuudeu
1582 3974 1797 4054 (insbesondere
1815 3974 1861 4044 sur

328 4084 383 4141 olus
398 4083 545 4142 Protolcoll
562 4082 703 4141 vielleicbt
725 4080 897 4159 D0.160),
920 4081 1059 4141 verstond
1081 4083 1152 4141 uber
1172 4083 1252 4141 aiobt
1275 4081 1363 4139 deren
1379 4079 1437 4140 Stil
1457 4081 1682 4139 aochauobmea
1704 4080 1769 4139 arrd
1788 4078 1861 4150 tlorlt

291 4208 295 4215 ·
328 4185 461 4244 llberdies
476 4189 536 4244 erst
554 4185 610 4243 dea
624 4188 762 4257 spoterea
777 4183 1021 4242 Jatrhamderten
1035 4184 1209 4257 αιιρειὸνίρε
1224 4183 1400 4243 Ausdritclre
1416 4184 1479 4242 aad
1494 4183 1742 4256 Bcetimmuayea
1757 4184 1810 4241 eia.
1827 4191 1896 4240 -tt

330 4289 392 4348 Voa
415 4289 466 4347 cler
488 4306 538 4347 am
561 4288 679 4348 Scltluss
698 4288 859 4361 uolutatus
880 4285 1034 4359 Abscbrift
1056 4287 1085 4346 B
1106 4289 1146 4346 ist
1167 4288 1240 4358 bier,
1264 4287 1304 4346 du
1326 4289 1369 4346 sie
1386 4287 1521 4362 ledr'plicb
1537 4304 1595 4347 aas
1612 4287 1640 4344 A
1660 4288 1802 4361 petioesea
1822 4286 1862 4354 ist,

326 4409 404 4466 putta
426 4392 584 4464 acueretur
606 4390 732 4450 worden.

328 4592 402 4677 lllss
424 4592 555 4658 nomine
579 4600 712 4657 sanctae
736 4600 767 4655 et
788 4590 977 4656 individuae
1005 4592 1168 4657 trinitatis.
1213 4591 1314 4658 Ottho
1345 4590 1457 4657 divina
1487 4592 1668 4658 auxiliante
1696 4592 1865 4658 clemencia

226 4700 450 4765 Romanorum
472 4719 540 4763 rex.
564 4696 578 4779 ἐξ
664 4697 799 4761 Noverit
823 4695 966 4759 omnium
987 4695 1133 4761 fidelium
1155 4705 1342 4762 nostrorum
1365 4698 1563 4782 presentium
1585 4718 1646 4761 nec
1662 4720 1729 4763 non
1745 4707 1778 4762 et
1791 4697 1866 4761 lutu-

226 4824 336 4866 rorum
365 4799 525 4882 sollertia,
560 4799 698 4885 qualiter
720 4797 929 4863 Hadamarus
951 4798 1148 4864 venerabilis
1175 4799 1279 4865 abbas
1303 4800 1342 4864 de
1366 4801 1562 4865 monasterio
1588 4803 1694 4866 sancti
1717 4799 1903 4866 Bonifatius

226 4907 366 4971 martiris
391 4902 489 4970 Gristi
513 4904 601 4990 quod
623 4902 744 4968 Fultha
765 4911 918 4985 vocatur,
948 4903 1036 4988 quod
1066 4905 1162 4968 situm
1190 4913 1240 4967 est
1267 4904 1301 4967 in
1330 4925 1416 4989 pago
1452 4901 1634 4989 Graphuelt
1662 4912 1744 4990 aput
1770 4904 1867 4989 ripam

226 5010 368 5076 fluminis
391 5011 418 5075 F
421 5010 546 5091 ulthae,
578 5007 770 5093 deprecatus
794 5016 843 5070 est
865 5004 1089 5070 celsitudinem
1111 5016 1258 5072 nostram
1278 5017 1315 5071 ut
1337 5006 1485 5071 homines
1508 5007 1670 5092 quosdam
1694 5030 1792 5093 super
1812 5017 1867 5071 ter·

227 5136 280 5178 ras
303 5116 404 5199 ipsius
428 5113 616 5179 monasterii
639 5120 873 5177 conmanentes
897 5111 952 5194 qui
976 5109 1019 5174 ad
1041 5118 1151 5196 partes
1174 5112 1265 5195 regni
1287 5108 1508 5195 pertinebant,
1545 5132 1627 5196 quos
1652 5112 1754 5176 etiam
1776 5130 1867 5197 quon·

228 5216 305 5281 dam
333 5216 428 5282 divae
461 5217 636 5281 memoriae
664 5213 876 5279 Hlodewicus
906 5235 966 5277 rex
994 5222 1183 5278 antecessor
1215 5223 1327 5278 noster
1359 5212 1542 5278 contulerat
1575 5212 1761 5279 scolasticis
1795 5212 1867 5279 dicti

228 5321 425 5403 monasterii,
450 5320 521 5402 sibi,
545 5319 744 5385 monasterio
768 5317 832 5380 iam
856 5315 982 5401 prefato
1007 5315 1254 5403 scolasticisque
1276 5340 1337 5382 nec
1358 5340 1426 5383 non
1447 5327 1480 5382 et
1502 5316 1673 5383 monachia
1696 5317 1823 5384 madere
1839 5324 1868 5380 et
1881 5329 1907 5378 tt

228 5423 419 5487 confirmare
447 5422 548 5507 regali
578 5423 771 5487 auctoritate
801 5421 1016 5506 dignaremur.
1060 5420 1130 5485 Nos
1153 5422 1251 5506 igitur
1274 5424 1350 5507 quia
1372 5422 1562 5506 petitionem
1584 5442 1680 5486 auam
1702 5423 1820 5486 iustam
1840 5428 1869 5483 et

227 5525 455 5592 rationabilem
485 5526 716 5609 iudicavimus,
747 5547 917 5590 assensum
945 5525 974 5588 ei
1001 5523 1190 5609 prebuimus
1213 5533 1245 5589 et
1268 5546 1327 5609 pro
1350 5521 1492 5588 remedio
1515 5524 1646 5588 animae
1667 5531 1801 5588 nostrae
1821 5518 1867 5585 vel

316 5712 373 5766 tet.
403 5710 514 5781 [Uhlirs]
618 5716 644 5775 a)
663 5713 707 5764 dic
724 5712 854 5764 reustum
874 5712 961 5764 Tbes'le
978 5713 1023 5764 des
1040 5712 1221 5765 Escbctokolls
1238 5713 1299 5765 sard
1317 5716 1345 5765 ιιι
1363 5713 1385 5764 Α
1402 5711 1522 5764 oerrtsllt.
