4298 6414
234 430 299 496 610
826 436 1278 496 KAISERURKUNDEN.

335 622 401 682 ΠΟ.
418 632 454 683 Π.
478 622 543 681 tosd
564 639 646 681 ewor
667 622 740 680 ohne
761 622 870 681 reclttes
889 621 1097 681 Verstaodm'ss
1119 623 1238 681 bsoatet
1260 621 1376 680 worm
1397 622 1445 681 ist.
1484 621 1530 679 Es
1551 619 1678 678 cadim
1697 620 1776 692 temer
1787 627 1822 686 Βρ.

333 728 460 800 oolstttso
488 727 557 785 dass
582 726 663 783 nicht
692 725 782 783 ollein
811 725 864 782 der
887 722 1008 784 Gootm
1037 725 1197 783 rotlretclte
1224 724 1402 783 dordraolte
1430 723 1495 782 tend
1524 723 1708 797 Wetsdoopen
1732 733 1823 799 witot

334 828 558 888 Jutrtenaete
580 828 729 898 dorbietet,
752 828 880 886 sordem
902 828 972 887 dass
994 829 1070 887 osolt
1092 828 1140 886 die
1154 828 1430 901 Datirttopssormel
1451 829 1496 886 bis
1512 846 1553 885 aa
1567 827 1620 884 der
1636 828 1823 902 Mnesteus

332 933 366 988 t'o
388 930 601 1001 westfalisoheo
621 930 784 990 Urltttodert
812 930 862 989 des
891 935 941 990 13.
964 931 1018 990 Ji.
1046 930 1265 1004 pebrdscltliclte
1294 933 1342 1001 ist,
1370 930 1490 988 welcher
1512 931 1596 987 donn
1617 948 1676 987 aar
1694 933 1754 989 noel
1768 938 1823 993 erit·

333 1033 418 1104 scelte
438 1035 704 1107 Reyierttopsjaltre
733 1033 929 1107 biosayeft’lpt
956 1035 1074 1093 worden
1101 1033 1178 1092 aiod.
1216 1033 1323 1092 Diescr
1343 1031 1488 1092 Uotstond
1510 1034 1565 1090 wic
1588 1032 1636 1089 die
1656 1032 1766 1091 sedato
1781 1036 1843 1094 let-t

333 1141 423 1195 sasso
443 1154 535 1209 yepes
557 1137 611 1195 dos
634 1137 782 1195 Protoltdl
803 1136 868 1195 aad
889 1137 936 1194 dte
957 1137 1097 1209 Fossano
1123 1136 1305 1195 Ottom'ecltcr
1326 1134 1396 1194 DI).
1427 1136 1550 1193 stadam
1581 1152 1612 1192 es
1641 1136 1825 1197 eueuuetut

332 1239 401 1297 dosa
424 1239 489 1297 dem
504 1240 643 1299 Falsclser
665 1240 758 1297 weder
780 1238 834 1298 doe
856 1236 1100 1310 ooetoetselltofte
1116 1236 1226 1297 Actum
1248 1238 1435 1311 deperditam
1455 1238 1530 1296 acolt
1553 1239 1603 1295 eia
1624 1237 1738 1296 undose
1749 1239 1798 1299 ot.
1810 1251 1826 1300 l.

331 1360 389 1401 aar
410 1340 583 1417 Vcrfaptop
602 1343 764 1417 pausam
786 1342 888 1401 bobes
1224 1338 1229 1347 '

439 1527 517 1593 Otto
535 1528 645 1593 divina
660 1528 792 1591 favente
808 1527 914 1611 gratia
928 1526 1150 1591 Romanorum
1165 1527 1342 1611 imperator
1357 1547 1486 1611 semper
1501 1535 1669 1608 augustus.
1752 1525 1828 1592 Onni-

228 1631 291 1697 bus
325 1630 474 1695 fidelibus
505 1632 626 1696 nostris
658 1629 861 1716 presentibus
892 1628 1017 1692 scilicet
1046 1638 1077 1692 et
1108 1629 1224 1693 futuris
1254 1637 1368 1692 notum
1401 1650 1473 1692 esse
1504 1626 1673 1710 volumus,
1705 1631 1859 1712 queuntes

230 1755 389 1816 generosa
410 1733 505 1798 nobis
529 1732 648 1797 dilecta
669 1733 791 1797 Bertha
819 1730 934 1795 relicta
962 1730 1063 1796 vidua
1091 1731 1258 1817 quondam
1286 1730 1405 1795 nobilis
1431 1729 1540 1794 fidelis
1569 1732 1671 1794 nostri
1692 1731 1830 1796 Bemhardi

228 1837 355 1901 comitis
371 1838 404 1901 in
420 1837 600 1901 Borchorst
616 1836 668 1920 pie
683 1835 920 1899 recordationis
936 1855 1011 1898 cum
1026 1834 1094 1898 tilia
1111 1856 1170 1898 sua
1186 1831 1363 1917 Hathwiga
1384 1844 1533 1898 nostram
1556 1833 1639 1898 adiit
1661 1836 1831 1911 maiestatem

231 1939 393 2005 humiliter
410 1938 616 2025 implorando
632 1947 668 2001 ut
683 1938 788 2002 eidem
804 1960 847 2001 ex
862 1936 1021 2022 imperiali
1042 1938 1148 2020 gratia
1170 1945 1203 2000 et
1224 1937 1419 2001 auctoritate
1442 1936 1486 2001 ad
1506 1937 1668 2002 honorem
1689 1948 1719 2002 et
1736 1938 1832 2003 lauden

230 2041 279 2106 dei
310 2045 538 2127 omnipotentis
568 2044 723 2106 creatoris
753 2043 856 2105 nostri
879 2041 1013 2125 eiusque
1036 2041 1187 2124 martyris
1211 2039 1316 2103 sancti
1338 2038 1527 2105 Nicomedis
1551 2062 1591 2103 ac
1617 2041 1752 2104 omnium
1769 2064 1832 2105 sane·

227 2153 334 2208 torum
364 2144 571 2228 dignaremur
598 2144 768 2209 admittere
798 2142 978 2208 concedere
1009 2153 1041 2206 et
1069 2141 1269 2227 approbare,
1300 2141 1388 2227 quod
1412 2152 1557 2207 castrum
1581 2166 1639 2207 seu
1662 2146 1864 2208 munitionen

228 2268 321 2310 suam
337 2245 376 2310 de
392 2269 553 2311 consensu
570 2246 765 2311 coheredum
782 2267 913 2310 suorum
928 2268 1003 2309 cum
1021 2244 1170 2310 omnibus
1187 2246 1254 2310 suis
1270 2245 1474 2328 pertinentiis
1497 2277 1612 2327 cumque
1636 2263 1763 2326 amneque
1780 2278 1835 2311 niu

230 2366 368 2430 mancipiis
391 2365 501 2416 edificiis
523 2368 600 2415 tertis
622 2365 701 2415 cultis
724 2371 751 2416 et
773 2363 880 2414 incultis
903 2365 985 2428 pratis
1008 2366 1114 2428 pascuis
1136 2363 1211 2414 silvis
1233 2364 1310 2428 equis
1333 2378 1514 2430 aquarumque
1537 2365 1694 2417 decursibus
1714 2366 1836 2416 molendinis

228 2468 371 2518 mobilibus
394 2475 420 2519 et
441 2468 622 2519 immobilibus
644 2469 695 2517 viis
718 2474 744 2518 et
765 2470 845 2517 inviis
868 2468 984 2517 exitibus
1007 2474 1033 2517 et
1055 2466 1203 2517 redditibus
1226 2468 1336 2532 quesitis
1359 2474 1386 2518 et
1413 2470 1579 2535 inquirendis
1607 2476 1634 2519 ct
1663 2487 1719 2520 cum
1746 2472 1836 2520 omuibus

227 2571 261 2620 ed
282 2572 334 2622 hoe
355 2573 413 2622 iure
434 2573 628 2636 pertinentibus
652 2559 683 2621 in
707 2556 880 2640 cenobium
902 2567 935 2621 et
957 2559 1190 2621 monasterium
1213 2558 1387 2622 transferre
1410 2570 1442 2622 et
1464 2559 1584 2623 exinde
1607 2573 1794 2639 construere,
1815 2561 1836 2622 iu

228 2680 290 2744 quo
315 2682 390 2724 cum
412 2660 597 2726 famulabus
621 2683 660 2724 ac
683 2660 813 2725 famulis
837 2660 898 2725 deo
923 2660 1041 2725 deditis
1064 2668 1097 2723 et
1119 2658 1247 2724 devotis
1275 2660 1369 2724 iuxta
1398 2664 1584 2726 sanctiones
1608 2672 1782 2727 sanctorum
1799 2680 1869 2746 patr

226 2771 311 2826 trum
339 2762 477 2827 fideliter
506 2765 625 2827 servire
655 2774 803 2848 possent,
839 2784 938 2847 supra
966 2784 1031 2848 qua
1058 2761 1287 2847 imploratione
1315 2775 1441 2828 maturo
1471 2786 1544 2829 eum
1574 2764 1724 2830 fidelibus
1750 2766 1838 2830 nostris

226 2864 337 2930 habito
361 2866 497 2930 consilio
521 2869 664 2950 gratiose
686 2869 858 2930 annuimus
881 2867 1096 2951 permittimus
1119 2888 1158 2930 ac
1182 2867 1391 2932 concedimus
1421 2890 1479 2953 per
1507 2880 1688 2953 presentes.
1730 2868 1771 2932 At
1787 2890 1839 2931 eum

225 2969 292 3032 iam
314 2971 367 3053 pie
390 2971 594 3054 propositum
617 2990 656 3033 ae
674 2969 876 3033 voluntatem
898 2971 1005 3032 anime
1028 2991 1086 3033 sue
1108 2968 1317 3054 implevisset,
1343 2971 1534 3036 secundario
1552 2975 1671 3036 institit
1685 2995 1723 3037 ac
1738 2995 1756 3035 a
1769 2970 1840 3035 nobis

225 3071 413 3155 impetravit
434 3070 522 3156 quod
544 3070 745 3135 antedictum
766 3072 832 3135 iam
854 3074 982 3137 noviter
1004 3081 1228 3137 constructum
1243 3083 1276 3136 et
1290 3083 1433 3139 erectum
1455 3091 1644 3140 monasterium
1661 3107 1720 3141 eun
1734 3074 1841 3160 preben-

226 3173 311 3238 datis
334 3185 366 3239 et
388 3191 510 3241 omuibus
534 3177 600 3240 suia
623 3192 788 3254 pertinentiis
811 3179 965 3261 protactis
989 3175 1048 3240 sub
1071 3176 1232 3261 imperiali
1259 3198 1350 3242 nostra
1371 3177 1521 3242 libertate
1543 3188 1576 3242 et
1599 3193 1782 3244 mundiburdio
1800 3187 1874 3241 ron-25

225 3293 405 3355 studeremus,
428 3288 524 3364 prout
548 3290 758 3363 acceptamus
781 3289 813 3343 et
834 3278 1059 3345 concludimus
1081 3282 1115 3343 in
1137 3282 1205 3343 vim
1228 3283 1387 3365 presentis
1416 3282 1542 3365 scripti,
1574 3303 1614 3345 ac
1638 3282 1753 3346 exinde
1773 3302 1844 3344 vene·

224 3380 319 3445 rabili
343 3383 412 3445 viro
443 3404 481 3444 ao
510 3382 628 3447 devoto
658 3393 769 3447 nostro
793 3382 972 3447 Adalberto
1002 3386 1107 3468 primo
1137 3382 1383 3468 archiepiscopo
1407 3383 1544 3447 ecclesie
1567 3383 1845 3470 Magdeburgensis,

225 3505 300 3549 cum
323 3484 437 3549 eadem
461 3506 534 3549 cnm
556 3486 730 3550 antedictis
747 3484 866 3550 Christi
890 3484 1072 3550 ancillabus
1095 3508 1115 3548 a
1137 3485 1232 3549 nobis
1255 3485 1324 3549 fieri
1348 3488 1505 3567 exoravit,
1530 3496 1563 3551 et
1586 3489 1653 3552 suis
1678 3488 1845 3553 successori·

225 3588 285 3651 bus
315 3589 562 3670 committimus,
596 3598 632 3653 ut
666 3591 831 3673 perpetuis
864 3587 1065 3673 temporibus
1100 3587 1223 3652 dictum
1256 3590 1489 3653 monasterium
1519 3612 1594 3654 cum
1625 3591 1772 3656 omnibus
1797 3592 1847 3653 suis

224 3693 425 3775 pertinentiis
453 3694 486 3755 in
511 3714 603 3756 snum
628 3692 890 3756 mundiburdium
914 3702 946 3756 et
969 3695 1138 3757 tuitionem
1160 3692 1282 3758 habeat
1303 3693 1415 3757 foveat
1437 3692 1505 3757 alat
1528 3703 1561 3757 et
1583 3692 1752 3773 defendat,
1775 3693 1847 3758 salvo
1860 3707 1882 3752 :su

225 3794 312 3877 quod
336 3809 425 3858 elecem
449 3810 526 3859 solidi
549 3811 660 3876 singuiis
683 3813 759 3859 nnnie
783 3794 843 3859 sibi
868 3804 898 3859 ot
915 3795 1160 3861 strecessoribus
1183 3796 1437 3880 archiepiscopis
1453 3795 1791 3880 Magdeburgensibus
1805 3818 1848 3881 pro

224 3912 360 3960 tutaminis
382 3899 604 3980 recognitione
626 3908 658 3961 et
680 3900 749 3962 iure
771 3898 845 3961 inde
870 3913 1014 3975 solvuntur,
1037 3921 1096 3983 pro
1121 3899 1271 3963 omnibus
1296 3901 1396 3962 etiam
1412 3898 1661 3985 quibuscunque
1680 3899 1850 3964 incursioni·

223 3995 284 4060 bns
307 3998 550 4081 gravaminibus
574 4022 594 4062 a
617 4000 863 4085 quibuscunque
892 4003 989 4064 etiarn
1020 4000 1236 4085 potestatibus
1263 4010 1330 4064 tam
1361 4003 1457 4083 regiis
1486 4010 1544 4065 aut
1566 4000 1649 4065 alias
1676 4011 1851 4087 potestatem

224 4098 434 4181 habentibus,
458 4102 503 4163 ita
525 4101 677 4166 videlicet
699 4114 734 4165 nt
756 4113 788 4165 et
810 4104 916 4187 ipsum
939 4105 1172 4167 monasterium
1194 4125 1268 4167 cum
1292 4102 1443 4168 omnibus
1467 4105 1534 4168 suis
1557 4107 1716 4188 pretactis
1739 4104 1778 4169 ab
1799 4125 1851 4168 oni·

223 4202 319 4267 nibus
342 4203 515 4287 generibus
539 4207 748 4270 exactionum
772 4206 813 4268 sit
836 4215 1010 4287 exemtum,
1042 4221 1188 4285 exindeque
1212 4224 1388 4287 precipientes
1413 4218 1444 4271 et
1466 4207 1662 4273 mandantes
1686 4231 1716 4275 ut
1737 4241 1783 4274 nec
1797 4226 1851 4274 eius·
1865 4218 1887 4263 3⁵

224 4320 282 4372 dem
306 4322 357 4370 loci
381 4324 521 4387 episcopus
542 4325 594 4372 nisi
616 4329 725 4387 precatu
749 4324 883 4373 abbatisse
907 4306 1028 4371 dictum
1052 4325 1241 4374 monasterium
1264 4310 1412 4393 accedat,
1442 4333 1517 4375 cum
1542 4311 1622 4376 nihil
1646 4315 1724 4377 iuris
1747 4313 1805 4378 sibi
1828 4313 1853 4375 in

223 4409 337 4474 eodem
361 4411 525 4495 competit,
550 4442 599 4476 nec
622 4426 701 4476 iudei
724 4426 848 4490 publicus
871 4424 914 4474 vel
936 4432 1044 4476 exactor
1066 4443 1114 4477 seu
1137 4428 1263 4493 quislibet
1285 4430 1423 4480 iudiciaria
1445 4431 1584 4494 potestatis
1607 4414 1654 4478 illi
1671 4415 1853 4480 monasterio

222 4514 364 4577 saueius
383 4514 618 4596 pertinentibus
641 4514 825 4578 nullatenus
849 4528 966 4593 aliquam
988 4515 1056 4578 Vim
1079 4530 1121 4580 vel
1145 4528 1366 4582 distractionem¹¹
1392 4533 1489 4582 inferro
1511 4539 1558 4581 aut
1581 4548 1664 4597 equos
1687 4534 1786 4585 tollere.
1808 4548 1854 4597 pre·

222 4625 306 4680 dunt
328 4631 389 4681 inde
413 4634 517 4697 exigere
534 4634 576 4683 vel
595 4636 745 4684 mansiones
767 4648 877 4699 poscere
899 4633 941 4681 vel
965 4633 1096 4683 actionem
1118 4635 1200 4684 ullius
1223 4637 1352 4685 rationem
1363 4630 1384 4696 ⁸,
1406 4637 1458 4684 nisi
1476 4651 1564 4686 coram
1584 4635 1657 4685 illius
1679 4620 1854 4685 monasterii

221 4717 383 4782 advocato
414 4742 434 4782 a
461 4719 557 4784 nobis
586 4731 619 4785 et
645 4722 889 4786 successoribus
920 4725 1041 4786 nostris
1069 4725 1261 4789 confirmato
1285 4736 1317 4789 et
1339 4725 1517 4790 infeudato.
1562 4741 1675 4804 Insuper
1698 4743 1775 4791 etiam
1797 4739 1890 4790 arti-tt

221 4839 300 4887 trium
323 4838 376 4887 illis
399 4841 577 4888 concessimus
601 4840 749 4890 abbatissas
772 4841 839 4890 inter
862 4857 890 4891 se
913 4841 1037 4905 eligendi,
1060 4842 1163 4892 scilicet
1178 4844 1304 4908 quamdiu
1320 4860 1352 4893 ex
1368 4844 1580 4908 supradictarum
1596 4844 1754 4894 ancillarum
1770 4845 1856 4894 Christi

221 4927 375 5011 progenie
399 4941 490 5006 aliqua
511 4942 610 4992 ibidem
631 4943 679 4991 tali
703 4943 783 5008 digna
807 4941 895 4993 officio
918 4945 1073 5008 reperiatur,
1102 4948 1234 4996 communi
1257 4963 1365 4998 assensu
1389 4931 1617 5016 capitularium
1641 4947 1781 5013 eligantur,
1806 4954 1857 5012 post

221 5048 309 5094 autem
332 5044 411 5093 huius
433 5045 537 5109 generis
560 5042 691 5094 defectum
714 5045 747 5094 de
769 5046 871 5105 ceteris,
894 5047 916 5094 si
939 5062 990 5110 que
1013 5046 1159 5110 probabilis
1181 5048 1215 5096 ad
1237 5049 1345 5099 eandem
1370 5050 1525 5115 dignitatem
1545 5049 1635 5111 fuerit,
1658 5049 1770 5101 licenter
1786 5052 1856 5100 abba-

220 5149 285 5196 tissa
307 5148 497 5212 constituatur,
520 5147 567 5197 sed
590 5147 664 5196 nulla
686 5149 791 5197 omnino
814 5148 870 5198 illic
892 5149 938 5198 fiat
960 5149 1054 5200 electio
1078 5152 1129 5200 nisi
1152 5151 1202 5200 sub
1225 5153 1277 5200 iam
1300 5152 1362 5201 dieti
1387 5152 1624 5218 Magdeburgensis
1647 5154 1759 5204 ecclesis
1780 5154 1854 5203 archi·

220 5252 337 5315 episcopi
360 5252 530 5300 conniventia
552 5246 584 5299 et
606 5235 863 5300 confirmatione.
909 5253 944 5301 Et
967 5258 996 5301 ut
1024 5237 1087 5302 hoc
1118 5241 1353 5324 praescriptum
1382 5252 1528 5306 nostrum
1551 5240 1715 5306 indultum
1738 5242 1890 5327 privilet·

219 5340 307 5423 gium
331 5348 363 5403 et
385 5339 508 5404 factum
531 5353 631 5404 firmius
654 5354 828 5420 stabiliusque
857 5340 1021 5426 perpetuis
1050 5341 1250 5425 temporibus
1276 5356 1465 5427 permaneat
1494 5355 1526 5407 et
1553 5344 1637 5408 fides
1662 5344 1857 5421 adhibeatur,

218 5443 278 5507 has
301 5443 411 5509 literas
433 5445 568 5509 fecimus
598 5454 630 5509 et
657 5461 781 5509 iussimus
807 5461 938 5511 conscribi
961 5460 1107 5526 artnulique
1130 5463 1212 5510 nostri
1236 5462 1407 5525 impressione
1430 5462 1547 5525 signatas
1570 5464 1677 5526 propria
1701 5478 1780 5512 mann
1803 5464 1857 5512 ¹sub-

218 5567 262 5612 tus
284 5562 453 5613 firmavimus.

303 5702 362 5756 4⁵⁰.
392 5701 489 5772 [Feta]
577 5706 604 5769 n)
622 5702 654 5757 A.
