4298 6414
985 466 1109 524 orso
1132 470 1155 523 1.
1180 465 1251 524 953.
1875 454 1936 521 251

401 654 458 711 uus
477 668 651 726 yeuomnreu
673 654 733 724 leot,
756 653 909 712 carullren
932 653 1026 725 cinips
1048 651 1114 709 dau
1135 652 1174 710 D.
1191 651 1306 710 Lothur
1325 661 1364 711 ll.
1389 651 1517 708 Bo'hmer
1531 651 1604 723 Ray.
1620 650 1695 707 Kar.
1714 654 1773 709 771
1799 649 1942 708 catlelmtc

401 755 589 828 hesdraelca·
618 757 776 830 aarum
796 774 852 815 oon
874 756 974 814 dieseos
996 756 1155 827 eatspricht
1178 755 1249 814 alles
1271 755 1335 813 doru
1357 754 1416 814 Stil
1437 754 1487 813 des
1511 752 1577 813 nh.
1622 754 1712 812 Dicse
1736 753 1942 812 Keuuecieleen

402 861 447 918 der
465 859 659 933 Oripiuulildt
680 860 764 918 edile
785 861 831 918 ich
852 858 968 918 deslrulb
991 855 1180 928 ausschuttet
1201 857 1267 928 auf,
1291 858 1356 916 weil
1378 858 1535 916 deuvler
1557 857 1664 917 Jahrb.
1688 857 1721 917 0.
1743 867 1767 916 1.
1790 861 1855 917 220
1878 856 1942 914 uad

403 962 578 1022 dicsehrccht
603 961 704 1022 (leuch
728 961 757 1021 d.
781 963 949 1021 Kuc‘serceil
973 961 1013 1040 (5.
1031 960 1125 1038 Auli.)
1152 965 1180 1032 1,
1204 965 1268 1023 828
1296 964 1358 1021 sich
1387 980 1418 1022 so
1448 964 1593 1022 testemur
1620 979 1711 1035 peuce
1738 962 1785 1019 die
1807 963 1942 1020 Echthell

403 1067 489 1125 dieser
509 1066 652 1125 cremae
673 1066 905 1138 uusqesprocheu
920 1066 1022 1134 huben,
1046 1065 1148 1123 welche
1164 1068 1206 1124 im
1229 1066 1440 1139 Widerspruch
1454 1069 1508 1124 usit
1523 1067 1600 1125 ullcu
1615 1066 1730 1124 cudero
1744 1066 1942 1124 Nuchrichteu

405 1169 453 1227 lert
474 1169 591 1241 Hereoy
613 1167 739 1227 Konrud
766 1169 811 1228 uls
841 1168 935 1227 fidelis
962 1168 1018 1226 dux
1047 1168 1111 1226 uod
1139 1170 1183 1228 uls
1212 1170 1447 1227 luterucuienteu
1472 1172 1516 1227 ion
1544 1169 1576 1228 J.
1601 1171 1664 1229 953
1692 1167 1845 1240 uuffllhrl.
1891 1169 1942 1227 Ich

405 1275 507 1332 houm
528 1277 618 1331 1111111
638 1271 706 1331 DO.
731 1275 794 1332 179
818 1272 880 1344 uus
898 1272 999 1331 diesen
1019 1273 1120 1330 Piculet
1142 1273 1264 1330 aurach.

407 1443 460 1524 (0.)
482 1441 558 1522 3111
580 1442 710 1507 nomine
734 1449 867 1504 sanctae
890 1450 921 1504 et
943 1439 1130 1505 individuae
1152 1442 1314 1505 trinitatis.
1350 1440 1428 1504 Otto
1453 1439 1562 1504 divina
1585 1449 1747 1505 annuente
1770 1440 1942 1504 clementia

306 1565 369 1612 mx.
450 1543 573 1608 Notum
595 1565 667 1607 esse
685 1542 836 1607 volumus
861 1545 1004 1606 omnium
1027 1552 1212 1608 nostrorum
1230 1545 1449 1628 praesentium
1466 1543 1590 1607 scilicet
1606 1553 1638 1607 et
1653 1544 1835 1609 futurorum
1850 1542 1941 1607 indu-

263 1650 290 1699 10
301 1652 407 1732 striae,
429 1646 516 1733 quod
537 1669 599 1711 nos
622 1647 675 1731 pie
693 1656 726 1710 et
744 1644 916 1711 salubriter
935 1645 974 1709 de
990 1648 1091 1710 nostri
1108 1655 1194 1710 statu
1208 1649 1299 1730 regni
1315 1656 1398 1710 trac-
1420 1645 1434 1726 li
1456 1647 1556 1711 tando
1574 1657 1689 1710 sancta
1703 1646 1778 1710 loca
1796 1645 1838 1710 ab
1855 1655 1942 1710 ante-

295 1750 481 1817 cessoribus
503 1752 635 1831 nostris,
659 1748 813 1814 videlicet
834 1748 975 1833 regibus,
999 1748 1051 1813 vel
1069 1748 1142 1813 aliis
1165 1748 1315 1813 fidelibus
1338 1751 1371 1813 in
1394 1749 1516 1814 honore
1536 1749 1587 1813 dei
1612 1759 1799 1814 constmeta
1822 1751 1942 1814 nostris

289 1857 393 1919 etiam
418 1853 596 1940 privilegiis
624 1852 727 1937 regali
755 1874 845 1916 more
874 1852 1029 1916 roborare
1058 1852 1269 1918 decrevimus.
1315 1853 1381 1918 Sed
1407 1852 1603 1917 venerabilis
1633 1853 1827 1917 Treuerioae
1856 1851 1943 1916 sedis

284 1957 562 2044 archiepiscopus
577 1955 755 2021 Rotbertus
771 1955 954 2042 aliquorum
972 1978 1054 2041 quos
1070 1957 1116 2021 rei
1131 1957 1251 2020 veritas
1266 1956 1399 2038 latebat,
1423 1956 1613 2021 adhortatus
1629 1958 1783 2021 instinctu
1798 1965 1943 2020 nostram

279 2077 387 2146 super
416 2061 511 2125 loca*
539 2059 593 2124 vel
616 2058 750 2123 abbatia
778 2060 882 2124 sancti
911 2061 1108 2124 confessoris
1138 2057 1257 2124 Christi
1280 2060 1453 2124 Maximini
1487 2059 1567 2124 adiit
1600 2059 1819 2143 regalitatem,
1857 2059 1943 2124 hanc

231 2162 259 2208 ¹⁵
275 2161 418 2229 iniuste
440 2163 499 2229 sibi
515 2163 568 2227 vel
591 2162 729 2229 eclesiae
748 2184 826 2227 suae
841 2162 987 2227 ablatam
1009 2163 1110 2227 fuisse
1134 2175 1341 2249 conquestus.
1374 2164 1443 2228 Nos
1459 2172 1578 2244 tamen,
1601 2160 1694 2227 lectis
1710 2164 1743 2226 in
1759 2164 1943 2247 praesentia

268 2279 409 2332 nostra
430 2266 638 2353 eiusdemque
661 2266 899 2352 archiepiscopi
914 2265 1085 2332 Ruotberti
1109 2266 1161 2331 vel
1183 2267 1322 2332 aliorum
1337 2266 1481 2331 fidelium
1499 2274 1686 2330 nostrorum
1710 2288 1807 2352 super
1828 2265 1942 2329 eodem

264 2364 349 2435 loco
385 2370 656 2457 praecedentium
678 2391 791 2453 regum
814 2369 994 2455 privilegiis
1017 2380 1049 2433 et
1072 2369 1220 2452 decretis,
1256 2393 1329 2434 eum
1352 2370 1393 2434 ab
1418 2369 1652 2455 antiquissimis
1676 2368 1877 2454 temporibus
1900 2369 1944 2433 ad

262 2492 362 2558 opus
402 2473 635 2540 monachorum
657 2481 879 2538 constructum
910 2472 989 2536 nulli
1020 2472 1075 2536 alii
1099 2472 1236 2536 eclesiae
1259 2472 1311 2537 vel
1342 2471 1410 2537 sedi
1433 2471 1647 2557 appendicem
1672 2471 1942 2555 aut'subiectum,

258 2577 323 2640 sed
358 2602 502 2665 semper
524 2578 585 2645 sub
608 2578 696 2662 regie
719 2578 864 2641 tuitionis
888 2576 993 2662 clipeo
1025 2586 1056 2640 et
1079 2585 1240 2660 potestate
1263 2576 1480 2662 permansisse
1513 2577 1696 2639 certissima
1724 2578 1849 2639 ratione
1872 2597 1942 2660 rep-

209 2679 240 2727 ‘20
256 2682 448 2759 perimus.
469 2682 598 2748 Idcirco
622 2683 804 2745 interventu
827 2691 859 2745 et
881 2689 998 2763 rogatu
1015 2682 1160 2763 germani
1176 2682 1277 2744 nostri
1297 2679 1535 2764 archiepiscopi
1550 2678 1715 2742 Brunonis
1731 2688 1762 2743 et
1777 2676 1942 2743 Ouonradi

256 2778 406 2868 ducier,
426 2809 463 2850 ne
483 2785 536 2850 vel
559 2784 674 2850 eadem
689 2783 859 2870 privilegia
882 2783 1004 2849 talibus
1027 2783 1185 2869 praedicti
1208 2782 1446 2867 archiepiscopi
1463 2781 1632 2846 Ruotberti
1654 2781 1942 2869 reclamationibus

253 2891 323 2944 aut
360 2888 513 2973 querelis
536 2888 775 2952 infirmarentur
804 2886 856 2951 vel
886 2886 990 2951 abbas
1021 2896 1078 2950 aut
1106 2886 1257 2950 monachi
1288 2885 1408 2951 ibidem
1437 2885 1498 2951 deo
1523 2887 1698 2950 servientes
1722 2885 1779 2951 tali
1810 2885 1943 2951 ulterius

253 2984 502 3056 infestatione
525 2993 824 3077 comprimerentur,
848 2992 934 3056 idem
958 2990 1153 3055 coenobium
1176 3011 1251 3054 cum
1273 2990 1409 3055 abbatia
1439 2989 1499 3054 sub
1522 3001 1636 3055 nostra
1660 2989 1891 3075 perpetualiter
1912 2999 1944 3054 et

257 3092 442 3158 omnium
457 3094 702 3158 succedentium
717 3115 831 3178 regum
847 3092 1036 3157 defensione
1059 3102 1090 3156 et
1106 3102 1266 3178 potestate
1285 3114 1531 3178 permansurum
1547 3090 1696 3157 volumus
1713 3101 1744 3155 et
1760 3093 1943 3177 praenotati

206 3194 238 3241 2⁶
256 3186 444 3282 episcopi
465 3196 518 3261 vel
543 3218 769 3262 successorum
793 3218 924 3261 suorum
958 3198 1187 3282 episcoporum
1221 3197 1404 3259 occasionis
1437 3197 1555 3279 iniuste
1590 3218 1687 3281 super
1721 3194 1835 3259 eodem
1868 3194 1942 3259 loco

256 3299 444 3366 querelas
460 3301 627 3386 praecepti
649 3301 752 3363 nostri
775 3301 971 3363 auctoritate
988 3298 1202 3364 excludimus.
1226 3298 1364 3383 Insuper
1378 3298 1573 3363 venerabilis
1589 3299 1735 3363 eiusdem
1757 3297 1822 3363 loci
1839 3298 1942 3364 abbas

257 3381 458 3468 Uuillerus
479 3406 513 3466 in
536 3403 721 3488 praesentia
743 3403 982 3487 praenominati
1005 3401 1198 3465 Treuericae
1221 3401 1307 3466 sedis
1330 3400 1567 3487 archiepiscopi
1591 3411 1641 3465 est
1663 3410 1875 3486 conquestus,
1909 3405 1943 3466 in

260 3483 471 3571 Treuerico
485 3505 572 3571 valle
594 3504 714 3570 multas
738 3504 780 3569 ab
805 3528 843 3570 eo
868 3507 1000 3590 suisque
1024 3507 1137 3569 suiset
1160 3506 1222 3570 sibi
1245 3505 1530 3570 incommoditates
1553 3507 1655 3590 ingeri
1679 3506 1887 3590 maximeque
1909 3508 1943 3569 in

263 3591 477 3675 piscatione
501 3619 534 3674 et
555 3633 662 3674 venna
685 3609 827 3695 quadam
850 3612 884 3673 in
906 3610 1036 3674 Ruuera
1059 3609 1157 3673 fluvio
1182 3618 1385 3692 constructa,
1414 3608 1503 3673 fideli
1525 3618 1636 3674 nostro
1661 3608 1743 3673 duce
1766 3607 1941 3673 Ouomado

219 3706 250 3755 ³⁰
268 3694 479 3805 &ffirmsnue
502 3717 737 3801 querimoniam
760 3714 890 3779 abbatis
913 3717 1034 3778 iustam
1056 3736 1137 3778 esse.
1182 3713 1285 3796 Igitur
1308 3714 1469 3798 praesenti
1492 3713 1739 3799 archiepiscopo
1762 3712 1942 3777 Ruotberto

269 3808 521 3883 mter-diximus
545 3816 763 3904 deincepsque
787 3817 937 3883 volumus
961 3828 1057 3904 atque
1081 3819 1274 3882 auctoritate
1297 3816 1398 3900 regali
1420 3816 1585 3898 iubemus,
1608 3838 1649 3880 ne
1671 3815 1724 3881 vel
1747 3818 1817 3901 ipse
1841 3815 1943 3880 arohi-

272 3906 467 4006 episeopus
501 3920 700 3986 Ruotbertus
733 3921 784 3986 vel
820 3943 1024 3986 successores
1058 3923 1128 3985 eius
1168 3913 1313 4006 episcopi
1347 3918 1472 4006 aliquid
1508 3917 1785 3984 incommoditatis
1821 3918 1873 3983 vel
1909 3921 1944 3983 in

275 4006 476 4091 piscatione
499 4026 645 4091 eiusdem
666 4027 757 4091 fluvii
780 4027 832 4091 vel
856 4029 888 4090 in
911 4048 1017 4090 venna
1040 4027 1073 4090 in
1089 4049 1127 4091 eo
1152 4034 1340 4090 constructa
1361 4023 1413 4087 vel
1436 4026 1470 4087 in
1492 4023 1602 4108 aliquo
1625 4024 1755 4106 negotio
1775 4021 1942 4108 praedicto

282 4107 410 4221 {bbati
432 4129 678 4216 coenobitisque
692 4130 884 4215 postfuturis
907 4131 1066 4213 ingerant.
1090 4131 1133 4193 Et
1155 4140 1191 4195 ut
1206 4149 1360 4214 praesens
1383 4125 1561 4210 regalitatis
1584 4134 1716 4189 nostrae
1732 4134 1943 4210 praeceptum

237 4215 266 4266 ³⁵
284 4229 322 4280 ¹1¹
354 4235 537 4318 postfutura
561 4233 692 4298 saecula
713 4232 818 4299 fixum
840 4243 872 4297 et
894 4232 1010 4298 stabile
1033 4243 1239 4318 permaneat,
1274 4251 1372 4296 manu
1395 4231 1528 4315 propria
1552 4227 1665 4293 subtus
1688 4227 1888 4292 firmavimus
1912 4235 1944 4290 et

287 4333 389 4400 Qus·
408 4338 509 4402 nostri
531 4336 746 4421 impressione
769 4336 886 4399 muniri
908 4337 1072 4400 iussimus.

399 4465 412 4548 l
433 4465 571 4551 Signum
593 4464 703 4530 domni
727 4464 857 4530 Ottonis
881 4465 1084 4529 invictissimi
1107 4464 1171 4544 (M.)
1194 4463 1290 4547 regis.
1313 4468 1328 4548 }{

399 4569 413 4650 3
434 4567 608 4635 Liudolfus
624 4568 839 4633 cancellarius
855 4568 1003 4632 advicem
1022 4567 1185 4631 Brunonis
1202 4566 1455 4652 archicapellani
1477 4567 1663 4650 recognovi.
1680 4569 1694 4650 ξ
1709 4570 1765 4641 (SI.
1786 4568 1825 4641 1.)
1862 4563 1944 4643 (SR.)

398 4698 488 4763 Data
504 4714 580 4763 xm.
595 4696 662 4763 hal.
680 4708 760 4783 sept.
784 4719 869 4761 anno
886 4697 1120 4761 incarnationis
1138 4696 1261 4760 domini
1277 4711 1462 4779 Dccccnnl,
1485 4693 1663 4759 indictione
1679 4711 1739 4776 v11,
1763 4715 1848 4757 anno
1865 4713 1941 4756 vero

258 4782 288 4832 ⁴⁰
304 4802 389 4882 regni
412 4800 523 4866 domni
543 4800 674 4866 Ottonis
691 4801 777 4883 regis
800 4816 906 4882 xvn13
930 4809 1038 4864 actum
1060 4799 1269 4882 Mogontiae3
1292 4799 1326 4862 in
1349 4797 1401 4863 dei
1423 4800 1554 4863 nomine
1576 4796 1713 4862 feliciter
1735 4818 1840 4860 amen.

1080 5003 1163 5077 170.

321 5136 387 5216 Ouo
415 5143 576 5241 bestdtipt
603 5141 683 5216 dem
711 5143 931 5241 Erzhlschof
952 5142 1092 5216 Herold
1118 5166 1191 5214 eeu
1220 5138 1397 5239 Sulzburp
1427 5140 1496 5213 deu
1519 5139 1636 5212 Besitz
1662 5138 1727 5212 der
1749 5137 1944 5210 demselbeu

315 5281 380 5334 veru
396 5263 528 5361 Pupste
541 5264 681 5362 Aqopir
694 5288 807 5362 peperi
822 5263 990 5360 Zuhluup
1008 5264 1102 5335 ciues
1118 5262 1243 5335 Ziuses
1260 5286 1306 5333 zu
1322 5260 1443 5358 Elpeo
1460 5261 1721 5358 iibertrqqcucu
1740 5255 1824 5331 Oete
1842 5257 1943 5329 Win-

317 5375 438 5482 lhiup,
461 5382 755 5482 Audieseuhofeu
776 5382 856 5456 aud
880 5382 1115 5456 Wo‘lleubuclt.
1378 5416 1559 5489 Ausum„
1581 5420 1644 5478 953
1666 5416 1828 5477 Novanus
1848 5419 1900 5477 29,

280 5591 305 5643 ⁴⁶
407 5590 653 5666 Oriqiualdrplcm
674 5592 717 5649 im
738 5592 765 5650 le.
789 5592 817 5649 le.
842 5590 881 5651 H.
906 5591 944 5649 Η.
968 5590 1032 5650 uad
1055 5590 1258 5652 &caesareus
1278 5607 1319 5648 eu
1341 5589 1427 5649 Wiea
1451 5587 1462 5666 (
1490 5587 1511 5667 ).

390 5738 445 5794 100.
473 5739 582 5808 [sichel]
685 5743 711 5807 a)
730 5741 762 5792 A.
