4298 6414
882 150 1006 207 ΟΤΤΟ
1028 152 1053 205 Ι.
1077 146 1267 206 sss-973.
1832 141 1893 205 611

354 331 480 397 Datum
509 354 595 397 anno
621 333 855 397 incarnationis
885 331 1007 396 domini
1030 334 1297 410 nonagentesimo
1322 332 1527 414 sexagesimo
1552 339 1684 409 octavo,
1719 331 1896 397 indictione

248 436 442 519 undecima,
466 436 594 502 decima
616 436 742 501 calend.
766 436 951 519 novembr.3
975 440 1008 500 in
1029 435 1247 520 Magdeburg3
1270 437 1360 519 regni
1382 437 1484 499 nostri
1508 436 1679 499 trecesimo
1703 438 1813 518 tercio,
1837 438 1895 500 im-

251 541 333 626 perii
356 563 433 606 vero
458 550 575 606 octavo
599 539 726 606 annis.b

1031 741 1117 815 451.

206 913 228 961 s
987 894 1165 978 (Unectt.)

262 1037 341 1113 Ouo
368 1036 510 1112 sciendi
534 1036 614 1109 dens
640 1063 712 1108 oon
739 1035 804 1108 der
830 1035 1008 1107 Acbtissc'n
1038 1035 1183 1108 flamen-c
1214 1035 1395 1134 geleitetcn
1421 1035 1710 1109 Nonncnlrloster
1742 1063 1787 1108 zu
1813 1034 1896 1107 Hil-

259 1157 621 1231 sessiacensem
648 1156 776 1253 Hafa-n
802 1156 882 1229 und
907 1156 975 1229 alic
1000 1157 1200 1229 nntzbcrcn
1225 1156 1351 1230 lioclttc
1378 1158 1418 1229 in
1445 1154 1570 1231 Girnte.

1437 1278 1582 1337 Ravenna
1604 1281 1666 1339 970
1689 1277 1780 1352 April
1800 1281 1851 1337 11.

357 1466 498 1528 Urtandc
520 1466 569 1525 (ies
592 1470 643 1525 11.
661 1465 714 1524 Jlt.
737 1467 772 1523 in
793 1463 997 1537 Diplomform
1019 1467 1062 1522 im
1083 1465 1111 1524 Ιι.
1128 1465 1330 1524 Stactsorclsiv
1351 1482 1392 1523 ro
1414 1465 1582 1522 Honnoccr.

359 1605 439 1679 Orio.
459 1601 560 1674 (iucif.
581 1604 610 1673 5,
630 1608 651 1661 7
672 1621 729 1662 aas
744 1601 774 1661 A
795 1604 877 1662 cebet
891 1603 978 1663 Focs.
1006 1627 1042 1654 ε
1066 1603 1153 1662 Face.
1177 1605 1210 1659 ιἰι
1233 1602 1365 1663 Woltlrcr
1379 1604 1510 1663 braicos
1524 1604 1596 1677 ceps.
1616 1601 1683 1672 Tof.
1702 1603 1720 1661 5
1745 1625 1785 1654 =
1808 1602 1895 1662 Focs.

355 1710 388 1766 ιἰι
410 1708 454 1766 Le
474 1707 575 1764 Mcine
596 1705 680 1778 Dipl.
699 1710 781 1778 prot.
805 1705 903 1778 suppl.
924 1708 964 1764 45
990 1728 1029 1757 --
1052 1706 1096 1763 Le
1111 1706 1213 1763 Moinc
1228 1705 1399 1764 Proici-iscire
1415 1708 1595 1780 Aarocisunq
1617 1724 1674 1764 aar
1688 1705 1771 1777 Dipl.
1790 1704 1896 1777 Suppl.

359 1809 428 1882 Tof.
452 1813 502 1869 42.
525 1842 568 1853 -
591 1806 719 1881 Stwmpf
736 1809 808 1882 ch.
833 1811 905 1868 489.

355 1947 603 2019 Noctrcicimmy
625 1945 675 2004 des
700 1944 850 2017 Oripinols
871 1963 927 2005 oon
948 1945 1015 2006 ΒΟ.
1032 1947 1105 2006 395.
1141 1943 1275 2017 Entsdllt
1296 1946 1384 2003 sciton
1407 1945 1501 2003 demit
1525 1945 1577 2003 der
1595 1943 1736 2004 Gedonke
1758 1963 1798 2002 cn
1815 1944 1897 2003 Nea·

356 2047 565 2121 oasfcritquap
590 2047 633 2124 (so
651 2048 759 2106 Fictor
776 2049 871 2108 Bcitr.
891 2055 920 2120 1,
943 2048 1029 2125 296),
1052 2066 1084 2107 so
1107 2051 1145 2107 ist
1168 2049 1241 2106 noct
1261 2066 1302 2105 aa
1324 2048 1459 2106 becchtcn
1481 2047 1550 2105 dass
1573 2046 1640 2107 Do.
1658 2050 1718 2106 451
1744 2050 1829 2106 cinca
1851 2049 1898 2106 die

356 2152 525 2226 Falernum
548 2152 621 2210 wohl
644 2151 834 2209 crlclltrcodcn
852 2154 964 2212 Ζιιειίι
984 2172 1025 2212 ru
1047 2152 1114 2212 Do.
1132 2155 1194 2213 395
1218 2152 1282 2210 ared
1302 2170 1343 2210 su
1365 2152 1468 2210 desscn
1490 2151 1686 2225 Bcstcttipunp
1709 2151 1774 2211 ΒΟ.
1797 2161 1835 2212 11.
1854 2157 1897 2212 20

357 2257 500 2314 darbictct
522 2255 586 2314 aad
607 2254 676 2313 dass
698 2255 760 2313 siclt
782 2255 878 2315 dieser
895 2257 1008 2315 Zusatr
1022 2257 1101 2314 nicht
1116 2257 1172 2314 mit
1187 2256 1252 2314 dem
1266 2254 1307 2315 D.
1325 2254 1465 2313 Heinrich
1481 2264 1518 2314 Π.
1541 2271 1605 2313 com
1621 2254 1653 2313 J.
1670 2258 1757 2313 1017
1773 2253 1901 2327 Stamps

352 2361 424 2434 lieo,
449 2363 532 2420 1695
555 2362 692 2431 vostrast.

359 2548 416 2626 (Ο.)
438 2548 452 2628 ξ
473 2545 512 2610 In
534 2545 665 2610 nomine
689 2554 801 2608 sancte
824 2553 856 2608 et
878 2543 1045 2609 individue
1067 2544 1232 2609 trinitatis.
1267 2542 1345 2609 Otto
1371 2542 1481 2607 divina
1501 2542 1634 2607 favente
1652 2541 1825 2607 clementia
1839 2543 1896 2606 im·

254 2661 386 2739 perator
414 2659 581 2734 augustus,
684 2664 807 2714 Omnium
830 2669 921 2714 sancte
944 2664 985 2714 dei
1008 2664 1138 2714 aeclesiae
1160 2662 1276 2713 fidelium
1298 2668 1499 2726 nostrorumque
1522 2663 1682 2725 presentium
1704 2644 1718 2729 Ξ
1740 2656 1850 2711 scilict²
1871 2666 1898 2711 et

206 2773 236 2821 20
254 2773 405 2821 futurorum
427 2770 531 2819 noverit
552 2768 696 2829 industria,
727 2767 840 2832 qualiter
862 2782 910 2816 nos
932 2783 980 2832 per
1001 2766 1146 2817 remedium
1169 2767 1256 2831 anime
1278 2770 1367 2830 nostrq
1390 2772 1591 2829 nostrorumque
1614 2770 1768 2828 parentum,
1796 2764 1898 2814 seilicet

254 2875 324 2939 bone
347 2872 470 2936 memorie
488 2873 572 2921 nostri
590 2872 672 2935 patris
687 2871 805 2920 Heinrici
829 2870 898 2934 regis
920 2874 1062 2934 nostreque
1084 2867 1179 2933 dilecte
1202 2869 1292 2917 matris
1309 2868 1450 2918 Mahttilde
1473 2869 1571 2933 regine,
1594 2883 1643 2917 nec
1665 2883 1719 2917 non
1741 2873 1768 2918 et
1789 2882 1837 2932 per
1858 2869 1896 2916 in-

254 2981 404 3026 terventum
425 2990 457 3024 ac
481 2975 636 3038 petitionem
665 2973 760 3038 dilecte
790 2974 910 3038 coniugis
939 2978 1028 3038 nostre
1056 2971 1201 3038 adelheide
1230 2978 1342 3039 auguste
1371 2987 1565 3038 regnorumque
1592 2977 1741 3022 nostrorum
1770 2972 1899 3022 consortis

255 3079 289 3129 ad
312 3078 451 3128 aeclesiam
474 3079 502 3126 in
525 3076 804 3126 Hildiuuardeshusun
827 3080 1005 3126 constructam
1028 3091 1079 3140 que
1108 3081 1148 3126 est
1175 3083 1329 3127 consecrata
1356 3078 1384 3125 in
1413 3077 1512 3126 honore
1540 3079 1647 3124 sanctae
1676 3073 1718 3124 dei
1744 3069 1899 3139 ginitricis⁵

255 3199 411 3248 semperque
427 3183 537 3247 virginis
552 3153 644 3245 Maris,
667 3185 747 3244 atque
766 3178 870 3229 ancillis
893 3178 935 3229 dei
957 3180 985 3227 in
1008 3178 1100 3228 eodem
1122 3179 1181 3229 loco
1205 3179 1254 3229 deo
1277 3196 1431 3245 semperque
1454 3181 1550 3245 virgini
1566 3179 1650 3244 Maris
1672 3172 1832 3243 genitricis*
1855 3177 1898 3227 dei

206 3289 235 3337 ib
255 3280 436 3351 devotisimql
463 3283 654 3333 famulantibus
676 3283 773 3346 quibus
796 3282 955 3331 venerabilis
978 3282 1113 3331 abbatissa
1141 3267 1304 3332 Hemme³
1332 3299 1437 3348 preesse
1459 3283 1578 3345 videtur,
1607 3297 1655 3345 per
1676 3282 1759 3331 nostri
1781 3282 1898 3345 precepti

254 3392 378 3455 paginam
400 3389 428 3436 in
450 3387 587 3451 proprium
609 3385 766 3434 donavimus
788 3401 834 3435 sex
856 3400 962 3435 mansos
985 3402 1044 3435 enm
1064 3402 1109 3435 sex
1128 3381 1267 3436 famaliis⁸
1290 3403 1369 3452 super
1387 3388 1459 3452 ipsos
1475 3402 1580 3437 mansos
1595 3378 1769 3435 habitantes⁸
1791 3386 1818 3432 in
1833 3383 1898 3432 villa

254 3494 374 3544 Gemmet
402 3493 429 3540 in
459 3491 583 3540 comitatu
612 3489 743 3538 Bernonis
771 3490 875 3538 comitis
904 3494 931 3538 et
959 3473 1139 3560 quidquidb
1162 3474 1205 3539 ad
1227 3484 1373 3540 nostram
1400 3490 1542 3540 utilitatem
1571 3490 1699 3538 hactenus
1726 3473 1760 3537 ln
1786 3493 1898 3536 marca

254 3581 479 3667 prenominati}
502 3576 579 3660 Villi}
602 3578 798 3660 potestative
821 3576 1004 3655 hadulfum,
1029 3576 1157 3641 sillvis³
1178 3593 1322 3642 fructiferis
1344 3595 1491 3658 ceterisque
1514 3593 1629 3642 arbustis
1651 3608 1667 3639 s
1690 3607 1750 3640 cum
1772 3588 1899 3640 aedificiis

253 3706 313 3748 nec
336 3705 402 3748 non
426 3691 458 3745 et
480 3696 619 3759 mancipiis
642 3688 707 3742 tarn
732 3678 806 3742 inde
830 3677 994 3762 defugatis
1017 3701 1112 3764 quam
1136 3679 1257 3745 ibidem
1280 3682 1426 3763 inventis,
1451 3697 1527 3746 terris
1550 3695 1627 3745 cultis
1651 3700 1677 3744 et
1698 3694 1806 3743 incultis
1828 3694 1898 3756 agris

206 3803 238 3853 30
255 3803 355 3867 campis
377 3801 460 3864 pratis
483 3799 588 3862 pascuis
604 3814 619 3845 s
635 3798 711 3861 aquis
733 3812 914 3862 aquarumque
937 3796 1093 3847 decursibus
1116 3798 1273 3848 molendinis
1296 3800 1488 3864 piseationibus
1511 3800 1561 3848 viis
1585 3803 1611 3848 et
1633 3798 1712 3846 inviis
1735 3797 1850 3847 exitibus
1873 3802 1900 3846 et

254 3905 384 3955 reditibus
407 3903 516 3966 quesitis
539 3905 565 3950 et
587 3899 751 3964 inquirendis
774 3900 918 3950 mobilibus
941 3905 967 3950 et
989 3900 1160 3951 inmobilibus
1183 3902 1262 3951 rebus
1285 3903 1408 3952 omnibus
1425 3919 1442 3950 s
1456 3903 1623 3966 pertinentiis
1641 3906 1668 3951 et
1685 3893 1898 3950 adiacenentiis⁸

254 4024 305 4074 qne
329 4006 380 4055 dici
404 4006 446 4055 vel
469 4005 600 4054 nominari
623 4009 748 4067 possunt,
779 4010 809 4053 ut
830 4005 883 4053 iam
906 4003 1082 4068 prediximus,
1114 4004 1148 4053 ad
1170 4005 1298 4070 prefatam
1321 4005 1461 4055 aeclesiam
1483 4006 1511 4054 in
1534 4004 1814 4054 Hildiuuardesbusun
1837 4017 1898 4051 con·

254 4116 381 4161 structam
403 4125 420 4157 s
441 4110 470 4157 in
491 4108 592 4157 honore
615 4113 706 4172 sancte
732 4106 774 4157 dei
805 4108 946 4171 genetricis
974 4123 1128 4172 semperque
1157 4109 1268 4173 virginis
1296 4110 1380 4175 Maris
1408 4116 1587 4160 consecratam
1615 4115 1696 4174 atque
1724 4107 1828 4157 ancillis
1856 4105 1899 4156 dei

254 4213 352 4264 ibidem
386 4212 435 4261 deo
470 4226 624 4276 semperque
651 4205 758 4273 viginta
792 4211 876 4276 blariq
905 4210 1073 4261 devotissime
1106 4212 1297 4262 famulantibus
1330 4208 1487 4278 integrum⁰
1521 4214 1691 4273 donavimus,
1725 4217 1755 4261 ut
1783 4211 1900 4260 habeant

206 4326 236 4373 35
255 4323 362 4368 teneant
383 4315 543 4379 firmiterque
567 4314 726 4378 possideant,
750 4296 906 4379 quatenus*l
929 4314 1023 4364 melius
1045 4313 1099 4362 illis
1122 4313 1235 4365 delectet
1258 4318 1328 4365 omni
1351 4322 1468 4381 tempore
1490 4333 1538 4381 pro
1561 4311 1661 4366 nobis⁰
1684 4315 1833 4378 nostrisque
1854 4327 1899 4377 pa·

255 4421 375 4471 rentibus
394 4419 492 4468 domini
516 4417 722 4467 misericordiam
745 4411 885 4466 atentiusa
907 4431 1024 4466 exorare.
1058 4417 1093 4465 Et
1116 4423 1146 4466 ut
1168 4418 1217 4467 hec
1239 4411 1348 4487 nostri}
1372 4418 1522 4468 donationis
1537 4420 1681 4469 auctoritas
1697 4418 1768 4468 omni
1783 4421 1900 4481 tempore

254 4523 330 4573 firma
358 4521 513 4585 stabilisque
541 4526 707 4584 permaneat,
737 4522 863 4570 iussimus
891 4521 953 4571 inde
976 4521 1026 4571 hoc
1050 4536 1158 4585 presens
1180 4526 1333 4585 preceptum
1357 4522 1488 4572 conscribi
1511 4523 1643 4587 anuloque
1666 4525 1756 4571 nostro
1780 4520 1900 4586 sigillari,

253 4642 334 4676 mann
358 4627 464 4690 propria
486 4624 577 4673 subter
601 4623 772 4673 firmavimus.

355 4765 369 4848 ,ξ
391 4763 528 4846 Signum
552 4761 664 4827 domni
688 4760 818 4826 Ottonis
843 4763 952 4846 magni
976 4772 1009 4827 et
1030 4763 1235 4828 invictissimi
1258 4764 1322 4844 (M.)
1344 4765 1553 4848 imperatris⁸
1575 4765 1714 4848 augusti.
1738 4766 1752 4848 ξ

206 4909 238 4957 40
357 4884 578 4970 {Liutgerius
607 4883 821 4949 cancellarius
851 4880 1000 4946 advieem
1028 4881 1176 4946 Rotberti
1207 4883 1444 4970 archiepiscopi
1473 4894 1505 4948 et
1532 4883 1692 4969 capellani
1722 4885 1899 4968 recognovi

255 4999 288 5053 et
310 4987 499 5071 subscripsi.
523 4983 537 5069 ξ’
1696 4986 1779 5067 (SR.)
1807 4983 1904 5066 (81.)ί

341 5175 400 5229 450.
428 5178 456 5237 b)
475 5190 502 5226 ea
517 5175 588 5241 folqt
610 5177 639 5224 in
656 5175 679 5226 A
697 5175 740 5226 die
758 5174 919 5240 Bernerlranq
944 5174 1006 5226 Otto
1024 5177 1123 5241 primns
1142 5190 1223 5225 mann
1240 5177 1346 5241 propria
1364 5175 1553 5226 subscribendo
1571 5175 1692 5225 firmavit

342 5277 401 5332 451.
429 5277 527 5399 [mad
628 5277 654 5345 a)
672 5277 696 5328 Α
798 5280 825 5338 b)
844 5277 894 5329 dor
911 5284 975 5328 erate
992 5281 1003 5329 i
1020 5278 1082 5328 iiber
1099 5277 1146 5327 der
1163 5276 1232 5327 Zeila
1248 5275 1436 5359 doripetropan
1539 5277 1563 5340 c)
1579 5282 1639 5326 ecca
1658 5278 1685 5326 in
1703 5279 1834 5341 integrum
1843 5275 1900 5357 'soie

427 5349 456 5397 in
473 5347 502 5398 D
527 5348 602 5397 ,395
698 5347 725 5407 d)
744 5353 770 5396 te
787 5347 849 5397 iiber
866 5346 913 5397 der
930 5347 1000 5398 Zeile
1016 5345 1204 5412 nocdqetraqcn
1300 5351 1324 5405 e)
1343 5363 1352 5394 ι
1369 5362 1435 5394 corr.
1452 5361 1500 5394 arce
1518 5361 1534 5394 n
1629 5344 1650 5411 f)
1662 5343 1781 5407 falsatae
1792 5343 1899 5394 sauss

206 5415 238 5463 45
424 5416 511 5482 stapel,
530 5415 712 5480 Noctbifdrmq
729 5431 779 5466 oon
799 5414 829 5467 0.
843 5425 863 5467 1.
881 5419 906 5466 5.

1633 5499 1693 5560 77*
