4298 6414
906 434 1031 493 ΟΤΤΟ
1054 436 1078 491 1.
1102 431 1173 491 968.
1799 427 1862 494 489

214 610 384 698 fastigium
405 613 571 681 humiliter
592 615 728 695 adiisse,
763 615 954 701 suppliciter
976 616 1173 701 postulando
1197 626 1233 681 ut
1255 618 1450 683 coenobium
1472 620 1505 683 in
1528 620 1651 683 honore
1674 629 1860 684 sanctorum

217 717 440 801 apostolorum
464 719 607 785 Simonis
630 730 662 784 et
684 720 785 785 Iudae
816 719 1003 785 dedicatum
1032 723 1066 785 in
1097 745 1160 807 quo
1190 722 1363 808 requiescit
1392 742 1510 806 corpus
1533 723 1637 785 sancti
1660 721 1860 805 Uuicborhti,

218 818 249 882 in
270 819 347 886 loco
372 824 426 908 qui
450 832 656 908 nuncupatim
678 822 899 889 Herolfesfeld
921 827 1017 888 situm
1040 827 1133 890 iuxta
1154 825 1274 889 flumen
1292 825 1344 888 cui
1365 846 1485 895 nomen
1508 835 1559 889 est
1581 825 1689 890 Fulda
1717 826 1750 889 in
1774 848 1859 912 pago

220 922 370 1007 Hassiae,
394 929 445 992 cui
469 948 600 1011 preesse
622 925 683 991 deo
707 936 840 993 auctore
862 928 1044 1009 videbatur,
1068 949 1143 992 cum
1166 928 1253 993 omni
1276 948 1409 991 suarum
1431 949 1538 991 rerum
1561 936 1593 991 et
1615 930 1861 1013 possessionum

221 1028 402 1112 integritate
430 1031 497 1093 suis
520 1029 677 1093 vendiciis
705 1029 902 1116 ubicumque
931 1030 1028 1115 legali
1059 1030 1171 1096 ordine
1195 1029 1378 1094 debitarum
1402 1029 1443 1094 ab
1468 1032 1555 1094 omni
1578 1032 1647 1095 iure
1671 1031 1802 1117 publico
1828 1041 1861 1096 et

223 1132 362 1195 omnium
384 1129 562 1214 hominum,
585 1133 611 1195 si
631 1133 686 1218 qui
704 1131 880 1218 aliquando
897 1133 1017 1198 fuerint
1031 1133 1176 1197 eiusdem
1192 1134 1379 1197 monasterii
1396 1134 1474 1197 iuris
1490 1133 1718 1220 qualicumque
1733 1135 1858 1198 ratione

224 1233 405 1319 participes,
430 1243 590 1320 potestate
612 1233 749 1299 liberum
773 1234 1024 1322 absolutumque
1046 1246 1159 1302 nostra
1181 1234 1341 1320 imperiali
1366 1238 1558 1300 auctoritate
1580 1237 1798 1319 redderemus,
1822 1261 1862 1302 ea

223 1335 369 1401 videlicet
390 1338 516 1402 ratione
538 1347 575 1401 ut
596 1337 714 1402 amodo
740 1340 870 1404 inantea
894 1361 987 1404 nemo
1013 1341 1243 1425 episcoporum
1272 1339 1358 1403 infra
1380 1339 1461 1403 fines
1484 1348 1517 1404 et
1540 1341 1701 1404 territoria
1723 1341 1861 1426 praefati

221 1439 366 1505 coenobii
390 1440 533 1526 aliquam
558 1440 795 1506 ordinationem
817 1442 925 1508 facere
948 1452 1148 1529 presumeret
1170 1442 1222 1506 vel
1246 1442 1417 1506 temerario
1441 1464 1523 1506 ausu
1546 1444 1715 1509 monachis
1741 1443 1862 1508 ibidem

217 1562 273 1625 pro
302 1552 451 1628 tempore
480 1543 541 1608 deo
564 1554 642 1609 vota
671 1544 875 1610 solventibus
898 1547 1086 1612 violentiam
1118 1548 1278 1631 ingereret
1300 1555 1357 1610 aut
1379 1547 1412 1609 in
1434 1544 1565 1610 abbatis
1588 1546 1781 1611 electionem
1805 1570 1861 1612 eos

214 1654 329 1709 coacte
353 1644 529 1729 induceret,
553 1647 612 1712 sed
633 1649 696 1732 ipsi
719 1649 870 1713 monachi
893 1649 1051 1714 haberent
1073 1648 1210 1713 liberam
1232 1657 1428 1733 potestatem
1451 1648 1590 1732 eligendi
1616 1672 1673 1735 pro
1692 1672 1749 1714 suo
1766 1649 1860 1715 libitu

211 1746 386 1831 abbatem,
421 1751 447 1813 si
477 1749 595 1835 aliquis
623 1750 707 1815 forte
737 1753 770 1815 in
799 1750 914 1817 eodem
942 1755 1166 1818 monasterio²
1198 1750 1242 1815 ad
1268 1750 1453 1815 huiusmodi
1490 1755 1597 1836 operis
1628 1752 1860 1817 exhibitionem

208 1848 334 1936 dignus
355 1853 570 1935 inveniretur,
593 1851 637 1917 ad
659 1853 721 1918 hoc
745 1855 883 1939 posthac
907 1854 1014 1920 nullus
1037 1857 1214 1940 imperator
1237 1856 1305 1918 sive
1327 1876 1387 1919 rex
1406 1853 1474 1918 dux
1490 1854 1634 1919 marchio
1651 1877 1761 1920 comes
1776 1858 1860 1919 vice·

206 1974 325 2018 comes
349 1965 407 2019 aut
429 1953 583 2041 quislibet
604 1958 650 2020 rei
672 1956 801 2042 publice
824 1967 960 2023 exactor
982 1981 1039 2022 seu
1063 1960 1176 2042 quevis
1198 1979 1318 2041 magna
1341 1959 1542 2042 remissaque
1561 1980 1701 2043 persona
1719 1959 1857 2042 praefati

207 2057 368 2123 coenobii
384 2082 436 2124 res
453 2070 486 2125 et
502 2059 645 2126 familias
660 2063 693 2125 in
712 2083 830 2146 magno
854 2071 911 2126 aut
934 2063 966 2126 in
991 2083 1093 2146 parvo
1117 2059 1289 2125 molestare
1312 2062 1492 2145 inquietare
1515 2070 1572 2124 aut
1593 2059 1738 2125 iudicare
1760 2071 1861 2145 temp·

206 2168 315 2242 taret,
346 2161 404 2227 sed
428 2165 538 2228 omnia
560 2187 622 2250 quq
645 2162 688 2228 ad
711 2163 796 2228 idem
819 2167 1052 2229 monasterium
1076 2166 1235 2248 pertinere
1259 2163 1519 2244 dinoscerentur,
1554 2165 1705 2246 potestati
1730 2163 1860 2228 abbatis

208 2266 268 2349 qui
292 2287 353 2350 pro
378 2275 524 2351 tempore
546 2267 642 2331 fuerit
664 2265 902 2331 subderenturb
925 2277 1022 2352 atque
1045 2268 1113 2329 eius
1136 2288 1275 2329 censura
1297 2265 1528 2330 iudicarentur.
1566 2266 1670 2350 igitur
1691 2269 1756 2331 iam
1780 2268 1859 2331 dicti

210 2365 357 2451 Agelulfi
380 2369 576 2434 venerabilis
599 2369 728 2434 abbatis
753 2369 903 2454 precibus
926 2370 1060 2433 modum
1082 2368 1277 2433 habentibus
1300 2370 1408 2433 animo
1432 2368 1577 2432 inclinati
1601 2369 1760 2453 simulque
1784 2392 1859 2434 con-

212 2469 396 2535 siderantes
413 2473 481 2536 eius
498 2474 703 2539 sanctitatem
720 2482 752 2536 et
768 2494 846 2535 suae
868 2470 1034 2535 fidelitatis
1057 2468 1337 2554 magnitudiucm⁰
1359 2468 1447 2554 qued
1470 2469 1662 2535 multociens
1684 2473 1718 2534 in
1741 2472 1859 2535 nostris

214 2575 333 2638 seriis⁰
356 2573 516 2640 desudare
539 2577 763 2660 cognovimus,
787 2576 980 2659 propensius
1002 2582 1112 2638 tamen
1136 2574 1187 2637 dei
1212 2574 1443 2657 omnipotentis
1466 2595 1576 2638 amore
1595 2583 1627 2637 et
1642 2576 1757 2639 timore
1774 2596 1861 2639 com·

214 2676 299 2760 pulsi
317 2698 337 2740 a
353 2698 417 2763 quo
434 2679 646 2742 centesimum
666 2678 815 2756 fructum,
840 2677 866 2738 si
890 2675 968 2761 quid
990 2674 1161 2740 fecerimus
1184 2675 1272 2756 boni,
1296 2678 1364 2739 eius
1388 2679 1594 2760 preveniente
1618 2680 1724 2760 gratia
1749 2700 1859 2741 sumus

214 2782 386 2865 recepturi,
411 2778 552 2866 aequmf
572 2803 682 2845 sumus
704 2782 766 2844 rati
790 2781 858 2844 eius
881 2777 1091 2863 petitionibus
1114 2800 1178 2842 non
1203 2778 1371 2862 refragari.
1409 2778 1617 2865 Quapropter
1638 2782 1790 2843 iussimus
1812 2780 1858 2843 illi

215 2880 278 2945 hoc
300 2891 447 2947 nostrum
470 2896 658 2969 preceptum
682 2884 751 2948 fieri
775 2893 807 2947 et
829 2903 887 2967 per
909 2903 982 2945 eum
1005 2882 1071 2944 suis
1093 2883 1233 2965 posteris
1256 2882 1289 2944 in
1314 2891 1502 2966 perpetuum
1525 2905 1583 2967 per
1605 2882 1693 2967 quod
1710 2882 1858 2947 iubemus

216 2995 248 3048 et
271 2987 403 3051 omnino
427 2988 608 3069 sancimus,
642 2997 679 3050 ut
702 2988 811 3052 omnia
834 3007 916 3071 quac
940 2986 1089 3069 superius
1111 2983 1263 3067 leguntur
1283 2984 1377 3048 firma
1400 2994 1432 3048 et
1454 2984 1646 3049 inconvulsa
1669 2985 1859 3066 habeantur,

217 3087 342 3153 scilicet
363 3097 400 3153 ut
421 3089 529 3154 nullus
552 3091 726 3175 episcopus
751 3098 943 3174 potestatem
967 3086 1051 3150 infra
1074 3089 1310 3171 praenominati
1333 3088 1521 3152 monasterii
1547 3088 1628 3151 fines
1651 3098 1684 3152 et
1706 3090 1859 3152 terminos

217 3188 337 3255 habeat
360 3191 532 3256 ordinandi
555 3202 611 3256 aut
633 3189 790 3276 eligendi,
827 3189 884 3254 sed
914 3191 998 3253 sicut
1024 3191 1090 3253 iam
1114 3188 1324 3271 dictumest,
1358 3190 1442 3255 idem
1466 3190 1617 3255 monachi
1641 3189 1766 3255 alterna
1789 3213 1859 3255 suc·

218 3293 364 3356 cessione
387 3293 530 3357 habeant
551 3292 716 3358 licentiam
739 3291 879 3375 eligendi
903 3292 942 3357 de
965 3294 1043 3373 suis,
1066 3303 1163 3377 prout
1185 3295 1231 3357 eis
1254 3296 1359 3357 visum
1388 3293 1494 3365 fuerit.
1540 3294 1691 3359 Preterea
1721 3293 1858 3378 posthac

216 3394 324 3460 nullus
339 3398 518 3482 imperator
532 3407 589 3461 aut
603 3421 661 3461 rex
678 3396 745 3461 dux
762 3395 906 3461 marchio
923 3418 1033 3460 comes
1049 3398 1232 3460 vicecomes
1248 3405 1306 3460 aut
1320 3395 1437 3481 aliquis
1457 3399 1502 3460 rei
1521 3393 1695 3481 publicae‘
1714 3398 1860 3461 minister

218 3522 274 3564 seu
298 3500 443 3585 quelibet
463 3523 584 3585 magna
607 3500 804 3585 remissaque
828 3521 968 3585 persona
990 3499 1030 3562 de
1054 3499 1205 3564 omnibus
1228 3523 1289 3585 que
1308 3498 1351 3563 ad
1367 3501 1527 3584 prefatum
1542 3502 1772 3566 monasterium
1789 3523 1847 3585 per

219 3604 330 3685 tinent,
354 3614 421 3669 tam
445 3604 541 3670 rebus
566 3626 664 3689 quam
686 3603 818 3668 familiis
837 3626 871 3667 se
887 3605 1099 3667 intromittere
1122 3612 1297 3687 presumat,
1321 3603 1378 3666 sed
1398 3606 1506 3668 omnia
1521 3603 1642 3668 iudicio
1658 3615 1690 3669 et
1705 3606 1856 3688 potestati

219 3705 346 3771 abbatis
371 3709 425 3792 qui
448 3729 506 3792 pro
529 3718 676 3792 tempore
704 3707 801 3770 fuerit
835 3715 1039 3770 reserventur
1070 3715 1168 3791 atque
1191 3704 1388 3785 subdantur,
1423 3708 1566 3770 omnium
1592 3706 1758 3771 hominum
1782 3729 1859 3771 con-

220 3809 411 3874 tradictione
438 3820 574 3874 remota.
620 3808 654 3873 si
684 3810 756 3893 quis
786 3810 886 3892 igitur
912 3809 1007 3872 huius
1030 3810 1132 3872 nostri
1160 3810 1324 3893 praecepti
1348 3807 1488 3873 violator
1510 3812 1661 3894 extiterit,
1686 3810 1858 3895 culpabilis

220 3910 344 3975 solvere
374 3921 511 3995 cogatur
537 3910 625 3976 mille
652 3910 753 3975 libras
783 3913 853 3974 auri
877 3912 1005 3995 optimi,
1040 3910 1245 3975 medietatem
1269 3910 1423 3975 kamerac
1444 3922 1576 3977 nostrae
1598 3922 1631 3976 et
1653 3913 1858 3978 medietatem

220 4016 439 4100 suprascripto
463 4013 614 4099 Agelulfo
638 4013 749 4078 abbati
774 4015 907 4098 eiusque
932 4013 1185 4078 successoribus.
1230 4013 1328 4092 Quod
1351 4025 1386 4079 ut
1408 4019 1516 4080 verius
1546 4017 1697 4081 credatur
1725 4015 1858 4101 diligen-

220 4117 346 4202 tiusque
368 4117 410 4182 ab
435 4117 585 4183 omnibus
608 4118 805 4198 observetur,
829 4140 928 4181 manu
951 4118 1083 4201 propria
1104 4117 1297 4183 roborantes
1321 4120 1454 4184 anulum
1476 4129 1623 4185 nostrum
1646 4122 1779 4186 inferius
1802 4124 1858 4185 im-

219 4241 312 4304 pnmr
336 4243 498 4285 russrmus.

318 4354 333 4437 l
354 4355 489 4442 Signum
513 4357 623 4424 domni
646 4357 778 4423 Ottonis
801 4358 865 4438 (M.)
891 4360 1086 4424 serenissimi
1110 4360 1249 4444 augusti.
1272 4355 1286 4439 ᾔ

319 4457 333 4541 ξ
354 4459 547 4525 Ambrosius
570 4461 784 4526 cancellarius
808 4460 957 4525 advicem
980 4461 1118 4527 Huberti
1139 4465 1285 4549 episcopi
1309 4474 1340 4528 et
1363 4464 1641 4529 archicancellarii
1667 4466 1859 4550 recognovit

218 4572 249 4627 et
271 4563 474 4648 subscripsit.
497 4561 511 4643 d
1641 4570 1722 4648 (SR.)
1744 4571 1800 4648 (sl.
1818 4573 1859 4649 5.)

319 4699 444 4764 Datum
467 4717 524 4764 xv.
548 4699 615 4765 kal.
639 4723 718 4765 mar.
743 4725 829 4768 anno
853 4703 1036 4768 dominicae
1058 4707 1298 4770 incarnacionis
1322 4721 1559 4786 nccccuxvur,
1589 4728 1675 4770 anno
1699 4729 1776 4770 vero
1800 4709 1858 4770 im-

217 4804 298 4888 perii
322 4802 431 4867 domni
457 4802 587 4868 Ottonis
619 4805 812 4869 serenissimi
841 4809 970 4889 augusti
995 4825 1060 4888 v11,
1094 4808 1271 4873 indictione
1294 4826 1347 4889 xl,
1382 4818 1492 4872 actum
1514 4809 1710 4889 Beneuenti,
1743 4803 1775 4872 in
1806 4808 1857 4872 dei

216 4906 348 4970 nomine
370 4906 507 4971 feliciter
529 4929 634 4971 amen.

303 5076 362 5131 250.
391 5078 488 5146 [Foltz]
577 5082 604 5142 a)
622 5084 648 5131 io
667 5081 720 5144 aas
731 5081 820 5132 Rasa·
904 5083 931 5141 b)
950 5082 1018 5132 noch
1036 5083 1131 5133 diesem
1143 5084 1186 5134 dia
1202 5087 1224 5134 7.
1240 5084 1401 5148 Schrifltet'la
1419 5083 1638 5134 obschliasrcndcn
1655 5082 1858 5133 Wartewiader·

389 5147 456 5198 holte
472 5149 520 5199 des·
538 5149 673 5201 Schretbcr
696 5153 871 5216 potestati-
890 5151 1065 5202 subderentur
1086 5152 1218 5202 trochaicis
1239 5154 1291 5216 cars
1306 5155 1354 5204 der
1372 5156 1391 5203 8
1413 5153 1587 5215 Scbrsflaes'ls,
1615 5152 1726 5202 erklla'rte
1743 5154 1781 5201 eie
1799 5152 1860 5199 aber

387 5217 468 5279 aosort
485 5218 567 5268 durch
587 5224 763 5284 unterpcsatatc
781 5218 883 5268 Punlclc
899 5220 949 5282 fa‘r
971 5221 1081 5286 capilts‘q
1193 5226 1217 5285 c)
1237 5239 1302 5272 corr.
1320 5239 1367 5272 aas
1390 5223 1579 5289 magnitudinis
1683 5223 1710 5283 d)
1729 5237 1793 5270 corr.
1812 5236 1859 5270 arra

388 5290 433 5351 qui
538 5290 562 5351 e)
582 5286 603 5336 A
622 5293 682 5337 etate
700 5290 813 5338 servitiis
917 5289 938 5353 f)
957 5289 987 5340 A.
