4298 6414
221 452 287 517 4:50
817 459 1268 517 KAISERURKUNDEN.

222 653 334 707 sancte
365 640 523 726 ccclesiae
553 642 687 726 eiusque
717 640 921 705 cultoribus*
949 639 992 704 ad
1021 639 1223 704 celsitudinis
1251 638 1379 704 culmen
1408 638 1536 722 erigere
1568 658 1730 703 conamur.
1765 640 1822 722 Qu.

221 757 353 831 propter
382 754 543 831 agnoscat
570 744 766 809 universitas
795 752 982 808 nostrorum
1010 742 1154 807 fidelium
1185 742 1310 808 scilicet
1339 743 1542 828 presentium
1571 762 1611 806 ac
1633 740 1823 829 futurorum!

220 848 359 934 qualiter
373 871 433 912 nos
453 870 511 933 pro
528 847 580 913 dei
597 848 829 932 omnipotentis
848 869 958 912 amore
980 854 1231 932 nostrarumque
1254 848 1437 911 animarum
1459 845 1605 911 remedio
1628 843 1762 910 inclinati
1777 871 1822 933 pre

221 950 313 1015 cibus
336 950 475 1015 Huberti
499 951 646 1034 episcopi
670 948 788 1013 dilecto
811 947 964 1035 fidelique
986 958 1125 1015 nostro⁸
1155 972 1213 1035 per
1233 948 1297 1013 hoc
1320 960 1469 1015 nostrum
1492 957 1682 1035 preceptum
1703 947 1821 1018 donamus

220 1054 428 1118 concedimus
459 1062 556 1138 atque
584 1051 740 1135 largimur
771 1050 921 1116 omnibus
947 1051 1172 1117 sacerdotibus
1194 1051 1301 1117 levitis
1324 1052 1551 1137 universisque
1574 1052 1678 1116 sacris
1698 1051 1841 1122 ordinibus

220 1156 310 1240 Luce
333 1157 458 1220 civitati
469 1166 482 1193 ⁸
504 1154 783 1220 commorantibus
799 1177 856 1219 seu
872 1155 971 1220 etiam
988 1154 1195 1236 suburbanis,
1219 1163 1255 1219 ut
1270 1155 1426 1240 deinceps
1440 1157 1577 1219 inantea
1592 1176 1614 1217 a
1628 1152 1720 1217 nullis
1732 1162 1822 1240 mamis

219 1261 395 1344 parvisque
418 1260 568 1344 personis
593 1255 783 1343 [hominum]
808 1255 851 1321 ad
874 1256 1036 1322 secularia
1059 1256 1182 1321 indicia
1203 1280 1263 1343 pro
1287 1257 1515 1344 qualicumque
1547 1259 1758 1323 controversia
1773 1283 1823 1327 exa·

217 1363 381 1426 minentur
408 1361 460 1426 vel
489 1361 726 1446 distringantur
754 1361 815 1425 nisi
845 1359 887 1424 ab
917 1383 1029 1425 eorum
1057 1359 1202 1445 presule,
1236 1369 1270 1426 et
1303 1359 1350 1444 [ut
1371 1360 1491 1445 nullus]
1522 1362 1558 1425 in
1582 1359 1727 1425 domibus
1746 1384 1822 1430 eornm

219 1464 330 1550 aliqua
353 1466 547 1530 invasione²¹
570 1464 690 1530 audeat
712 1465 831 1528 inferre
853 1462 904 1527 vel
927 1463 1083 1528 tributum
1107 1464 1176 1529 sive
1197 1463 1360 1529 redditum
1382 1487 1440 1530 seu
1460 1466 1561 1529 etiam
1582 1464 1823 1548 superimpositum

218 1568 348 1632 isdem‘*
370 1568 595 1633 sacerdotibus
619 1576 651 1632 et
673 1568 799 1631 cunctis
823 1568 925 1630 sacris
950 1565 1118 1631 ordinibus
1141 1589 1162 1630 a
1184 1576 1342 1654 quoqua⁸
1363 1589 1505 1652 persona
1527 1567 1661 1631 minime
1680 1568 1852 1651 imponaturrt

218 1670 271 1734 vcl
294 1672 487 1756 requiratur,
511 1681 544 1735 et
566 1693 606 1735 ne
629 1669 746 1755 aliquis
769 1669 890 1734 audeat
914 1691 949 1733 se
971 1670 1185 1735 intromittere
1209 1671 1279 1735 sine
1300 1669 1399 1755 legali
1417 1669 1539 1734 iudicio
1558 1671 1594 1733 in
1611 1670 1761 1734 univorsis
1775 1692 1824 1755 sup

220 1772 436 1858 pellectilibus
460 1796 571 1839 eorum
594 1775 662 1838 sive
685 1775 718 1837 in
742 1774 844 1838 servis
868 1773 1036 1858 utriusque
1059 1794 1159 1837 sexus
1181 1772 1235 1837 vel
1257 1774 1356 1838 etiam
1373 1771 1507 1838 familiis
1522 1770 1697 1837 movilibus
1712 1782 1741 1835 et
1754 1774 1824 1837 inmo·

219 1876 337 1940 vilibus
368 1878 456 1940 arvis
487 1876 651 1942 coltilibus
682 1887 715 1942 ct
743 1875 943 1941 incoltilibus
972 1878 1076 1942 vineis
1100 1876 1228 1942 olivetis
1260 1876 1350 1941 silvis
1380 1877 1484 1963 pratis
1512 1874 1722 1961 pascualibus
1745 1877 1825 1941 setin
1912 1850 1916 1923 ¹-

219 1982 380 2046 univcrsis
403 1979 638 2045 hereditatibus
661 2004 772 2046 eorum
797 1983 866 2046 sive
890 1981 1061 2068 adquisitis
1084 1991 1212 2047 neone⁸
1239 1980 1408 2046 libellariis
1430 1978 1483 2044 vel
1507 1977 1666 2066 quicquid
1690 1976 1747 2043 illis
1769 1980 1825 2042 inte

219 2093 251 2148 et
273 2083 420 2169 legaliter
442 2107 574 2149 cernere
597 2086 802 2170 perspicitur.
846 2084 986 2170 Insuper
1009 2084 1219 2151 concedimus
1243 2083 1285 2149 ob
1308 2094 1455 2149 nostram
1476 2082 1682 2169 imperialem
1703 2081 1827 2146 dicionem
1838 2092 1857 2139 u

220 2185 369 2251 omnibus
394 2186 617 2250 sacerdotibus
640 2185 747 2251 levitis
771 2188 963 2273 cunctisque
986 2189 1088 2252 sacris
1108 2187 1288 2271 ordinibus,
1311 2198 1476 2254 uteorum
1491 2186 1676 2251 advocatus
1690 2208 1752 2251 non
1763 2184 1829 2249 ubter

219 2290 281 2352 nisi
309 2288 397 2353 solus
427 2291 510 2353 iuret
538 2291 607 2354 sine
638 2289 705 2353 ulla
735 2291 1010 2376 contradictione,
1045 2295 1130 2357 sicut
1151 2295 1186 2358 in
1209 2303 1325 2359 sancta
1346 2293 1497 2359 Romana
1520 2291 1662 2358 ecclesia
1684 2293 1831 2377 agimus

218 2388 340 2477 lice[at]
371 2392 434 2456 illis
464 2393 642 2458 secundum
672 2393 929 2461 ecclesiasticum
958 2396 1097 2481 gradum
1118 2396 1171 2461 vel
1193 2418 1342 2462 normam
1372 2405 1511 2480 sanctq⁸
1539 2396 1679 2461 canonis
1700 2397 1796 2459 vivero
1810 2402 1832 2457 et

219 2495 279 2560 snb
302 2505 414 2561 nostro
438 2495 610 2581 institulto]
636 2496 806 2583 privilegio
831 2501 1019 2565 consistere.
1054 2500 1098 2564 Et
1112 2502 1160 2565 ita
1176 2524 1254 2566 sane
1270 2502 1488 2588 precipientes
1510 2498 1663 2565 iubemus
1678 2509 1714 2563 ut
1730 2494 1833 2585 [nulllu

220 2599 288 2663 dux
319 2598 412 2682 s[iv]e
442 2599 587 2664 marchio
623 2621 732 2664 comcs
763 2602 945 2668 vicecomes
979 2602 1161 2687 gastaldius
1193 2603 1324 2669 curialis
1362 2602 1524 2687 [cxlactor
1560 2601 1735 2689 [publicu]s
1766 2598 1867 2685 [sirlett

219 2703 350 2786 miss[us
374 2703 570 2788 discurrens]
594 2703 648 2769 vel
671 2706 769 2769 etiam
791 2704 865 2769 ullis
888 2708 1059 2791 personis“
1086 2706 1254 2773 hominum
1281 2707 1342 2772 hos
1371 2705 1451 2790 ia[m
1480 2706 1598 2791 dictos]
1624 2706 1839 2771 sacerdoteset

218 2805 415 2890 u[ni]versos
439 2830 551 2872 sacros
575 2806 705 2872 ordines
728 2808 849 2873 audeat
876 2832 910 2873 se
939 2807 1023 2874 ultro
1053 2810 1201 2893 ingerere
1229 2813 1262 2875 in
1292 2810 1443 2876 omnibus
1472 2808 1587 2875 casisl'
1617 2820 1650 2875 et
1677 2808 1770 2875 rebus
1792 2808 1841 2872 ian

219 2912 367 2996 superius
391 2913 570 2996 prenotatis
593 2911 645 2976 vel
668 2912 766 2975 etiam
789 2913 836 2975 cis
860 2914 1001 2976 sevitiac
1023 2922 1080 2977 aut
1101 2913 1236 2978 iniurias
1258 2914 1394 2996 inferre,
1422 2913 1480 2978 sed
1502 2915 1568 2979 sint
1591 2912 1652 2978 sub
1676 2924 1782 2977 nostro
1800 2912 1842 2975 im·

218 3014 333 3100 periali
355 3025 510 3101 precepto
534 3017 594 3080 tuti
617 3025 650 3080 et
673 3017 782 3100 quieti,
807 3025 966 3102 quatenus
990 3019 1205 3103 omnipotenti
1228 3018 1289 3083 deo
1313 3019 1446 3103 eiusque
1470 3019 1595 3082 sanctis
1618 3015 1765 3082 ecclesiis
1780 3012 1843 3080 inol-

219 3119 309 3184 fonse
337 3118 468 3183 valeant
497 3121 662 3184 servitium
691 3119 862 3203 exhibere,
896 3130 928 3184 et
958 3120 1046 3206 quod
1069 3144 1089 3186 a
1111 3122 1208 3186 nobis
1231 3123 1413 3187 sanccitum
1436 3130 1485 3185 est
1510 3119 1621 3186 nullus
1644 3118 1876 3205 audeatque

219 3243 357 3308 cumque
380 3223 472 3288 titulo
496 3223 688 3307 infringere,
724 3222 781 3286 sed
810 3225 874 3287 sint
896 3226 1012 3288 remoti
1035 3224 1079 3289 ab
1103 3223 1254 3289 omnibus
1277 3222 1592 3290 contradictionibus
1614 3222 1789 3288 hominum.
1821 3217 1847 3285 si

219 3327 290 3410 quis
313 3327 411 3409 igitur
433 3325 528 3391 huius
550 3328 655 3391 nostri
678 3329 823 3412 precepti
846 3327 989 3392 violator
1010 3337 1067 3391 aut
1093 3326 1317 3392 contradictor
1345 3328 1505 3409 extiterit,
1541 3328 1627 3392 sciat
1649 3348 1685 3392 se
1708 3325 1847 3411 composi·

218 3439 326 3495 turum
348 3434 418 3496 auri
443 3431 555 3496 obtimi
580 3430 681 3496 libras
704 3446 849 3514 centum,
884 3434 1092 3498 medietatem
1114 3433 1248 3497 kamere
1270 3441 1401 3516 nostrae
1424 3441 1457 3496 et
1479 3428 1690 3495 medietatem
1712 3428 1848 3515 prediofis

220 3535 444 3600 sacerdotibus
468 3558 542 3600 cum
565 3538 725 3600 universis
750 3538 852 3599 sacris
877 3534 1045 3599 ordinibus
1074 3556 1250 3619 eorumque
1279 3531 1534 3598 successoribus.
1579 3529 1680 3612 Quod
1702 3540 1737 3597 ut
1757 3530 1848 3594 verius

219 3639 371 3703 credatur
394 3638 645 3725 diligentiusque
668 3638 709 3703 ab
732 3638 881 3704 omnibus
901 3638 1100 3721 observetur,
1124 3637 1275 3702 manibus
1291 3637 1430 3724 propriis
1446 3634 1642 3701 roborantes
1658 3633 1747 3699 anuli
1760 3633 1880 3699 nostritl

218 3743 431 3827 impressione
455 3742 566 3807 subter
588 3745 735 3826 insigniri
759 3744 922 3807 iussimus.

320 3878 334 3889 n

320 3892 334 3958 ξς
356 3881 491 3964 Signum
514 3881 625 3946 domni
650 3879 790 3945 Ottonil
812 3883 875 3962 (M.)
898 3882 1095 3945 screnissimi
1118 3880 1335 3964 imperatoris.
1358 3876 1372 3958 ξ

320 3982 550 4063 {Ambrosius
581 3984 797 4049 cancellarius
826 3984 976 4048 advicem
999 3982 1139 4047 Huberti
1162 3983 1308 4067 episcopi
1331 3990 1364 4045 et
1386 3978 1666 4045 archicancellarii
1689 3974 1847 4061 recognovi

219 4098 250 4153 et
274 4087 463 4173 subscripsi.
486 4084 500 4166 l
1741 4086 1795 4164 (SI.
1808 4082 1848 4159 D.)

1000 4273 1085 4346 336.
1860 4306 1882 4355 a

227 4428 307 4504 Orto
335 4430 495 4527 tatntipt
521 4430 585 4502 ‹lcr
610 4430 716 4502 Abra
741 4457 786 4501 su
812 4427 967 4503 Sublato
996 4428 1054 4500 <lie
1077 4439 1293 4526 ,reseramus
1320 4426 1568 4523 Besitznnpen.

1433 4568 1512 4626 Rem
1534 4568 1599 4626 967
1620 4565 1747 4625 Jostuar
1767 4566 1814 4624 11.

319 4760 490 4832 Itcpistruru
514 4761 689 4821 Sublacensc
711 4780 768 4819 aus
791 4761 842 4818 des·
863 4761 951 4818 Mitte
974 4760 1023 4818 des
1046 4765 1097 4819 11.
1121 4759 1173 4818 Jb.
1199 4756 1222 4829 s.
1247 4746 1276 4816 1'
1299 4758 1342 4814 im
1363 4756 1552 4815 Abteiorcbiv
1572 4772 1629 4814 von
1651 4754 1779 4815 διώξασα
1795 4751 1850 4832 (Α).

319 4900 467 4959 blobillou
491 4900 567 4958 dnn.
591 4900 636 4959 cd.
656 4907 680 4969 1,
704 4905 734 4969 3,
759 4902 821 4959 590
844 4900 932 4959 Estr.
963 4932 1004 4940 —
1031 4897 1186 4954 Muratort‘
1208 4895 1261 4955 SS.
1284 4898 1342 4963 24,
1366 4894 1525 4966 9521209.
1553 4894 1597 4950 im
1619 4890 1728 4951 Oleros.
1758 4890 1852 4952 Subla·

321 5021 411 5062 oense.
436 5038 477 5046 -
499 5004 653 5061 Muratori
675 5003 746 5060 Ant.
771 5002 842 5061 Ital.
859 5005 888 5067 5.
906 5004 968 5060 455
992 5018 1048 5059 asts
1071 4996 1226 5069 Abscbrift
1247 4999 1323 5057 nacla
1344 4998 1374 5056 A
1396 5021 1437 5049 =
1459 4998 1566 5056 Massi
1582 4992 1691 5056 Cuncti.
1710 5013 1785 5055 sota
1799 4992 1890 5053 sous

320 5108 363 5167 ccl.
384 5115 408 5178 Ι,
432 5103 476 5178 2⁶,
501 5110 551 5167 51.
576 5140 617 5148 -
640 5106 741 5165 Allodr'
763 5107 827 5165 arrd
849 5108 921 5165 Leo-*i
943 5108 1067 5179 Repesto
1091 5104 1267 5164 Sublacensc
1289 5107 1309 5161 4
1331 5109 1365 5161 πθ
1386 5108 1408 5163 3
1430 5120 1487 5162 aus
1509 5102 1546 5159 A.
1569 5135 1614 5143 —
1638 5100 1769 5160 Bobmer
1789 5100 1852 5172 Ray.

318 5214 391 5271 327.
414 5243 456 5253 -
480 5208 609 5283 &rtrupf
625 5210 698 5282 ch.
723 5212 795 5268 416.

320 5346 382 5404 Vos
405 5347 444 5405 lt.
458 5348 498 5405 D.
522 5347 622 5405 ‹listi-rt
645 5346 709 5405 und
731 5347 970 5405 toclrrscltciulicb
991 5347 1067 5404 auch
1086 5345 1278 5418 perclariebcu.
1315 5344 1377 5403 Vort
1399 5342 1455 5402 ders
1476 5344 1540 5402 bier
1560 5342 1731 5401 mwdbmm
1751 5342 1854 5401 taum

317 5449 410 5507 lisboa
432 5450 497 5507 und
513 5450 703 5522 perpetuetur
723 5450 885 5508 Urlurulcn
907 5450 1041 5508 terrama
1065 5448 1199 5521 solpcttslc
1220 5465 1278 5506 reru
1302 5447 1501 5506 atestensis
1522 5446 1678 5505 Batracltt:
1701 5447 1741 5506 D.
1759 5446 1854 5519 Hunos

316 5552 379 5609 tend
395 5553 523 5612 Lotlsurs
538 5572 603 5612 voris
619 5553 651 5613 J.
665 5557 726 5614 941
747 5554 876 5612 Bdlurrcr
891 5554 963 5626 Ray.
981 5553 1057 5612 Kar.
1074 5555 1158 5612 1405
1181 5551 1245 5610 aad
1260 5552 1308 5609 dic
1323 5551 1432 5609 Ballou
1446 5549 1590 5611 Nicolasts
1609 5558 1633 5610 Ι.
1657 5549 1753 5628 (Jafft
1768 5550 1812 5611 ed.
1826 5554 1892 5607 114⁶

302 5718 360 5772 stt.
389 5720 559 5790 [Lasclritner]
664 5722 733 5785 a)A
836 5722 864 5787 b)
882 5721 905 5773 Δ
923 5728 984 5773 rtatt
1002 5725 1090 5773 causis
1193 5723 1218 5787 c)
1234 5719 1257 5771 Δ
1275 5726 1336 5772 auu
1353 5723 1468 5772 servitia.
