4500 6420
377 441 442 507 390
971 451 1423 511 KAISERURKUNDEN.

378 647 535 698 coenobium
563 645 707 697 secundum
736 646 853 712 regulam
881 647 966 696 sancti
988 637 1136 706 Benedlicti
1158 645 1191 695 de
1212 637 1329 710 prolpria
1357 649 1564 714 congregacione
1591 650 1752 700 abbatissam
1775 635 1886 718 eligere,
1914 653 2020 718 sintque

378 767 468 802 omues
494 766 535 801 res
563 733 672 801 eidemr
696 752 848 802 monasterii
876 756 929 800 tam
957 742 1095 811 ho[mines]
1122 750 1200 800 liberi
1222 754 1249 799 et
1270 751 1340 800 servi
1367 765 1499 816 quamque
1527 767 1617 802 omnes
1639 768 1681 802 ros
1704 753 1755 819 aliq
1777 754 1827 803 sub
1850 759 1942 804 nostra
1961 740 2019 803 lm·

377 838 491 925 periali
519 853 671 905 defensione
694 854 794 920 munite
823 858 903 919 atque
931 854 1051 919 defense,
1082 859 1109 904 et
1131 855 1153 904 si
1175 868 1283 903 necesse
1305 854 1399 916 fuerit,
1428 854 1460 904 de
1483 855 1562 904 rebus
1584 860 1611 905 et
1633 855 1739 905 familiis
1760 856 1845 921 ipsine
1867 857 2020 906 monasterii

376 972 423 1021 per
444 958 646 1022 inquisicionem
669 957 906 1007 circamanencium
929 957 1059 1006 bonorum
1081 956 1218 1006 hominum
1241 957 1310 1006 sicut
1332 956 1365 1006 de
1387 958 1483 1007 nostris
1505 942 1729 1028 imperialibus
1751 959 1831 1009 rebus
1853 959 1952 1009 veritas
1974 957 2019 1007 ad-

376 1043 535 1124 probatur!
566 1061 626 1110 Hoc
643 1076 748 1126 quoque
771 1062 911 1111 statuimus
929 1065 961 1109 ut
978 1059 1067 1109 nullus
1085 1059 1247 1124 reipublice
1269 1061 1388 1112 minister
1410 1074 1495 1124 neque
1517 1060 1615 1125 aliquis
1630 1077 1663 1112 ex
1678 1061 1819 1112 iudiciaria
1839 1044 2054 1127 potestatqub

377 1162 496 1213 homines
519 1162 636 1212 eiusdem
659 1164 811 1214 monasterii
834 1163 932 1213 liberos
948 1167 995 1212 aut
1010 1177 1100 1211 servos
1122 1161 1247 1226 deinceps
1269 1163 1417 1227 inquietare
1431 1170 1567 1230 prqsumat
1581 1165 1624 1215 vel
1639 1165 1699 1216 loca
1713 1166 1747 1215 ad
1763 1180 1857 1215 musas
1872 1163 2020 1214 audiendas

375 1265 419 1315 vel
433 1265 509 1316 freda
530 1266 661 1331 exigenda
683 1272 730 1316 aut
751 1267 852 1316 tributa
874 1271 921 1315 aut
942 1266 1162 1315 mansionaticum
1185 1264 1336 1313 faciendum
1357 1264 1401 1315 vel
1423 1272 1529 1331 paratas
1551 1268 1686 1318 faciendas
1709 1285 1758 1319 nec
1779 1267 1948 1318 fideiussores
1970 1267 2019 1317 tol-

375 1370 468 1420 lendos
496 1376 543 1420 aut
569 1371 689 1421 homines
717 1371 834 1421 eiusdem
863 1370 991 1436 aecclesie.
1020 1371 1148 1435 ingenuos
1171 1368 1213 1419 vel
1236 1384 1326 1418 servos
1355 1384 1434 1434 snper
1455 1374 1551 1419 terram
1574 1371 1658 1434 ipsius
1680 1370 1801 1421 coenobii
1824 1374 2020 1419 commanentes

376 1473 571 1539 distringendos
592 1473 635 1523 vel
657 1474 726 1523 ullas
757 1474 930 1524 redibiciones
959 1477 1007 1523 aut
1035 1473 1150 1523 inlicitas
1177 1472 1350 1522 hoccasiones
1377 1472 1547 1537 requirendas
1573 1473 1675 1539 ingredi
1705 1474 1815 1535 audeat,
1844 1478 1872 1523 et
1892 1472 2020 1538 quicquid

377 1576 472 1625 exinde
499 1575 578 1626 fiscus
600 1582 689 1629 noster
710 1577 753 1627 vel
775 1570 861 1641 pras⁸
889 1575 998 1640 publica
1020 1590 1125 1639 sperare
1147 1576 1278 1640 potuerit,
1307 1577 1335 1624 in
1358 1577 1449 1626 eodem
1472 1580 1631 1628 monasterio
1654 1578 1798 1628 secundum
1821 1578 2017 1627 concessionem
2039 1579 2071 1625 10

378 1684 404 1728 et
426 1677 656 1729 confirmacionem
684 1695 774 1744 regum
798 1683 824 1728 et
846 1679 1033 1742 imperatorum
1056 1683 1083 1729 et
1104 1678 1318 1744 predecessorum
1340 1696 1356 1726 s
1379 1679 1540 1729 sollemniter
1567 1685 1696 1745 perpetua
1717 1681 1862 1731 stabilitate
1885 1679 2019 1730 firmamus

377 1797 425 1846 pro
444 1781 563 1832 mercede
581 1797 613 1832 ac
634 1782 750 1832 remedio
773 1783 859 1832 anime
882 1787 971 1848 nostre
993 1764 1237 1847 parentorumqm‘
1257 1787 1414 1845 nostrorrun‚
1437 1782 1582 1848 damusque
1600 1785 1624 1834 ci
1639 1783 1773 1835 licentiam
1791 1784 1824 1833 de
1841 1784 1909 1833 silva
1930 1789 2021 1833 nostra

377 1884 532 1934 carbonaria
547 1889 574 1934 et
587 1886 666 1951 gagio
681 1867 878 1936 materiamenh
900 1886 933 1935 sd
948 1886 1145 1949 reparacionem
1160 1885 1244 1949 ipsius
1259 1885 1412 1935 monasterii
1427 1887 1561 1950 suscipere
1576 1902 1608 1935 ac
1623 1886 1696 1952 ligna
1714 1888 1770 1937 sive
1788 1903 1876 1937 cerros
1891 1887 1926 1937 ad
1941 1903 2018 1936 usum

376 1987 445 2051 ignis
467 1986 565 2037 habere
586 1989 662 2037 iuxta
684 1971 831 2053 temporisi
860 1970 1092 2053 oportunitatem¹¹
1115 1992 1242 2052 quantum
1265 2003 1372 2038 necesse
1395 1988 1481 2038 luerit
1519 1988 1555 2038 Et
1577 1990 1797 2056 quandocumque
1819 1984 1851 2039 et
1874 1974 2019 2060 quando·

377 2083 540 2160 cumquell
561 2092 705 2141 necessitas
727 2093 825 2142 eminet
835 2074 857 2155 ¹,
883 2108 964 2142 naves
987 2093 1044 2142 eius
1065 2107 1112 2156 per
1134 2091 1301 2140 Ticinensem
1323 2097 1427 2155 portum
1450 2097 1504 2140 tam
1526 2107 1573 2155 per
1595 2097 1700 2157 portum
1721 2094 1848 2143 Buricum
1871 2109 1950 2159 quam
1972 2110 2018 2158 per
2038 2100 2070 2146 15

376 2192 520 2256 quemlibet
539 2193 651 2243 alterum
673 2194 819 2245 discurrere
842 2196 944 2259 possint
965 2195 1065 2259 absque
1088 2194 1201 2243 alicuius
1224 2194 1432 2260 contradictione
1447 2196 1489 2245 vol
1508 2195 1604 2245 telonei
1624 2198 1781 2263 exaccionq;
1805 2198 1909 2262 etquis
1926 2204 2019 2246 contra

375 2295 539 2345 voluntatem
562 2296 603 2346 dei
626 2297 763 2361 aliquanta
784 2300 944 2348 monasteria
966 2313 982 2347 a
1003 2297 1112 2362 publicu
1133 2302 1264 2362 potestatq
1286 2302 1393 2361 propter
1415 2299 1550 2363 navigium
1574 2282 1735 2347 dictione¹
1759 2299 1793 2348 ad
1817 2283 2018 2369 imperialem

378 2396 519 2448 utilitatem
539 2399 728 2464 inquietantur,
751 2400 814 2450 huic
835 2405 926 2450 sancto
949 2401 1007 2449 loco
1030 2382 1169 2449 funditusi
1192 2399 1360 2449 concedimus
1383 2404 1410 2449 ct
1431 2400 1558 2465 largimur
1575 2405 1606 2450 ut
1624 2400 1749 2465 deinceps
1770 2403 1877 2451 inantea
1900 2401 1931 2451 de
1954 2402 2018 2465 ipsis

376 2500 490 2549 navibus
512 2505 538 2550 et
560 2501 592 2550 de
615 2503 737 2552 omnibns
764 2503 879 2568 publicis
906 2503 1088 2554 functionibus
1109 2504 1215 2568 quietus
1238 2509 1317 2568 atque
1339 2519 1448 2554 securus
1470 2511 1623 2570 permaneat
1645 2506 1745 2571 absque
1768 2507 1882 2555 alicuius
1905 2506 2017 2555 hominis

376 2603 566 2667 inquietudine,
600 2587 646 2653 Ut
664 2621 753 2655 omnes
775 2622 861 2655 rerum
885 2608 1105 2657 commutaciones
1128 2621 1194 2672 quas
1216 2605 1336 2671 predicta
1357 2607 1493 2658 abbatissa
1509 2593 1719 2678 Reglngarda
1740 2610 1811 2658 iusto
1834 2608 1925 2658 ordine
1947 2608 2018 2670 lecit,
2035 2611 2069 2657 20

376 2711 500 2757 maneant
527 2708 691 2759 inconvulse.
728 2710 787 2760 Hec
809 2716 897 2761 autem
926 2713 1015 2761 omnia
1042 2713 1163 2775 superius
1192 2709 1316 2774 alligata,
1345 2711 1424 2759 sicuti
1448 2725 1464 2760 a
1485 2710 1716 2776 predecessoribus
1744 2712 1841 2761 nostris
1864 2710 1970 2775 regibus
1993 2714 2019 2760 et

375 2811 578 2874 imperatoribus
607 2828 733 2863 concessa
754 2819 781 2864 et
803 2813 957 2865 confirmata
984 2821 1058 2876 snnt,
1087 2813 1255 2864 concedimus
1279 2818 1306 2862 et
1328 2812 1512 2862 confirmamus
1535 2813 1619 2863 eidem
1642 2813 1787 2864 venerabili
1810 2813 1938 2863 coenobio
1960 2828 2017 2876 per-

375 2912 514 2963 fruendum
542 2917 706 2981 temporibus
731 2920 866 2983 perpetuis
887 2920 945 2968 iure
967 2919 1115 2969 firmissimo
1138 2916 1311 2982 possidenda,
1341 2920 1372 2965 ut
1394 2918 1443 2965 sub
1466 2917 1591 2966 tuicionis
1614 2923 1703 2982 nostrq
1726 2916 1902 2966 mundiburdo
1926 2931 2017 2965 secure

374 3024 549 3081 perseverent
585 3019 698 3085 Insuper
719 3020 904 3071 confirmamus
926 3022 1027 3087 pretato
1051 3021 1209 3071 monasterio
1227 3035 1275 3083 pro
1295 3019 1409 3069 remedio
1433 3021 1519 3070 suime
1542 3025 1631 3070 nostre
1653 3021 1751 3070 vadum
1774 3037 1857 3070 unum
1871 3022 1899 3069 in
1914 3021 2016 3069 Padum

375 3120 410 3169 ad
431 3121 585 3185 piscandum
614 3114 669 3183 albi
698 3115 857 3183 nolminatnr
880 3124 967 3189 Caput
987 3125 1077 3186 Lecti,
1107 3124 1247 3173 habentem
1268 3123 1296 3171 iu
1318 3122 1458 3172 terminum
1481 3125 1644 3188 superiorem
1667 3124 1693 3173 iu
1716 3140 1768 3188 quo
1792 3123 2015 3190 Cuqogepidusco,
2035 3130 2068 3177 26

376 3223 436 3274 iude
458 3226 588 3288 percurrit
609 3226 644 3274 ad
666 3216 797 3285 [eluudem
819 3226 906 3277 locum
929 3227 974 3276 ubi
998 3227 1102 3292 Agonia
1123 3226 1211 3275 influit
1234 3225 1342 3288 Padum.
1376 3224 1531 3276 Stabilimus
1554 3228 1633 3277 etiam
1655 3227 1773 3292 prqdicto
1796 3228 1954 3277 monasterio
1978 3229 2015 3276 in-

374 3326 446 3376 sulas
468 3328 543 3376 iuxta
565 3327 709 3392 prqdictam
730 3329 907 3392 piscacionem
922 3345 954 3379 en
970 3335 1081 3393 utraque
1097 3334 1171 3392 parte
1186 3329 1261 3390 Padi,
1284 3328 1543 3394 quicquid'antiquo
1566 3325 1715 3394 ternpore¹1¹
1737 3329 1805 3379 idem
1829 3332 2016 3380 monasterium

375 3447 422 3480 eeu
445 3431 570 3481 moderno
593 3431 710 3481 obtinuit
731 3433 774 3482 vel
796 3427 923 3482 Padum¹¹
947 3434 1045 3481 invasit
1066 3438 1113 3482 aut
1135 3433 1161 3480 ἰιι
1184 3432 1303 3480 futurum
1325 3433 1427 3496 ruperit
1449 3432 1481 3482 de
1503 3433 1616 3496 propriis
1639 3424 1732 3496 ip[sius
1755 3423 1915 3494 molnesterii
1938 3433 2017 3481 rebus

375 3533 427 3583 fine
450 3536 580 3585 Nebiasco
611 3551 696 3600 usque
718 3535 753 3585 ad
774 3535 884 3584 fluvium
906 3535 1023 3600 Agonia,
1052 3535 1146 3584 deiude
1175 3535 1232 3598 ipse
1254 3532 1314 3581 finis
1337 3532 1473 3584 descendit
1494 3535 1521 3583 in
1543 3533 1644 3583 Padum
1668 3549 1684 3583 a
1706 3534 1817 3583 termino
1840 3535 1886 3598 qui
1907 3540 2018 3584 vocatur

375 3638 546 3699 Grindolato,
575 3639 706 3702 percurrit
727 3639 754 3686 iu
777 3638 873 3687 melum
901 3638 1021 3698 insitum,
1051 3637 1145 3687 deinde
1169 3637 1202 3686 ad
1224 3642 1328 3700 portum
1352 3636 1440 3700 Caput
1462 3637 1553 3699 Laeti,
1582 3642 1708 3701 quantum
1738 3636 1807 3685 idem
1830 3637 2015 3686 monasterium
2034 3643 2068 3689 30

375 3743 499 3806 preterito
528 3748 644 3806 tempore
673 3743 788 3791 obtinuit
814 3757 861 3791 suo
885 3743 942 3791 iure
965 3743 1033 3791 iuste
1056 3748 1082 3791 et
1104 3741 1238 3806 legaliter,
1262 3755 1308 3789 seu
1332 3739 1403 3804 quod
1426 3739 1554 3804 Cunipert
1576 3756 1622 3790 rex
1644 3741 1710 3790 inibi
1734 3740 1846 3789 contulit
1868 3733 1937 3788 ιιιο
1960 3756 2016 3804 prq-

375 3848 480 3906 ccptum
503 3845 604 3906 ipsum,
627 3844 721 3893 iterum
744 3845 823 3893 etiam
845 3843 1013 3893 concedimus
1029 3850 1055 3894 et
1070 3843 1255 3893 confirmamus
1270 3845 1298 3891 in
1314 3844 1406 3894 eodem
1429 3850 1520 3894 sancto
1543 3845 1654 3910 cqnobio
1677 3844 1760 3893 vados
1778 3844 1844 3893 diros
1864 3844 1897 3893 ad
1915 3844 2016 3908 piscan-

375 3946 437 3994 dum
460 3947 488 3993 iu
510 3946 591 3995 fluvio
613 3946 721 4010 Ticino,
748 3963 829 3996 uuum
852 3948 897 4012 qui
920 3948 1070 3997 nominatur
1098 3947 1188 3995 iuxsta
1209 3947 1310 3996 Furcas
1337 3953 1363 3996 et
1384 3947 1497 3997 basilica
1524 3950 1609 3997 sancti
1632 3947 1769 4008 Germani,
1797 3963 1850 3996 uno
1873 3948 1960 4010 capite
1983 3932 2016 3995 ln

375 4050 433 4112 ipso
462 4048 530 4097 vado
559 4053 664 4098 tenente
692 4064 777 4114 usque
805 4048 839 4098 ad
861 4032 953 4098 rium‘
978 4051 1022 4114 qui
1046 4049 1197 4098 nominatur
1218 4049 1279 4099 Alto
1304 4057 1331 4100 et
1353 4050 1399 4099 ubi
1421 4051 1543 4114 superius
1566 4055 1592 4100 et
1614 4050 1725 4099 interius
1747 4054 1856 4114 pontum
1880 4031 2019 4100 anticumf

376 4151 434 4212 fuit,
458 4166 511 4199 uno
531 4152 617 4216 capite
635 4146 731 4201 tenetl’
754 4153 781 4200 in
799 4153 869 4201 viam
889 4151 1030 4217 publicam,
1054 4151 1218 4201 sicutmodo
1237 4154 1323 4217 ipsum
1338 4153 1436 4203 vadum
1458 4147 1499 4201 sq
1521 4153 1564 4202 vel
1586 4154 1694 4203 inantea
1717 4154 1840 4215 evenerit,
1864 4158 1890 4202 et
1905 4154 2016 4203 alterum
2035 4156 2067 4203 35

375 4252 473 4301 vadum
495 4255 583 4303 itrxsta
605 4269 687 4303 runco
703 4233 777 4318 quef
798 4256 948 4304 nominatur
971 4256 1055 4304 sancti
1070 4236 1177 4318 Petrih,
1201 4271 1254 4305 uno
1278 4257 1364 4320 capite
1386 4261 1492 4306 tenente
1514 4257 1542 4305 iu
1564 4258 1622 4320 ipso
1645 4272 1727 4305 runco
1750 4261 1777 4306 et
1798 4256 1850 4306 alio
1874 4256 1907 4305 ad
1929 4257 2017 4306 locum

375 4338 450 4421 quel
470 4359 621 4406 nominatur
642 4358 809 4419 Retrorsum,
836 4359 906 4407 sicut
926 4357 1004 4407 modo
1027 4359 1112 4423 ipsum
1135 4354 1256 4407 vadumr
1280 4365 1369 4409 manet
1390 4359 1432 4409 vel
1454 4361 1562 4409 inantea
1585 4361 1701 4410 evenerit
1723 4366 1825 4430 usque
1847 4346 1881 4407 ln
1904 4343 2016 4426 Sinna,

375 4466 405 4510 ut
427 4461 523 4511 lrabeat
550 4476 611 4526 pars
639 4462 723 4525 ipsius
745 4463 897 4511 monasterii
920 4463 991 4526 ipsos
1014 4462 1097 4512 vados
1119 4467 1146 4512 et
1167 4463 1344 4527 piscacionem
1366 4463 1394 4510 in
1415 4463 1547 4527 integrum
1569 4478 1734 4527 quecumque
1757 4463 1872 4513 voluerit
1893 4462 2016 4524 faciendi,

375 4564 520 4629 damusque
543 4564 576 4613 ad
598 4564 717 4614 homines
739 4565 823 4629 ipsius
845 4565 996 4614 monasterii
1020 4566 1047 4613 in
1069 4564 1187 4630 predicto
1210 4565 1291 4613 fluvio
1310 4565 1383 4614 Pado
1406 4570 1433 4614 et
1447 4565 1540 4615 Ticino
1564 4566 1592 4613 in
1614 4580 1781 4629 quocumque
1803 4565 1861 4615 loco
1885 4564 2018 4614 voluerint

375 4673 421 4715 aut
441 4669 468 4716 iu
483 4666 566 4717 rados
584 4671 687 4717 nostros
705 4684 764 4717 cum
783 4668 880 4717 nostris
902 4668 1079 4731 piscatoribus
1101 4667 1234 4717 licentiam
1256 4666 1376 4730 piscandi
1399 4668 1455 4717 siue
1473 4666 1564 4731 aliqua
1586 4667 1802 4732 contradictione.
1836 4668 2016 4731 Prqcipientes
2034 4668 2068 4716 40

375 4786 437 4836 ergo
460 4771 581 4820 iubemus
604 4776 633 4820 ut
655 4787 731 4821 nemo
754 4787 786 4821 ex
809 4770 931 4819 fidelibus
950 4772 1046 4819 nostris
1069 4785 1155 4834 neque
1177 4770 1344 4835 presentibus
1367 4785 1452 4835 neque
1480 4769 1635 4820 absentibus
1663 4769 1774 4834 prqdicti
1803 4770 1953 4818 monasterii
1984 4769 2016 4819 de

374 4873 415 4922 lris
430 4873 620 4938 omnibusque
642 4887 723 4937 supra
744 4874 843 4922 inserta
865 4877 927 4921 sunt
948 4872 1030 4922 ullam
1052 4877 1187 4938 presumat
1209 4871 1307 4922 inferre
1329 4872 1476 4921 molestiam
1499 4877 1546 4921 aut
1568 4872 1788 4933 contrarietatem,
1811 4871 1856 4920 sed
1875 4872 1924 4920 sub
1944 4872 2015 4921 omui

374 4977 532 5042 integritate,
555 4978 625 5026 sicut
639 4990 655 5024 a
669 4975 746 5025 uobis
769 4974 924 5024 confirmata
945 4980 1014 5037 stant,
1036 4976 1205 5040 perhenniter
1228 4976 1327 5025 ibidem
1350 4974 1384 5023 ad
1401 4975 1543 5025 utilitatem
1565 4976 1716 5024 monasterii
1741 4975 1824 5039 ipsius
1847 4976 1904 5025 sine
1927 4975 2017 5039 aliqua

374 5079 579 5129 diminoraeioue
607 5083 766 5143 permaneat
800 5077 827 5126 Si
850 5078 910 5142 quis
937 5063 1035 5147 igliur
1064 5084 1156 5127 contra
1184 5077 1264 5127 huius
1286 5079 1369 5127 nostri
1392 5077 1509 5142 prqcepti
1532 5078 1699 5126 securitatem
1723 5076 1838 5141 aliquam
1862 5076 2015 5127 violentiam

374 5187 420 5231 ant
435 5182 598 5232 invasionem
615 5181 710 5231 inferre
728 5181 904 5245 temptaverit,
927 5181 994 5230 sciat
1010 5196 1037 5230 se
1053 5181 1259 5244 compositurum
1282 5181 1339 5229 auri
1362 5180 1455 5244 optimi
1472 5179 1555 5228 libras
1571 5194 1593 5241 c,
1616 5178 1782 5228 medietatem
1801 5178 1905 5243 palacio
1923 5184 2014 5228 nostro
2033 5182 2066 5230 to

457 5344 516 5398 274.
544 5346 565 5408 i)
589 5345 736 5397 21:1⁷1).
839 5345 868 5412 g)
892 5343 914 5394 A
1019 5343 1046 5407 h)
1069 5345 1115 5393 orit
1142 5344 1329 5410 ttbcrstitrsipcm
1355 5342 1623 5410 autonomastice
1727 5345 1748 5402 i)
1766 5345 1878 5408 teporis,
1907 5343 2016 5404 iuditus,

543 5431 643 5480 nroque
661 5413 727 5464 odae
745 5411 1015 5478 Alktimnqmiclrea
1105 5412 1132 5472 k)
1152 5411 1183 5472 A,
1203 5419 1272 5464 emet
1288 5411 1344 5462 VU.
1437 5411 1491 5476 l)A
1509 5417 1569 5462 etatt
1587 5412 1693 5463 datione
1711 5412 1757 5462 der
1774 5411 1829 5462 VU.
1921 5416 1957 5467 ιιι)
1975 5413 2016 5462 tei

543 5481 566 5534 A
665 5487 692 5545 n)
712 5483 787 5532 Padu
804 5485 851 5533 mit
868 5481 1042 5546 allpemes'ncm
1060 5478 1341 5545 Attamnqmaten,
1364 5480 1413 5530 dor
1430 5480 1477 5530 der
1495 5480 1630 5533 Sclueibcr
1646 5479 1743 5530 aowohl
1759 5481 1808 5546 fiir
1831 5497 1844 5530 s
1867 5479 1907 5529 als
1922 5478 1973 5543 flir
1990 5496 2015 5529 m

541 5551 679 5616 petransiit
684 5588 692 5613 ,
711 5550 767 5601 tter
783 5550 907 5616 dispoliat
923 5548 991 5600 nacla
1007 5548 1054 5599 der·
1071 5548 1125 5600 VU.
1230 5550 1257 5609 o)
1275 5565 1322 5615 per
1339 5547 1396 5598 dier
1412 5548 1467 5600 aad
1484 5551 1513 5599 ia
1529 5548 1576 5598 der
1594 5547 1646 5599 VU.
1665 5565 1695 5596 zu
1714 5553 1837 5612 rrpfinzen
1938 5550 1966 5613 p)
1984 5548 2016 5605 A,

545 5626 651 5670 tenente
668 5619 722 5671 VU.
828 5622 855 5685 q)
873 5617 940 5668 nuci
958 5617 1012 5670 ΡΠ.
1029 5633 1060 5666 su
1077 5620 1200 5681 apamen
1222 5618 1257 5668 ad
1274 5617 1429 5683 piscandum
1447 5623 1534 5668 manet
1645 5617 1666 5680 r)
1683 5618 1795 5682 ipsuada'r
1814 5616 1849 5679 A,
1873 5632 1901 5666 ro
1918 5616 1980 5666 dara
1998 5633 2016 5667 u
2033 5628 2068 5676 50

541 5688 599 5740 dem
616 5686 838 5753 cormupefimden
854 5686 909 5738 aad
925 5686 983 5738 dem
1000 5684 1203 5751 nacifolpeadm
1222 5685 1305 5736 Worte
1322 5683 1453 5750 mediat.
