4298 6414
816 427 1269 485 KAISERURKUNDEN.

323 614 546 670 t'limtulurium
573 631 710 685 ricimirum
735 614 758 682 f.
783 610 833 665 se'
859 615 896 668 im
921 613 1006 669 bisc-lo.
1031 610 1140 669 Archa·
1162 630 1200 669 su
1225 610 1316 670 Cleua
1352 610 1432 668 Abia·
1455 609 1548 667 rrcder
1571 612 1602 665 ia
1625 609 1733 667 diesem
1752 606 1864 679 thriul·

322 717 394 773 baclo
426 716 495 772 irocb
524 716 688 788 itbcrlumpt
719 717 757 771 im
784 714 898 774 Clamet·
920 714 1031 773 rlrcliir
1058 714 1134 783 aaa!
1161 714 1221 772 sicli
1251 717 1317 771 cirre
1344 712 1495 784 disc-laist
1524 713 1619 772 dieses
1641 711 1680 770 D.
1713 709 1748 790 (s.
1775 710 1866 770 satu

325 818 650 896 a·liicei·2<=i·1(t'.27).
689 818 820 891 coeletia
837 816 934 888 Jaffe‘s
952 818 1047 875 accelero
1066 817 1167 893 Qucllc
1189 818 1267 875 nield
1291 816 1490 888 scstsastcllcn
1507 833 1577 886 tear,
1602 814 1735 889 empsalil
1757 831 1788 874 cs
1809 815 1866 873 siclt

322 925 418 997 eiaiffe
439 924 537 983 scinci·
559 924 702 982 Lesuitcu
728 921 774 1000 (Ι)
799 922 854 992 fiir
876 923 930 980 dea
954 922 1058 979 Druck
1079 940 1118 978 sa
1141 923 1294 979 berzitiam.

427 1108 464 1172 ln
493 1110 622 1172 nomine
652 1117 785 1172 sanetae
813 1117 845 1172 et
872 1106 1059 1172 individuae
1088 1107 1253 1170 trinitatis
1291 1106 1491 1170 Heinrieus⁸
1513 1105 1624 1170 divina
1653 1105 1785 1170 favente
1807 1105 1899 1170 cle-5

221 1214 341 1278 mentia
363 1234 432 1275 rex.
520 1210 678 1275 Noverint
707 1233 819 1275 omncs
847 1210 961 1274 fideles
990 1212 1091 1287 nostri
1120 1220 1309 1294 praesentes
1342 1209 1466 1273 seilicet
1495 1219 1527 1275 et
1554 1209 1669 1292 futuri,
1704 1209 1782 1292 quia
1810 1231 1868 1273 nos

221 1318 405 1380 interventu
420 1313 617 1379 venerabilis
640 1337 679 1378 ae
703 1314 812 1379 dilecti
836 1316 965 1379 comitis
987 1314 1090 1379 nostri
1106 1311 1258 1378 Arnolfib
1281 1314 1446 1400 quandam
1469 1311 1643 1377 eeclesiam
1664 1313 1744 1377 iuris
1766 1314 1867 1377 nostri

221 1423 253 1485 in
276 1419 362 1483 valle
385 1418 540 1482 Eniatina
563 1419 597 1482 in
618 1420 775 1482 comitatu
790 1417 983 1482 Bertlrolrlic
1005 1418 1134 1482 comitis
1157 1418 1259 1482 nostri
1282 1419 1315 1482 in
1338 1419 1411 1482 vieo
1435 1417 1552 1482 Sintles
1574 1426 1693 1481 vocato
1717 1438 1793 1481 eum
1817 1417 1868 1482 de·

221 1523 313 1586 eimis
343 1531 375 1585 ct
403 1542 477 1584 cum
506 1518 654 1584 onmibus
684 1522 892 1605 pertinenciis
922 1522 989 1585 suis
1018 1543 1076 1605 pro
1106 1543 1217 1585 amoro
1247 1521 1298 1585 clei
1327 1532 1359 1585 et
1387 1531 1521 1585 aeterna
1543 1520 1805 1585 remuneratione
1827 1519 1869 1583 ad

222 1637 371 1691 sanctum
386 1625 553 1689 Florinum
578 1626 669 1688 euius
693 1646 811 1709 corpus
835 1626 956 1689 invice
973 1625 1166 1690 Rcmuseiac
1188 1626 1372 1710 requiescit,
1396 1626 1464 1689 iure
1488 1620 1647 1710 perenni‘l
1669 1624 1702 1688 in
1726 1625 1943 1709 proprie-10>

223 1740 322 1794 tatem
340 1729 573 1810 donavimus⁰3
596 1729 702 1812 ipsam
726 1750 854 1813 quoque
877 1728 1051 1793 ecclesiam
1075 1730 1178 1792 saneti
1196 1729 1318 1793 Florini
1343 1750 1416 1791 cum
1440 1730 1505 1792 ianr
1529 1728 1752 1812 suprascripta
1768 1727 1870 1792 eecle-

223 1835 271 1897 sia
294 1833 423 1897 cuidam
447 1830 650 1917 prespitero‘
672 1833 801 1896 nomine
818 1831 995 1917 Hartperto
1008 1841 1031 1912 ⁸,
1056 1853 1153 1916 quam
1172 1830 1421 1917 Reginuuarelus
1444 1830 1577 1916 quidam
1600 1828 1785 1916 prespiterf
1806 1831 1870 1896 iam

222 1935 347 2021 pridem
371 1957 444 2000 eum
468 1933 568 2017 regali
594 1945 769 2019 praecepto
794 1934 965 2019 possedith
990 1939 1116 2024 ipsique
1139 1939 1249 2021 nepoti
1274 1958 1332 1999 suo
1355 1935 1501 2020 reliquit,
1534 1957 1594 1999 nos
1617 1935 1734 1999 iterum
1758 1957 1870 2020 peren·

222 2041 305 2104 niter
334 2037 564 2123 possidendam
594 2039 881 2103 confirmavimus''
905 2063 978 2105 cum
1008 2039 1157 2105 omnibus
1186 2041 1395 2125 pertinenciis
1425 2041 1507 2119 suis,
1543 2060 1617 2103 cum
1643 2035 1812 2103 curtibusi
1840 2047 1872 2103 et

223 2141 392 2206 curtilibus
415 2142 574 2206 aedificiis
596 2143 768 2226 mancipiis
792 2144 880 2226 agris
904 2145 1006 2228 pratis
1029 2144 1161 2228 pascuis
1181 2144 1284 2207 vineis
1308 2142 1398 2206 silvis
1421 2144 1515 2227 aquis
1538 2163 1739 2227 aquarumve
1759 2141 1919 2206 decus-15

223 2246 313 2311 sibus
336 2245 466 2310 molinis
489 2245 619 2330 alpibus
642 2244 738 2309 cultis
762 2255 794 2310 et
817 2246 947 2312 incultis
971 2246 1113 2311 exitibus
1137 2257 1168 2311 ct
1192 2245 1395 2329 regressibus
1424 2247 1581 2331 quaesitis
1604 2255 1637 2310 et
1659 2244 1872 2330 inquirendis,

223 2372 296 2415 cum
312 2350 392 2414 fiseo
410 2349 450 2414 cle
467 2350 537 2434 ipsa
554 2348 640 2412 valle
657 2359 687 2412 et
704 2371 777 2413 cum
801 2351 961 2414 universis
984 2351 1027 2415 ad
1051 2353 1157 2435 ipsum
1180 2350 1416 2435 pertinentibus
1439 2347 1584 2414 locum.¹‘
1616 2349 1778 2413 Iussimus
1794 2371 1872 2434 quo-

223 2477 285 2539 que
308 2454 369 2518 lroc
393 2461 523 2517 nostrae
552 2453 756 2516 auctoritatis
785 2464 996 2537 praeceptum
1025 2454 1099 2518 inde
1123 2452 1284 2518 conscribi
1308 2475 1367 2537 per
1389 2452 1477 2538 qnod
1498 2452 1649 2517 volumus
1672 2451 1872 2538 firmiterque

223 2559 380 2638 iubemus,
406 2564 565 2641 quatenus
588 2556 755 2639 praetatus
778 2556 961 2641 prespitcrs
982 2556 1198 2642 Hartperlus¹
1222 2558 1263 2624 de
1286 2559 1517 2643 suprascriptis
1538 2566 1670 2622 nostrae
1689 2557 1873 2641 largitionis

223 2661 369 2727 eeclesiis
393 2672 425 2725 et
448 2660 528 2724 loeis
552 2658 687 2723 liberam
710 2670 807 2744 atque
832 2684 979 2728 securam
1009 2673 1118 2727 teneat
1147 2672 1342 2747 potestatem
1372 2661 1512 2726 habendi
1541 2660 1684 2726 donandi
1708 2660 1871 2726 vendendi
1889 2671 1921 2718 ‘20

224 2789 280 2829 scu
310 2763 463 2849 quicquid
494 2761 554 2825 sibi
584 2761 713 2827 libuerit
743 2764 894 2827 lbeiemli.
932 2765 976 2828 Et
1004 2775 1039 2828 ut
1068 2765 1148 2829 bace
1177 2767 1356 2830 auctoritas
1384 2776 1495 2830 nostra
1519 2765 1646 2829 stabilis
1669 2774 1872 2850 permaneat,

223 2892 321 2933 manu
343 2878 455 2934 nostra
479 2865 592 2930 subtus
616 2889 687 2930 eam
710 2867 911 2931 firmavimus
935 2878 966 2931 et
989 2868 1087 2933 anulo
1101 2878 1120 2906 ¹¹¹
1144 2877 1254 2934 nostro
1278 2870 1423 2953 insigniri
1448 2870 1683 2953 praecepimus.

326 3006 460 3091 Signum
484 3005 620 3070 domnin
642 3005 787 3070 lleinrici
814 3007 878 3087 (Μ.)
904 3008 1101 3072 serenissimi
1124 3008 1220 3092 regis.

325 3110 437 3176 Simon
459 3109 607 3174 notarius
630 3109 780 3174 advieem
803 3108 970 3174 lliltiberti
994 3109 1248 3195 archicapellani
1271 3112 1472 3193 recognovit.

324 3249 414 3313 Data
433 3266 465 3312 v.
489 3248 562 3311 idus
585 3246 678 3332 april.
703 3272 788 3314 anno
812 3249 1045 3314 incarnationis
1076 3249 1222 3313 (lomini⁰
1252 3265 1453 3332 Dccccxxx,
1489 3249 1601 3314 indict.
1624 3268 1681 3332 111,
1713 3260 1918 3334 regnantem

224 3352 379 3418 Heinrieo
403 3350 544 3436 glorioso
568 3374 645 3434 rege
667 3374 753 3418 amre
777 3370 816 3434 x3
839 3362 948 3417 actmn
971 3353 1237 3434 Franconovurt3
1260 3352 1397 3418 feliciter
1420 3355 1453 3417 in
1476 3353 1527 3418 dei
1550 3355 1680 3419 nomine
1703 3375 1810 3418 amen.

1016 3543 1076 3616 23.

225 3682 396 3756 Heinrich
432 3683 592 3779 beste‘ttipt
626 3682 695 3755 den
730 3682 962 3757 elinandum.
997 3682 1061 3754 der
1094 3681 1358 3754 illurienlrimbe
1392 3682 1431 3754 ia
1458 3682 1522 3755 der
1548 3682 1736 3757 ilardensi·
1761 3683 1870 3782 Psalz

224 3801 282 3873 (lie
309 3801 413 3874 iliaca
442 3829 510 3875 vote
539 3803 661 3875 seiaea
687 3803 922 3901 lbrptr‘npera
949 3803 1209 3900 eripereieseaea
1235 3802 1450 3901 Eialu'tnsle.

1465 3925 1583 3985 Aru-lica
1608 3932 1670 3988 930
1694 3927 1775 3986 dreni
1798 3931 1826 3986 5.
1888 3940 1918 3987 30

326 4099 393 4157 Lib,
412 4099 514 4171 privil.
540 4099 569 4158 S.
594 4099 716 4156 Merme
738 4095 887 4172 Aquensis
910 4115 966 4156 {iris
990 4098 1053 4154 ilem
1078 4097 1164 4155 Eride
1186 4096 1236 4155 des
1260 4102 1310 4158 12.
1335 4097 1386 4157 Jli.
1417 4100 1440 4169 f.
1465 4106 1486 4158 Β
1516 4101 1546 4156 ia
1573 4099 1626 4157 der
1654 4100 1681 4158 ln
1705 4100 1873 4159 Bibliotlrck

324 4222 362 4260 aa
387 4203 492 4261 Berlin
517 4200 579 4281 (A).
604 4237 645 4245 -
669 4201 844 4276 Gopiulbucb
869 4221 924 4262 erres
947 4201 1000 4259 der
1030 4204 1124 4260 ersten
1154 4200 1259 4272 malfa
1286 4202 1336 4261 des
1365 4207 1415 4262 13.
1440 4202 1492 4262 Jlr.
1520 4202 1544 4272 f.
1570 4200 1598 4261 d'
1622 4204 1660 4264 im
1686 4201 1873 4263 Studturcbie

326 4325 364 4364 ru
388 4305 505 4365 Aeolica
530 4303 593 4384 (J).

329 4438 409 4512 Quis
432 4434 493 4496 OD.
510 4434 641 4509 Aqucns.
666 4441 695 4505 1,
722 4440 741 4494 7
763 4442 795 4492 n⁰
811 4442 851 4495 10
875 4438 989 4495 irrisit.
1015 4471 1056 4479 -
1079 4436 1245 4494 Irtcoiublet
1268 4437 1473 4495 lllicdcrrlrcin.
1496 4437 1559 4496 UB.
1585 4443 1614 4508 1,
1639 4441 1678 4496 49
1702 4443 1736 4495 a⁰
1750 4441 1791 4495 85)
1815 4455 1872 4496 (rim

327 4542 355 4598 Β
378 4564 417 4592 =
443 4538 565 4598 ll'olters
588 4539 655 4597 Not.
679 4540 746 4599 bist.
770 4557 825 4599 sur
845 4540 1002 4600 Itecldecim
1022 4545 1084 4600 123
1108 4544 1191 4609 21⁰&
1214 4541 1270 4599 olle
1295 4542 1347 4598 mit
1368 4557 1436 4600 non.
1460 4541 1510 4600 iul.
1535 4575 1576 4584 -
1600 4540 1727 4615 Stampf
1738 4543 1811 4615 ch.
1828 4546 1871 4601 28
1888 4549 1920 4599 35

324 4662 362 4701 su
388 4644 458 4702 Juli
482 4649 509 4701 7.

327 4774 571 4834 itiitere-luialirle
596 4792 647 4830 roa
670 4773 770 4833 Simon
794 4775 903 4833 elidat.
938 4774 1003 4833 Das
1024 4774 1221 4832 l'crcciehaiss
1240 4773 1291 4833 der
1308 4775 1377 4834 Orte
1394 4776 1430 4833 ist
1446 4774 1578 4844 omarum·
1592 4774 1645 4833 der
1664 4775 1727 4836 ΥΒ.
1744 4773 1871 4847 Arnolss

325 4878 454 4936 ininius·
475 4877 544 4936 Im.
570 4881 655 4937 1012
676 4878 819 4941 callebat.
856 4880 893 4936 ist
908 4879 1012 4952 jedeia
1035 4879 1099 4935 bier
1121 4896 1173 4936 reia
1195 4877 1260 4936 drci
1285 4876 1354 4936 Orto
1384 4879 1526 4936 seruiebat
1556 4878 1681 4937 mordere.
1706 4912 1747 4922 -
1777 4880 1871 4940 ll'caa

325 5000 419 5041 annus
436 4983 515 5055 regni
533 4996 565 5042 x.
584 4983 661 5039 nield
683 4981 1035 5054 Uebcrlir(cranesfelrler
1057 4983 1103 5050 ist,
1127 4999 1159 5039 so
1181 4982 1230 5039 lud
1253 4999 1322 5040 ritem
1347 4984 1377 5040 ia
1401 4982 1454 5040 der
1471 4981 1599 5040 Ketnrlci
1621 4981 1684 5052 aiis
1701 4982 1756 5040 dm
1780 4984 1872 5043 larse

328 5087 389 5145 Zea
414 5104 505 5144 curor
528 5088 739 5157 ciapetrctemm
763 5087 951 5159 spartiaria
972 5105 1011 5143 rii
1034 5088 1135 5145 adden
1161 5089 1353 5146 rembaiamt.
1888 5101 1922 5149 40

427 5257 467 5322 In
490 5257 620 5320 nomine
644 5266 755 5320 sancte
779 5266 810 5319 et
834 5254 1000 5319 individue
1023 5257 1187 5321 trinitatis.
1214 5257 1387 5321 lleinrieus
1411 5255 1522 5319 divina
1545 5257 1675 5320 favente
1698 5255 1871 5322 elementia

226 5382 293 5423 rex.
374 5360 509 5425 Noverit
533 5361 674 5425 omnium
698 5359 841 5425 fidelium
864 5370 1049 5424 nostrorum
1072 5363 1269 5446 presentium
1294 5362 1418 5426 seilicet
1441 5370 1472 5424 et
1496 5360 1676 5425 futurormn
1700 5359 1870 5445 industria,

327 5511 368 5563 22.
397 5512 503 5581 [Ulilim]
586 5516 807 5576 a)lle11ricusB
881 5515 1074 5576 termulae
1143 5520 1167 5575 c)
1187 5515 1361 5566 BerlrtaldiI
1427 5517 1454 5578 d)
1475 5512 1712 5580 131‚per1anni.t
1782 5518 1806 5579 e)
1826 5517 1871 5567 do·

396 5598 489 5633 narnus
508 5584 690 5634 confirmamus
709 5584 754 5634 Β]
838 5585 859 5647 f>
879 5584 907 5645 Ι,
930 5588 1092 5651 praespitero
1110 5584 1146 5647 A,
1171 5585 1323 5650 presbytero
1343 5585 1369 5635 B
1454 5596 1480 5650 g)
1501 5585 1639 5651 Nartperto
1659 5584 1685 5634 B
1771 5584 1800 5646 h)
1820 5585 1870 5646 BI,

395 5653 505 5701 inssedit
523 5652 545 5702 A
638 5653 657 5717 i)
678 5653 731 5713 131,
755 5653 916 5704 cursibusd
1003 5655 1031 5715 k)
1051 5655 1110 5706 loca
1129 5653 1197 5704 ΑΒΙ
1280 5655 1300 5714 l)
1318 5655 1462 5719 Norpertus
1480 5655 1506 5702 B
1594 5656 1629 5715 m)
1650 5652 1678 5718 l,
1701 5653 1922 5706 insulenses

396 5720 424 5785 n)
443 5720 467 5781 1,
486 5722 583 5772 domini
602 5721 633 5783 A,
651 5723 680 5771 in
699 5722 724 5772 B
736 5722 805 5786 selilt
823 5726 932 5790 Signum
946 5726 1060 5790 -regis
1148 5723 1175 5788 o)
1196 5722 1250 5784 131,
1270 5723 1418 5774 dominicae
1436 5721 1466 5775 A.
