4500 6420
389 444 453 509 396
979 449 1435 508 KAISERURKUNDEN.

391 636 470 699 satis
493 636 561 700 cari
584 635 731 720 episcopi
754 630 887 716 Abrahe
910 629 1040 696 cuidam
1064 652 1122 695 suo
1146 628 1271 695 vasallo
1294 629 1448 713 Negomir
1471 638 1684 715 nuncupato·
1711 627 1907 694 donavimus
1935 627 2034 694 talem

389 740 622 824 proprietatem
650 738 779 823 qualern
807 758 868 800 nos
890 736 951 800 visi
975 756 1087 799 sumus
1108 732 1231 797 babere
1253 731 1296 797 ad
1318 729 1520 797 Vuirzsosah
1543 732 1576 795 in
1599 730 1747 817 partibus
1769 730 1972 816 Karautanie
1998 733 2033 796 in

390 843 548 905 comitatu
571 840 745 924 Hartuuigi
768 840 897 904 comitis
921 839 975 925 qui
999 847 1031 902 et
1052 834 1149 922 ipsqb
1170 834 1249 900 inibi
1273 836 1467 921 cognomine
1482 834 1687 920 Vualtpotoc
1709 834 1836 918 dieitur,
1859 855 1899 898 ac
1921 837 1956 899 in
1978 833 2032 899 de·

390 946 486 1008 eania
513 942 730 1008 Vuolframmi
761 940 893 1023 decani,
927 939 1134 1006 aeternaliter
1160 942 1194 1003 in
1222 940 1455 1025 proprietatem
1485 937 1671 1004 habendum
1700 959 1774 1003 cum
1802 937 1972 1004 curtilibus
2000 947 2034 1003 et

389 1046 526 1131 edificiis
554 1049 657 1132 pratis
686 1048 817 1132 pascuis
846 1046 939 1109 terris
968 1043 1064 1108 cultis
1087 1052 1120 1107 et
1140 1042 1271 1107 incultis
1294 1041 1385 1106 silvis
1408 1043 1502 1128 aquis
1525 1063 1725 1127 aquarumue
1751 1041 1942 1107 decursibus
1964 1058 2067 1108 mot

389 1147 542 1214 lendiusl
564 1149 800 1235 piscationibus
814 1150 878 1213 viis
893 1157 925 1212 et
945 1149 1041 1212 inviis
1058 1146 1199 1211 exitibus
1215 1155 1247 1210 et
1260 1144 1417 1210 reditibus
1436 1146 1571 1231 quesitis
1590 1155 1623 1210 et
1644 1145 1846 1231 inquirendis
1869 1144 2032 1210 omnibus·
2115 1150 2119 1159 '

390 1275 453 1339 que
474 1252 572 1318 rebus
595 1252 638 1317 ad
660 1253 842 1338 praefatum
864 1251 974 1317 locum
996 1252 1063 1315 iure
1085 1249 1292 1336 legitimeque
1314 1248 1562 1335 pertinentibus,
1588 1245 1652 1313 eo‘l
1675 1257 1787 1313 tenore
1809 1258 1845 1313 ut
1866 1247 2032 1334 praefatus

389 1357 567 1441 Negomir⁸
589 1355 726 1420 liberam
747 1355 869 1421 habeat
889 1363 1085 1440 potestatem
1107 1353 1148 1418 de
1170 1355 1235 1418 iam
1258 1353 1424 1419 antedicta
1446 1354 1647 1439 proprietate
1663 1351 1724 1417 sibi
1741 1350 1872 1417 tenendi
1889 1351 2032 1417 donandi

391 1460 553 1526 vendendi
582 1459 804 1526 commutandi
832 1458 885 1522 vel
915 1457 1070 1545 quiequid
1100 1456 1218 1522 exinde
1247 1459 1276 1521 ei
1306 1456 1465 1543 placuerit
1493 1455 1647 1521 faciendi.
1692 1455 1736 1519 Et
1758 1463 1794 1519 ut
1814 1454 1897 1520 baec
1922 1462 2032 1539 nostre

392 1561 600 1629 donationis‘
619 1563 798 1628 auctoritas
813 1561 907 1626 firma
923 1571 1121 1647 permaneat,
1144 1559 1233 1626 anuli
1248 1563 1350 1626 nostri
1365 1561 1579 1646 impressione
1601 1557 1736 1644 sigillari
1756 1559 1911 1624 iussimus
1933 1578 2032 1623 manu
2052 1572 2085 1621 10

390 1676 503 1732 nostra
525 1689 597 1731 eam
620 1665 733 1731 subtus
755 1664 958 1730 roborantes.

493 1807 507 1889 ᾖ
529 1804 664 1891 Signum
687 1803 797 1869 domui
821 1801 965 1868 Ottonsl
987 1803 1051 1885 (M.)
1072 1800 1257 1888 pigissimil
1279 1803 1495 1887 imperatoris,
1517 1802 1532 1886 ᾗ

492 1906 694 1989 ΕΙιίυῐιιΙήιε
717 1907 863 1972 notarius
887 1905 1035 1972 adviccm
1057 1906 1220 1971 Brunonis
1244 1904 1496 1992 archicapellani
1519 1905 1720 1991 recognovit.
1742 1904 1757 1986 Ε
1810 1903 1892 1983 (SR.)
1914 1906 1971 1981 (SI.
1989 1900 2032 1982 5.)

492 2043 583 2108 Data
605 2061 655 2109 111.
678 2066 754 2109 non.
777 2065 846 2128 apr.
871 2066 957 2108 anno
980 2065 1057 2109 vero
1081 2043 1265 2110 dominicae
1287 2044 1521 2109 incarnationis
1544 2057 1736 2121 nccccnrrV,
1758 2039 1936 2104 indictione
1957 2056 2032 2121 vm,

390 2148 570 2230 imperante
585 2169 663 2212 vero
686 2147 834 2231 piissimo
856 2147 1051 2232 imperatore
1074 2169 1159 2212 anuo
1182 2149 1309 2234 imperii
1333 2149 1402 2212 eius
1418 2165 1490 2230 11113
1513 2155 1624 2211 actum
1646 2142 1904 2229 Ingilanheim⁸;
1927 2163 2031 2207 amen.
2052 2162 2085 2211 15

1167 2351 1254 2428 280.
1343 2399 1349 2411 ·

398 2505 478 2583 Otto
498 2507 658 2604 besttttiqt
675 2506 754 2579 dem
767 2506 810 2578 K
809 2505 913 2580 loster
929 2502 968 2580 S.
983 2505 1166 2578 Maximis
1184 2505 1239 2578 bei
1257 2505 1361 2579 Trier
1378 2506 1449 2578 den
1461 2505 1716 2604 Koniqsseleatz
1734 2506 1814 2579 and
1831 2506 1889 2578 die
1912 2505 2032 2577 Unub-
2117 2570 2123 2582 .

388 2625 595 2725 ltdnqipleee't
618 2637 724 2698 anter
738 2625 822 2724 fret
845 2625 1051 2723 qewttleltern
1075 2624 1156 2697 Abt.
1580 2647 1741 2719 lapetteim
1763 2648 1824 2706 965
1849 2646 1938 2720 Apelt
1960 2648 1990 2705 5.

496 2833 743 2909 Onotncldiplom
765 2835 808 2892 im
830 2830 899 2893 God.
924 2833 974 2892 lat.
999 2834 1082 2894 9265
1106 2833 1159 2892 der
1180 2833 1481 2893 Nationolbibliottelr
1503 2853 1543 2893 en
1564 2835 1654 2893 Paris
1678 2831 1741 2913 (A).

495 2973 640 3048 Zydesias
661 2969 805 3042 Defensio
826 2975 858 3041 2,
880 2974 925 3033 22
945 2978 980 3029 n⁰
995 2976 1036 3031 13
1058 2989 1114 3030 aas
1130 2970 1160 3029 A
1183 2995 1223 3024 =
1246 2972 1349 3045 Litoiy
1364 2971 1432 3031 ΒΑ.
1450 2976 1515 3044 16⁰,
1537 2976 1602 3032 261
1619 2978 1653 3030 n⁰
1667 2977 1717 3034 99.
1741 3007 1784 3016 -
1807 2974 1905 3048 Beyer
1919 2974 2033 3033 Matet-
2052 2986 2086 3034 20
2169 2974 2171 2979 ’

492 3080 585 3175 rbeia.
608 3075 672 3136 ΠΒ.
697 3081 726 3146 1,
748 3078 813 3137 279
835 3081 869 3133 n⁰
884 3079 948 3138 221
971 3093 1027 3135 aas
1050 3076 1087 3134 B.
1110 3108 1154 3117 —
1176 3076 1305 3134 Btltmer
1317 3078 1391 3150 Rep.
1408 3079 1483 3136 287.
1506 3109 1549 3118 —-
1571 3076 1699 3149 Stampf
1710 3076 1781 3151 Rey.
1797 3080 1871 3136 354.
1899 3110 1938 3119 -
1955 3077 2035 3136 Gora

491 3179 683 3239 Mittelrhein.
706 3179 779 3252 aeq.
804 3181 897 3238 1000.

492 3318 684 3377 Gesebre‘eben
705 3333 761 3375 oon
782 3315 852 3376 ΒΘ.
890 3315 1024 3390 Obyter'eh
1045 3316 1106 3374 ihm
1128 3316 1196 3376 DO.
1217 3325 1258 3376 ΙΙ.
1277 3322 1297 3376 7
1319 3317 1453 3388 offendor
1474 3335 1531 3376 aar
1554 3316 1646 3375 Hand
1667 3335 1740 3388 soar,
1764 3318 1814 3377 bot
1838 3320 1903 3377 ciac
1925 3320 2033 3392 eiyeat-

493 3422 564 3480 ltcte
587 3419 767 3493 Benutraay
794 3419 940 3480 desselben
967 3419 1046 3477 nicht
1073 3420 1305 3494 stattpefundea.
1344 3421 1412 3479 ΕΗ.
1437 3420 1481 3479 als
1505 3421 1693 3493 Iaprossator
1714 3438 1769 3479 oon
1791 3420 1859 3480 DO.
1881 3429 1921 3480 11.
1946 3427 1966 3481 7
1988 3423 2034 3481 be·

492 3525 588 3582 dicate
610 3524 673 3582 siclt
692 3524 823 3582 odmlicb
844 3524 894 3583 des
917 3541 972 3583 con
994 3522 1061 3582 La.
1087 3525 1266 3596 eoneiptrten
1288 3524 1352 3583 aad
1373 3525 1546 3583 mantinea
1572 3522 1638 3582 DO.
1663 3533 1703 3583 11.
1728 3527 1746 3582 6
1769 3525 1814 3583 als
1835 3526 1971 3599 Vorlaqe,
2001 3543 2033 3584 so
2051 3537 2085 3584 25

492 3629 562 3688 dass
590 3627 638 3686 die
665 3627 733 3686 DO.
755 3629 819 3687 280
843 3627 906 3686 aad
927 3626 995 3686 DO.
1020 3634 1060 3684 11.
1086 3631 1106 3685 7
1131 3629 1349 3700 qemetnsamen
1371 3626 1563 3699 Wendunpen
1586 3628 1656 3685 eben
1679 3626 1744 3684 dem
1765 3626 1868 3686 Dictat
1891 3628 1939 3687 des
1963 3628 2031 3687 La.

492 3731 665 3803 anachoresi.
710 3729 799 3788 Ueber
821 3728 869 3787 dte
890 3729 1081 3802 Dctircaqen
1103 3728 1199 3788 dieser
1223 3728 1289 3787 Zeit
1311 3746 1334 3788 s.
1361 3727 1456 3788 siena
1477 3730 1572 3789 Beitr.
1596 3748 1653 3788 eur
1675 3730 1757 3802 bnt.
1782 3734 1811 3800 8,
1836 3734 1908 3790 163.

494 3916 552 3996 (Ο.)
576 3916 590 4000 lt
611 3914 651 3978 In
673 3916 803 3979 nomine
827 3923 961 3980 sanctae
983 3923 1015 3978 et
1037 3914 1225 3979 individuae
1248 3915 1412 3979 trinitatis.
1451 3914 1529 3980 Otto
1556 3914 1666 3980 divina
1693 3916 1871 3980 auxiliante
1896 3915 2033 3983 clemen·

389 4022 435 4084 tia
457 4020 635 4104 imperator
661 4027 828 4102 augustus.
931 4016 1093 4098 Quoniam
1115 4019 1344 4103 imperatoriae
1367 4017 1534 4102 dignitatis
1558 4017 1700 4081 officium
1724 4041 1795 4082 esse
1818 4029 1963 4103 constat,
1998 4029 2034 4085 ut

389 4123 589 4188 monasteria
612 4122 673 4186 deo
695 4119 709 4202 l
731 4129 763 4185 et
786 4123 907 4186 sanctis
931 4123 999 4185 eius
1022 4121 1112 4186 cultu
1135 4131 1167 4186 et
1190 4120 1363 4186 devotione
1390 4119 1560 4186 fidelium²
1588 4120 1697 4186 dicata
1720 4121 1762 4186 ab
1791 4123 2033 4188 incursantibus
2052 4138 2085 4185 30

390 4236 422 4290 et
436 4225 632 4290 irruentibus
655 4224 797 4310 undique
816 4222 997 4289 molestiisl
1020 4225 1075 4308 pia
1098 4223 1314 4289 sollicitudine
1337 4226 1597 4309 premuniantur:
1623 4225 1744 4290 idcirco
1767 4249 1828 4290 nos
1851 4229 2033 4293 interventu

390 4337 421 4392 et
444 4328 569 4391 monitu
592 4325 708 4390 dilecte
724 4327 871 4410 coniugis
888 4335 996 4410 nostre
1013 4325 1193 4411 Adalheide
1216 4329 1442 4412 imperatricis,
1466 4328 1574 4392 fratris
1598 4350 1726 4414 quoque
1749 4330 1852 4393 nostri
1874 4331 2032 4394 carissimi

388 4431 552 4496 Brunonis
575 4428 824 4514 archiepiscopi,
848 4451 906 4515 pro
931 4438 1017 4493 statu
1040 4439 1072 4494 et
1093 4429 1315 4495 incolomitate
1337 4433 1428 4515 regni
1450 4431 1502 4496 vel
1525 4433 1652 4517 imperii
1671 4434 1772 4497 nostri
1787 4432 1841 4497 vel
1857 4433 1915 4498 filii
1929 4436 2033 4499 nostri

388 4535 473 4620 regis
490 4531 622 4598 Ottonis
644 4531 838 4617 privilegia⁰
860 4532 901 4596 ab
925 4532 1185 4598 antecessoribus
1208 4535 1338 4617 nostris,
1362 4536 1612 4618 imperatoribus
1628 4536 1752 4602 Karolo
1769 4535 1929 4620 videlicet,
1952 4537 2033 4603 Hlu·

389 4638 528 4702 douuico
553 4645 585 4701 et
607 4635 780 4700 Hlothario
804 4637 983 4722 ceterisque
1006 4637 1209 4702 Francorum
1231 4637 1377 4723 regibus,
1401 4639 1560 4706 coenobio
1584 4642 1690 4706 saneti
1713 4640 1884 4705 Maximini
1907 4641 2032 4706 confes-
2051 4654 2084 4702 35

390 4743 471 4807 soris
495 4740 607 4825 quiin
631 4739 785 4805 suburbio
809 4739 1018 4806 Treuirorum
1046 4742 1235 4826 requiescit,
1270 4764 1428 4807 concessa
1460 4745 1580 4809 nostris
1611 4746 1708 4808 etiam
1737 4744 1915 4829 privilegiis
1944 4767 2033 4809 more

372 4845 597 4930 imperatorio
628 4866 746 4929 augere
776 4844 978 4909 decrevimus
1007 4855 1039 4910 et
1065 4845 1237 4928 roborare,
1272 4869 1312 4910 ea
1340 4846 1500 4932 siquidem
1522 4849 1648 4912 ratione
1671 4856 1707 4912 ut
1728 4847 1815 4912 idem
1838 4848 2032 4913 coenobium

390 4949 449 5014 sub
472 4957 584 5012 nostro
612 4969 902 5034 successorumque
928 4957 1114 5013 nostrorum
1145 4949 1374 5015 mundiburdio
1403 4950 1455 5015 vel
1485 4950 1675 5017 defensione
1703 4949 1935 5036 perpetualiter
1963 4971 2034 5035 per-

389 5061 520 5116 maneat
540 5072 601 5116 nee
626 5051 723 5117 alicui
748 5049 817 5115 sedi
840 5060 898 5115 aut
921 5051 1100 5116 aecclesiae
1116 5051 1167 5116 vel
1190 5052 1325 5117 cuilibet
1347 5075 1485 5140 persone
1507 5053 1750 5118 beneficiarium
1773 5062 1830 5117 aut
1853 5051 2034 5116 subiectum

388 5157 450 5219 nisi
481 5156 687 5240 imperatorie
716 5152 769 5218 vel
798 5155 885 5238 regiq
914 5145 1065 5239 dignitati
1097 5155 1254 5221 subsidat.
1299 5157 1453 5223 Monachi
1484 5159 1582 5222 etiam
1613 5155 1735 5222 ibidem
1764 5155 1825 5220 deo
1857 5157 2033 5221 servientes
2052 5169 2086 5218 40

389 5257 529 5341 eligendi
557 5260 642 5324 iuter
671 5280 705 5322 se
735 5255 889 5323 abbatem
917 5256 1055 5322 liberum
1083 5257 1226 5323 habeant
1253 5259 1422 5327 arbitrium
1450 5260 1572 5347 talique
1602 5282 1658 5344 por
1687 5261 1796 5324 omnia
1825 5260 1908 5325 sicut
1934 5259 2033 5324 ceteri

474 5427 532 5483 27⁹.
561 5428 819 5498 [Strbel-Ottsnthal]
924 5431 950 5490 a)
969 5437 1103 5497 nucupata
1122 5430 1186 5481 otae
1204 5430 1473 5498 Adkttnunqmtelen
1577 5432 1646 5494 b)A
1751 5432 1777 5497 c)
1797 5433 1805 5481 l
1823 5448 1880 5482 oona
1898 5431 2035 5483 Sebretber

558 5499 745 5565 ncclrpetroqen
849 5498 876 5558 d)
895 5513 961 5549 corr.
979 5516 1027 5549 oua
1050 5516 1082 5550 ea
1185 5502 1316 5561 elwarde
1333 5519 1361 5553 ao
1379 5500 1433 5552 aab
1449 5517 1486 5551 nn
1502 5501 1553 5552 den
1575 5501 1656 5553 Rond
1676 5500 1839 5566 quasnam
1861 5499 1923 5551 dnae
1949 5517 1962 5550 r
1983 5517 2035 5550 nar

558 5568 619 5619 ttber·
636 5569 684 5619 der
701 5567 772 5618 Zetle
789 5565 947 5630 Plctzfcnd
1048 5569 1115 5630 f)ni
1132 5568 1194 5620 tiber
1211 5569 1259 5621 dar
1276 5570 1345 5620 Zeila
1361 5569 1548 5636 noehqetrapen
1651 5575 1679 5636 g)
1696 5569 1879 5635 nrepetnyltrh
1897 5571 1982 5636 Ingal.

474 5651 533 5705 280.
558 5651 655 5773 ffoltz]
760 5656 785 5714 a)
805 5652 876 5703 fideli
903 5653 956 5716 aas
976 5652 1064 5704 Raaur
1172 5656 1201 5719 b)
1219 5658 1242 5706 is
1268 5671 1334 5708 em.
1361 5672 1410 5706 aas
1435 5655 1548 5708 anderen
1574 5655 1739 5708 Buebrtcben
1847 5658 1871 5719 c)
1892 5657 1959 5723 privi
1986 5654 2039 5718 aas
2051 5650 2084 5698 45

585 5739 653 5773 asar.
