4298 6414
923 459 1047 516 ΟΤΤΟ
1070 460 1094 515 Ῑ.
1119 455 1308 515 936-937.
1901 451 1943 515 95

304 649 436 728 potestas
457 637 626 704 licentiam
648 638 769 705 habeat
790 639 952 703 teloneum
975 639 1025 703 vel
1049 639 1139 704 aliud
1162 638 1330 724 quodlibet
1353 638 1521 704 1101111011ι
1543 640 1611 703 sive
1634 642 1794 726 quesitum
1813 663 1854 705 ex
1871 643 1943 726 ipsa

299 756 421 814 moneta
443 744 608 828 exigendi,
632 755 741 830 nostre⁶
765 746 946 809 serenitatis
969 746 1058 827 regia
1081 747 1271 809 auctoritate
1296 745 1426 807 omnino
1446 742 1683 824 interdicimus3
1708 744 1765 808 sed
1789 744 1943 830 quicquid

292 848 364 916 inde
387 848 586 932 exigendum
608 859 687 930 erat,
711 848 754 912 ad
776 850 936 931 integrum
959 850 1114 933 episeopo
1139 848 1281 933 predicto
1304 846 1393 911 urbis
1417 855 1448 909 et
1469 846 1605 930 ecclesie
1624 848 1729 912 eidem
1747 850 1942 934 potestative

288 957 321 1019 in
345 961 513 1036 postemm
534 950 678 1015 habendi
700 952 733 1015 in
755 950 966 1016 elemosinam
988 952 1101 1031 nostri,
1125 950 1219 1014 simul
1243 961 1274 1014 et
1297 949 1369 1034 dive
1392 953 1546 1034 memorie
1561 954 1662 1036 patris
1678 954 1778 1016 nostri
1796 952 1940 1015 Heimici

230 1080 255 1127 5
283 1055 487 1121 serenissimi
510 1055 596 1137 regis
620 1053 736 1119 damus
759 1063 792 1118 et
809 1053 1029 1118 concedimus.
1062 1055 1106 1117 Et
1128 1065 1164 1118 ut
1185 1053 1245 1137 hee
1268 1055 1436 1117 concessio
1454 1055 1601 1118 veracius
1618 1076 1637 1116 a
1652 1054 1801 1119 fidelibus
1822 1058 1941 1119 nostris

278 1153 444 1224 credatur
465 1166 498 1219 et
519 1155 696 1221 firmiorem
719 1158 768 1220 sui
791 1159 912 1220 tenoris
936 1155 1145 1219 stabilitatem
1172 1158 1205 1219 in
1228 1157 1353 1220 firturas
1382 1157 1576 1242 populorum
1608 1161 1830 1224 successiones
1861 1160 1941 1224 obti-

274 1269 379 1341 neat,
414 1270 605 1344 preceptum
631 1260 694 1323 hoc
717 1259 792 1324 inde
814 1259 978 1324 conscribi
1001 1262 1153 1324 iussimus
1177 1270 1209 1323 et
1231 1261 1319 1325 anuli
1341 1264 1443 1326 nostri
1468 1265 1680 1347 impressione
1703 1263 1783 1328 illud
1808 1265 1940 1343 sigillari

271 1364 494 1451 precepimus
517 1385 681 1447 manuque
703 1374 815 1426 nostra
837 1366 970 1448 propria
992 1363 1073 1428 illud
1095 1365 1368 1428 confirmavimus.

393 1499 529 1583 Signmn
554 1499 665 1565 domni
689 1499 820 1565 Ottonis
843 1502 1039 1565 serenissimi
1063 1503 1159 1583 regis.

212 1627 241 1669 o
394 1603 588 1688 Adaldagus
613 1607 758 1669 notarius
781 1604 930 1668 advicem
953 1603 1110 1668 Rodberti
1133 1604 1384 1690 archicapellani
1408 1611 1592 1690 recognovi.

391 1738 488 1806 Amio
504 1744 596 1825 regni
612 1744 682 1806 eius
697 1760 730 1824 v,
754 1765 839 1806 anno
863 1744 1096 1807 incarnationis
1119 1759 1352 1825 occccxxxvl,
1376 1745 1552 1811 indictione
1574 1747 1615 1829 x3
1639 1758 1747 1813 actum
1763 1749 1940 1831 Brugheim

268 1855 381 1910 curte
402 1844 535 1930 regiae
560 1848 594 1911 in
616 1849 746 1912 nomine
770 1846 825 1912 dei·
846 1848 983 1912 feliciter
1005 1871 1109 1913 anien.

1102 2077 1124 2105 ρ

1107 2098 1137 2150 1.

293 2225 380 2299 (lau
402 2227 565 2325 desidiipt
586 2227 662 2300 deor
688 2227 848 2301 Bistlmm
876 2229 1107 2302 Holberstodt
1128 2229 1185 2301 die
1209 2229 1522 2302 [crassitatem
1542 2230 1618 2301 dus·
1631 2230 1837 2303 Wallreclu.

1470 2368 1596 2427 Aleten
1619 2374 1684 2429 937
1706 2370 1844 2428 chranr
1866 2374 1894 2427 1.

396 2559 572 2617 Transsumt
594 2576 649 2615 ron
673 2558 712 2615 K.
737 2557 835 2627 Adols'
854 2562 937 2616 1295
962 2558 1086 2615 Joauar
1107 2562 1136 2615 a
1164 2558 1331 2629 rrrrsacstellt
1354 2560 1393 2614 im
1418 2558 1445 2614 1.
1470 2558 1670 2616 Stuatsurelu'r
1691 2576 1732 2615 ro
1753 2558 1940 2631 1100110101χο

393 2661 456 2737 (B).
481 2695 524 2705 -
546 2662 770 2719 Helberstddter
794 2661 971 2734 capenum-co
994 2660 1043 2715 des
1067 2664 1117 2718 14,
1142 2659 1194 2718 Jo.
1219 2659 1243 2730 s.
1268 2665 1307 2718 15
1337 2661 1369 2716 111
1398 2660 1451 2716 der
1473 2659 1639 2716 1111Ιὶ01111
1667 2660 1716 2716 des
1738 2659 1939 2734 Duru-Gym-

390 2768 528 2822 nasioms
549 2783 590 2822 sa
612 2765 804 2823 Helberstodt
827 2782 884 2821 0110
906 2764 935 2821 Β
957 2762 1017 2841 (C).

392 2901 506 2973 Hoeser
531 2903 669 2961 Zeitscbr.
692 2907 723 2973 2,
747 2906 811 2962 336
833 2910 867 2959 o⁰
890 2906 930 2961 50
954 2902 1070 2962 011111.
1094 2936 1136 2945 —
1160 2899 1387 2961 81110110111011.
1412 2902 1939 2979 1101100101.(111111110101111831)

392 3012 431 3065 81
457 3023 514 3064 oras
539 3005 569 3065 C.
596 3040 633 3048 —
658 3006 874 3079 8101111310.
901 3010 951 3065 63.

393 3143 834 3202 01111011111011111111).
859 3143 986 3215 [sudario
1010 3150 1058 3201 IV.
1084 3145 1212 3201 Bdloucr
1233 3146 1301 3204 RK.
1327 3149 1410 3204 1185
1433 3147 1626 3217 pescleriebco.

493 3348 533 3411 In
559 3349 689 3411 nomine
719 3356 830 3411 sancte
859 3357 892 3410 et
920 3345 1084 3411 individue
1115 3349 1277 3411 trinitatis.
1324 3348 1401 3413 Otto
1433 3348 1543 3413 divina
1573 3359 1733 3414 annuente
1760 3351 1937 3414 clemencia

294 3475 358 3517 rex.
441 3468 621 3517 Ecclesiarnm
645 3467 687 3517 dei
709 3483 798 3516 euram
822 3483 921 3532 gerere,
944 3466 1123 3530 peticionibus
1145 3482 1251 3531 quoque
1274 3481 1408 3515 servorum
1432 3467 1474 3517 dei
1497 3484 1614 3517 annuere
1636 3470 1743 3533 regibus
1767 3474 1792 3517 et
1814 3469 1937 3518 bonorifi-

292 3587 346 3620 cum
369 3586 400 3619 ac
424 3570 532 3619 salubre
555 3571 610 3620 fore
632 3571 735 3620 cunctis
758 3570 882 3620 fidelibus
904 3568 1005 3634 liquido
1029 3570 1118 3619 claret.
1152 3570 1321 3633 Quapropter
1342 3574 1434 3618 notum
1457 3586 1514 3618 esse
1538 3570 1667 3631 volumus,
1691 3571 1806 3635 qualiter
1829 3587 1936 3621 venera-

208 3654 274 3717 25
292 3675 348 3724 bilis
371 3677 514 3739 episeopus
535 3658 744 3723 Bernllardus
767 3679 857 3722 sancte
882 3657 933 3721 del
956 3674 1066 3723 ecclesie
1082 3673 1314 3723 Halberstadensis
1336 3674 1383 3722 ubi
1407 3673 1561 3737 principalis
1584 3676 1711 3739 episcopii
1735 3677 1775 3724 sui
1800 3675 1875 3724 sedes
1897 3681 1937 3723 est

289 3780 314 3827 in
336 3793 405 3843 pago
430 3778 609 3841 Hartegonwe
632 3782 796 3839 constructa,
824 3783 940 3825 nostram
963 3776 1055 3825 adiens
1078 3775 1247 3825 clemenciam
1276 3777 1380 3840 piorum
1410 3778 1609 3841 progenitorum
1632 3783 1782 3827 nostrorum
1805 3780 1856 3842 ipsi
1880 3778 1936 3826 sedi

288 3896 413 3930 concessa
436 3879 576 3945 privilegia
600 3879 702 3940 detulit,
726 3879 818 3929 eadem
840 3896 887 3944 per
909 3882 1085 3930 interventum
1109 3864 1225 3928 dilecte
1249 3866 1396 3947 coniugis
1420 3876 1528 3929 nostre
1550 3867 1660 3949 regine
1679 3865 1854 3949 Eadgide‘*
1876 3889 1936 3929 nec

287 3992 352 4032 11011
373 3978 406 4032 ct
428 3967 485 4032 filil
508 3969 609 4032 nostrl
633 3967 757 4032 liutolfi
781 3988 807 4032 01
829 3983 938 4033 concedi
961 3998 993 4032 ae
1015 3984 1179 4033 corroborari
1204 3984 1356 4047 deposcens.
1395 3982 1474 4043 erod
1496 3984 1560 4048 qnia
1586 3985 1684 4032 iustum
1714 4000 1745 4033 ae
1773 3985 1936 4034 racionabile

287 4094 399 4150 constat,
422 4103 471 4152 per
491 4087 543 4137 hoe
565 4094 654 4137 nostre
676 4088 843 4137 auctoritatis
865 4091 1019 4150 preceptum
1043 4087 1194 4137 eorumdem
1216 4086 1340 4136 consultu
1364 4086 1537 4149 decernimus,
1560 4094 1591 4136 111
1613 4089 1702 4136 omnia
1723 4104 1775 4153 que
1794 4095 1935 4138 nrernorato

224 4184 269 4235 30
287 4190 399 4242 ecclesie
422 4189 642 4239 Halberetadensi
665 4205 682 4238 a
703 4189 917 4254 progenitoribus
940 4189 1038 4237 nostris
1060 4190 1134 4253 regia
1155 4187 1340 4238 munificencia
1362 4191 1418 4239 sive
1441 4190 1553 4240 aliorum
1575 4190 1692 4241 fidelium
1715 4191 1861 4240 collacione
1889 4208 1936 4241 seu

286 4311 332 4359 per
355 4295 503 4358 precariam
524 4293 594 4342 iuste
616 4293 715 4342 tradita
737 4296 811 4352 sunt,
839 4289 915 4340 firma
937 4296 964 4341 et
986 4291 1136 4340 ineoninlsa
1157 4299 1329 4356 permaneant
1351 4309 1437 4357 neque
1460 4294 1531 4342 ullus
1552 4295 1633 4343 iudex
1655 4294 1781 4358 publicus
1804 4312 1850 4345 seu
1873 4312 1935 4360 que·

286 4400 352 4449 libet
374 4399 516 4449 iudiciaria
538 4414 652 4462 persona
674 4396 791 4447 eiusdem
814 4397 884 4447 sedis
906 4396 968 4445 litos
991 4404 1038 4446 aut
1060 4396 1169 4446 colonos
1192 4413 1238 4446 seu
1261 4395 1396 4461 quoslibet
1412 4397 1484 4444 viros
1500 4396 1534 4444 ad
1549 4397 1633 4460 ipsam
1649 4396 1738 4445 sedem
1754 4398 1835 4445 variis
1850 4397 1935 4447 modis

285 4503 429 4566 inquisitos
456 4500 499 4549 vel
528 4499 615 4549 adhuc
643 4499 814 4564 inquirendos
842 4501 963 4564 quolibet
989 4502 1068 4553 modo
1097 4503 1254 4567 distringere
1283 4501 1392 4560 audeat,
1427 4501 1473 4550 sed
1500 4508 1606 4551 maneat
1628 4503 1712 4565 ipsine
1734 4502 1786 4551 loci
1810 4504 1934 4566 episcopo

286 4604 401 4655 iaerdtas
424 4605 532 4668 propria
553 4619 604 4667 que
628 4602 660 4652 de
686 4602 738 4651 hiis
765 4604 835 4653 iuste
863 4605 978 4654 voluerit
1006 4604 1130 4655 faciendi.
1167 4606 1280 4670 Insuper
1308 4607 1390 4655 eciam
1419 4621 1467 4669 pro
1496 4588 1606 4653 domni
1635 4599 1667 4653 et
1694 4604 1822 4670 genitoris
1851 4607 1934 4654 nostri

237 4708 269 4754 35
285 4691 382 4755 beate
405 4690 560 4754 memorie
582 4689 717 4753 Henrlel
740 4691 825 4772 regis
854 4709 940 4758 anime
963 4709 1115 4758 salvacione
1137 4716 1279 4774 nostraque
1300 4724 1429 4774 prospera
1451 4710 1632 4759 incolumitate
1655 4711 1707 4757 iam
1731 4709 1800 4757 dicte
1824 4709 1934 4758 ecclesie

286 4810 471 4871 concedimus,
506 4814 535 4856 111
564 4807 681 4858 habeant
710 4808 827 4858 eiusdem
858 4810 929 4859 sedis
962 4812 1050 4861 clerici
1081 4814 1208 4862 canonice
1236 4819 1316 4877 atque
1347 4812 1525 4862 ecclesiastice
1547 4827 1593 4860 seu
1616 4813 1683 4860 111101
1706 4828 1734 4860 se
1756 4827 1803 4860 sen
1827 4811 1934 4861 aliunde

286 4913 366 4979 digne
391 4913 424 4961 ad
447 4912 497 4961 hoc
521 4917 547 4961 et
569 4911 756 4961 convenienter
778 4910 894 4977 eligendi
916 4915 1070 4979 episcopum
1098 4915 1208 4965 liberam
1237 4931 1268 4964 ac
1296 4917 1429 4979 propriam
1459 4915 1628 4979 tacrrltatom,
1661 4920 1819 4978 maneatque
1849 4915 1933 4965 eidem

286 5016 345 5066 loco
375 5025 429 5065 tam
458 5016 507 5065 hec
534 5015 669 5064 concessio
698 5029 777 5079 quam
807 5017 892 5065 omnis
915 5017 1059 5066 inmunitas
1082 5033 1206 5082 umquam
1229 5033 1245 5066 a
1267 5020 1482 5084 progenitoribus
1505 5020 1602 5068 nostris
1624 5018 1689 5067 illuc
1711 5035 1838 5068 concessa
1860 5019 1934 5068 firma

286 5126 313 5170 01
334 5120 525 5184 perpetualiter
547 5117 721 5168 observanda.
758 5118 794 5166 Et
814 5124 844 5167 ut
866 5119 916 5168 hoc
940 5125 1027 5169 nostre
1050 5122 1217 5170 auctoritatis
1239 5120 1372 5172 decretum
1401 5121 1521 5187 quolibet
1542 5122 1621 5171 modo
1643 5121 1751 5185 infringi
1775 5121 1818 5170 vel
1842 5122 1932 5186 depra-

240 5229 344 5279 4011111
367 5228 424 5276 sive
446 5227 590 5290 permutari
612 5231 739 5289 nequeat,
763 5239 842 5273 manu
866 5227 973 5289 propria
994 5225 1061 5275 illud
1083 5225 1244 5275 firmavimus
1267 5210 1452 5295 annuloque
1476 5230 1565 5274 nostro
1589 5226 1738 5301 consignari
1761 5226 1894 5275 iussimus.

389 5346 524 5431 Signum
548 5346 657 5410 domni
683 5344 813 5410 Ottonis
836 5348 900 5428 (M.)
926 5351 1120 5413 serenissimi
1142 5350 1238 5432 regis.

389 5448 603 5533 Adeldagusb
625 5448 838 5515 cancellarius
853 5449 1000 5515 advicem
1016 5450 1190 5517 Hildiberti
1203 5451 1217 5491 l
1232 5453 1510 5517 archicancellarii
1525 5454 1700 5535 recognovi
1716 5462 1748 5516 et
1769 5455 1839 5533 (SR.
1858 5455 1934 5534 NN.)

390 5640 415 5693 0.
442 5638 537 5710 [Folia]
642 5647 667 5707 a)
688 5645 806 5695 dedit-um
823 5642 851 5693 Β
953 5643 980 5702 b)
1000 5644 1072 5708 regio
1091 5643 1126 5693 B.

387 5745 413 5800 7.
442 5745 536 5816 [solta]
638 5752 664 5812 a)
685 5750 780 5800 Saclrie
798 5747 825 5798 B
927 5748 955 5812 11)
974 5747 1127 5814 Addelagus
1142 5787 1165 5800 ..
1180 5748 1320 5814 Hildigerii
1338 5748 1373 5799 B.
