4298 6414
223 429 285 494 144
818 439 1265 496 KAISERURKUNDEN.

221 643 335 685 cervos
359 641 452 684 ursos
475 616 636 704 capreasd
657 639 771 701 apros,
800 617 922 682 bestias
944 621 1077 703 insuper
1099 642 1161 703 quq
1184 620 1366 684 Teutonico
1386 619 1523 703 lingua⁶
1544 620 1596 684 elo
1622 630 1680 683 aut
1700 620 1786 684 seelo
1806 645 1853 706 ap-

220 723 383 808 pellantur
399 725 508 787 venari
531 722 655 808 absque
678 721 835 807 prelibate
859 720 1012 804 cathedre
1035 719 1195 806 presulis‘
1215 722 1375 807 permissu
1397 733 1573 808 presumat
1606 721 1767 786 Volumus
1787 745 1854 808 quo·

221 849 282 911 que
305 825 502 912 firmiterque
523 824 643 909 regalis
665 824 773 888 edicto
796 823 1015 909 munificentie
1037 827 1255 910 precipientes
1277 825 1442 907 iubemus,
1465 836 1501 890 ut
1523 826 1557 889 in
1578 824 1697 890 eodem
1720 848 1802 910 pago
1821 849 1854 890 ac

221 929 253 992 in
276 928 359 992 silva
382 951 444 1013 que
465 938 673 1013 nuncupatur
695 927 844 992 Fulnaho
869 949 908 992 ac
931 930 1115 992 universis8
1141 927 1261 992 finibus
1283 930 1353 993 eius
1376 950 1416 992 se
1443 928 1560 1013 prefati
1587 924 1694 1013 pagi¹¹
1723 927 1856 1016 adusque

221 1030 407 1095 adiacentes
430 1042 557 1095 ceteras
574 1033 727 1114 regiones
750 1029 915 1115 predictei
945 1031 1145 1094 Traiectensi
1176 1030 1313 1115 ecclesie
1341 1033 1391 1096 ius
1420 1042 1565 1095 servetur
1586 1028 1790 1095 forestem*
1814 1043 1878 1096 ut·-

220 1144 296 1218 pote
311 1134 406 1199 nobis
428 1137 460 1198 in
478 1136 609 1199 nostris.
645 1133 694 1197 Ac
716 1144 753 1198 ut
774 1133 835 1217 hec
857 1132 1061 1198 traditionis¹
1082 1143 1192 1218 nostre
1215 1135 1384 1198 concessio
1407 1134 1583 1199 firmiorem
1604 1136 1641 1198 in
1665 1132 1717 1198 dei
1738 1136 1856 1199 nomine

221 1237 366 1301 obtineat
382 1239 528 1322 vigorem
550 1239 721 1322 veriusque
745 1259 803 1321 per
825 1236 1067 1302 succedentium
1090 1235 1251 1301 curricula
1273 1247 1455 1323 temporum
1478 1235 1521 1300 ab
1543 1235 1697 1301 omnibus
1718 1235 1857 1301 credatur

219 1339 546 1427 inviolabiliterque¹¹²
578 1351 723 1404 servetur
745 1362 784 1404 ac
807 1341 995 1424 incorrupta
1024 1341 1141 1424 iugiter
1167 1339 1335 1424 perduret,
1369 1361 1485 1405 manus
1507 1349 1620 1424 nostre
1643 1341 1765 1425 scripto
1786 1339 1857 1404 illud

219 1443 420 1508 firmavimus
443 1453 508 1506 ac¹¹
530 1441 619 1507 anuli
641 1444 744 1507 nostri
767 1444 978 1527 impressione
1002 1442 1154 1506 iussimus
1176 1442 1391 1507 corroborari.

325 1562 461 1681 signiri
483 1598 594 1662 domni
618 1597 748 1663 ottonis
772 1598 966 1662 serenissimi
989 1598 1085 1680 regis.
1870 1626 1907 1671 ι

323 1719 413 1782 Βιιιιι
436 1717 652 1782 cancellarius
676 1718 825 1783 advieem
847 1718 1028 1783 Frethurici
1051 1716 1328 1802 archicapellani⁰
1350 1719 1535 1801 recognovi.

323 1873 411 1936 Data
434 1891 480 1937 V1.
509 1874 576 1938 kal.
601 1873 670 1938 dec.
698 1896 785 1938 anno
815 1873 937 1938 domini
966 1887 1194 1955 nccccxnlm,
1228 1871 1404 1937 indictione
1427 1889 1455 1955 1,
1488 1893 1576 1937 anno
1600 1870 1711 1936 domni
1736 1869 1855 1935 Ottonis

220 1976 449 2040 invictissimiP
471 1980 556 2061 regis
580 1994 675 2059 v11113
699 1987 809 2042 aetum
831 1979 864 2041 in
887 1975 961 2041 loco
987 1977 1067 2061 quiq
1091 1975 1208 2041 dicitur
1230 1975 1465 2041 walehusen*

1011 2251 1070 2323 63.

229 2405 310 2481 Otto
333 2404 472 2478 sobeold
494 2405 564 2478 den
586 2405 765 2479 Mbnebeo
788 2403 847 2476 der
869 2403 1030 2477 Klosters
1051 2429 1097 2477 zo
1118 2402 1345 2503 Mapdeborp
1365 2406 1488 2478 seiueu
1509 2404 1623 2480 durch
1643 2405 1782 2480 Terede
1800 2404 1881 2477 ruiti

220 2524 416 2598 Eberhard
436 2526 665 2599 erworbeueie
687 2525 807 2597 Besitz
826 2549 871 2597 zu
893 2524 1057 2620 Nettorp,
1082 2523 1290 2597 Robrsbeim
1311 2523 1391 2596 aad
1412 2524 1620 2623 Uepliopeo.

1364 2664 1505 2736 Botbseld
1527 2669 1590 2726 945
1612 2665 1750 2725 Feruor
1770 2667 1818 2725 12.

322 2855 539 2928 Mopdeburqer
554 2853 731 2928 Copialbecb
754 2853 803 2912 des
826 2856 875 2913 15.
893 2853 946 2913 ,Νι
971 2851 995 2923 s.
1011 2848 1042 2911 3‘
1064 2853 1107 2909 im
1128 2852 1155 2910 b.
1173 2849 1376 2911 Stootsorcbte
1389 2870 1431 2910 eu
1444 2852 1630 2927 Mupdebory
1646 2851 1712 2933 (D).
1735 2887 1778 2897 -
1798 2851 1858 2911 Dru

323 2961 421 3017 werse
441 2959 527 3017 Baeti
549 2959 598 3017 des
619 2958 753 3016 Klosters
771 2958 865 3031 Berpe
886 2975 943 3016 aas
965 2956 1031 3014 dem
1052 2955 1138 3014 Eride
1159 2955 1208 3014 des
1231 2959 1281 3014 17.
1298 2954 1351 3014 Jb.
1375 2952 1467 3026 7510'
1489 2957 1532 3013 im
1547 2956 1665 3016 Best‘tse
1680 2955 1734 3015 der
1748 2954 1860 3014 Ktoster

323 3060 499 3134 Berqisohen
521 3060 658 3134 Stistrmp
679 3079 719 3120 eu
740 3061 926 3134 Mopdeburp
950 3058 1004 3136 (Ι).
1874 3083 1903 3131 20

322 3212 504 3286 Sopittorius
526 3213 597 3273 Ant.
622 3216 814 3288 Mopdeburp.
843 3215 886 3272 ed.
913 3220 937 3284 1,
960 3217 1003 3272 24
1025 3229 1082 3270 aas
1104 3211 1172 3271 MS.
1196 3212 1247 3271 des
1273 3211 1409 3271 oreadas
1432 3235 1473 3265 =
1495 3212 1539 3271 ed.
1567 3220 1607 3283 11,
1631 3217 1673 3274 19
1698 3236 1738 3266 =
1760 3211 1860 3285 mse

322 3313 389 3373 ΒΑ.
413 3312 477 3387 16⁶,
502 3321 520 3375 4
542 3324 577 3375 o⁰
592 3322 621 3388 6,
647 3341 686 3370 =
710 3317 893 3391 Suqittarius
916 3319 950 3374 io
964 3316 1081 3389 Boyseo
1096 3313 1173 3387 Aba.
1190 3314 1337 3387 Murro
1358 3318 1387 3384 1,
1412 3319 1463 3376 79.
1486 3348 1529 3358 -
1550 3315 1681 3374 Bobrner
1695 3315 1768 3388 Rep.
1784 3317 1861 3385 119,-

322 3417 378 3475 aue
398 3436 439 3475 ze
462 3423 533 3479 944.
557 3454 600 3463 -
622 3421 750 3494 sempr
767 3421 838 3494 1209.
862 3424 934 3480 119.
1629 3417 1635 3435 ’

322 3570 405 3628 Neue
427 3572 645 3647 Austertiquup
666 3592 722 3633 voe
743 3574 810 3633 Do·
835 3579 892 3644 43,
919 3573 1024 3647 jedoelr
1045 3573 1079 3630 in
1100 3571 1226 3630 crederer
1246 3572 1402 3644 Fassrmp,
1436 3571 1503 3630 dem
1530 3570 1679 3631 Protoleoll
1705 3572 1784 3631 narb
1809 3588 1863 3631 oon

322 3673 389 3731 BB.
413 3674 521 3734 dietirt.
545 3710 588 3720 -
609 3678 715 3735 ladem
736 3679 784 3735 die
804 3680 905 3736 erreite
927 3677 1076 3734 Indiction
1096 3676 1172 3733 narb
1193 3674 1357 3747 damdtqer
1378 3674 1571 3748 Berecbmmp
1593 3675 1660 3734 dem
1674 3675 1708 3735 J.
1725 3678 1789 3737 945
1810 3693 1862 3734 ea·
1877 3687 1907 3737 25

322 3777 439 3848 domuit,
463 3780 552 3838 stertet
572 3799 633 3838 aar
654 3783 687 3838 ιιι
710 3785 772 3841 944
796 3783 843 3839 ein
865 3781 945 3838 oieb
964 3780 1087 3838 seltener
1101 3779 1215 3836 Febler.
1253 3777 1312 3835 Die
1330 3777 1529 3851 Zeitdtqom
1550 3777 1784 3851 widerspreebes
1803 3779 1864 3837 siet

322 3880 383 3939 also
404 3882 484 3939 uirbt
506 3885 539 3940 to
561 3883 626 3941 dem
644 3884 744 3943 Grode
765 3883 810 3942 olo
832 3882 939 3940 Fieber
960 3882 1055 3940 Beitr.
1078 3885 1109 3951 2,
1128 3883 1193 3941 258
1215 3882 1331 3951 meinte,
1354 3881 1418 3938 uod
1435 3883 1527 3954 beben
1548 3881 1654 3940 idaeo
1675 3881 1787 3942 Antaeo
1808 3900 1864 3940 aer

323 3981 479 4042 donabere
501 3987 776 4045 niobteiabeitticber
797 3986 959 4058 Dettmap.

425 4186 463 4251 In
491 4190 621 4254 nomine
650 4200 762 4254 sancte
789 4200 821 4255 et
848 4189 1013 4255 individue
1041 4188 1205 4252 trinitatis.
1251 4186 1328 4252 Otto
1353 4187 1405 4251 dei
1426 4189 1537 4271 gracia
1559 4209 1629 4252 rex.
1730 4188 1866 4254 Noverit

221 4289 363 4353 omnium
385 4289 529 4355 fidelium
550 4302 735 4357 nostrorum
757 4303 824 4357 tarn
847 4294 1051 4378 presencium
1078 4314 1176 4376 quarn
1205 4301 1236 4355 et
1264 4291 1445 4355 futruorum
1472 4289 1648 4373 industria,
1684 4290 1774 4376 quod
1802 4315 1862 4357 nos
1879 4311 1907 4360 to

220 4414 279 4476 pro
303 4391 407 4458 salute
430 4396 537 4458 anime
559 4404 668 4459 nostre
690 4395 844 4459 fratribus
866 4396 1053 4459 monasterii
1076 4396 1109 4457 in
1131 4394 1254 4458 honore
1281 4395 1385 4458 saneti
1408 4393 1495 4456 Petri
1522 4392 1749 4478 apostolorum
1776 4397 1864 4480 prin·

220 4497 318 4580 cipis,
341 4495 428 4560 beati
452 4518 579 4582 quoque
602 4498 790 4563 Irmoeeneii
820 4499 960 4562 martiris
981 4500 1015 4561 in
1037 4499 1169 4561 civitate
1190 4495 1395 4580 Magdeburg
1415 4506 1604 4581 nuncupata
1626 4518 1647 4559 a
1667 4495 1764 4561 nobis
1787 4517 1864 4562 oon·

222 4600 333 4662 structi
357 4599 504 4685 predium
529 4623 623 4665 omne
646 4601 734 4687 quod
756 4600 798 4666 ab
820 4597 1012 4666 Eberhardo
1037 4600 1201 4686 quondam
1222 4609 1334 4665 nostro
1358 4599 1484 4664 vasallo
1507 4598 1691 4663 concambii
1714 4601 1783 4664 iure
1807 4599 1864 4665 ob·

220 4703 384 4785 tinuimus,
407 4702 558 4767 videlicet
580 4703 728 4790 quitquid
750 4703 835 4768 idem
857 4705 926 4789 ipse
949 4706 982 4767 in
1005 4703 1188 4768 subnotatis
1206 4703 1364 4767 haetenus
1379 4701 1465 4766 villis
1480 4700 1623 4766 habebat
1638 4704 1862 4788 proprietatis:

219 4804 433 4888 Nebedorff⁸,
466 4806 660 4889 Roreshem,
694 4806 897 4892 Vppelinga,
928 4806 990 4870 hoc
1018 4805 1118 4891 regali
1149 4814 1302 4892 precepto
1332 4805 1494 4871 donamus
1523 4807 1557 4868 in
1590 4807 1758 4890 proprium
1787 4828 1861 4871 cum
1879 4823 1907 4872 ιι

221 4908 370 4974 omnibus
393 4908 595 4995 appendiciis
619 4912 685 4974 suis
708 4909 784 4973 illuc
804 4910 873 4973 iure
890 4909 1135 4995 pertinentibus,
1159 4907 1295 4973 edificiis
1318 4910 1489 4994 mancipiis
1507 4910 1593 4993 agris
1611 4910 1713 4994 pratis
1732 4913 1863 4995 pascuis

221 5012 310 5077 silvis
334 5015 426 5099 aquis
449 5034 671 5099 aquarumque
694 5011 884 5076 decursibus
906 5011 1099 5077 molendinis
1126 5011 1367 5096 piscacionibus
1390 5011 1531 5076 exitibus
1554 5022 1586 5075 et
1607 5008 1765 5075 reditibus
1788 5034 1862 5098 que·

219 5117 289 5180 sitis
312 5125 343 5179 rt
364 5115 574 5200 inquirendis,
598 5137 697 5179 manu
718 5125 831 5180 nostra
852 5117 990 5200 signato,
1014 5115 1125 5179 annuli
1147 5118 1250 5180 nostri
1274 5117 1474 5200 inpressione
1496 5113 1661 5178 roborato.

322 5301 363 5358 22.
391 5305 417 5365 il)
437 5321 512 5357 ursos
532 5312 578 5357 aut
595 5321 674 5372 apros
691 5305 719 5355 B
731 5303 770 5355 24
863 5309 887 5367 e)
906 5305 1073 5355 Theutouiea
1091 5306 1132 5354 elo
1151 5310 1178 5355 et
1195 5320 1216 5356 s.
1237 5320 1260 5354 a
1279 5304 1373 5370 lingua
1388 5303 1416 5353 B
1428 5301 1467 5353 24
1563 5302 1585 5364 f)
1603 5301 1731 5368 prelibate
1749 5307 1861 5371 pastoris

391 5375 503 5441 ecclesie
520 5375 548 5425 B
560 5374 599 5425 24
680 5374 709 5442 g)
727 5380 757 5424 ut
773 5376 801 5423 in
820 5373 913 5424 eodem
931 5389 999 5440 pago
1019 5380 1045 5424 et
1061 5375 1192 5424 universis
1210 5373 1236 5422 Β
1249 5371 1288 5422 24
1368 5373 1397 5433 li)
1416 5387 1447 5421 ec
1465 5371 1561 5438 prelati
1579 5373 1641 5438 pagi
1652 5369 1723 5433 feblt
1738 5374 1770 5422 in
1786 5373 1861 5424 Β24
1876 5370 1907 5420 40

392 5445 412 5504 i)
430 5443 531 5510 prefatq
548 5444 576 5494 B
587 5442 627 5494 24
714 5444 743 5510 li)
762 5442 789 5492 Β
802 5440 849 5504 24,
868 5442 1017 5493 forentense
1035 5441 1061 5492 Β
1073 5444 1111 5492 20
1197 5442 1218 5502 l)
1236 5442 1272 5491 Et
1289 5447 1319 5490 nt
1335 5440 1483 5491 traditionis
1500 5439 1528 5490 B
1540 5437 1580 5490 24
1665 5439 1702 5505 m)
1719 5440 1747 5491 Β
1758 5439 1807 5505 24,
1824 5444 1862 5492 in·

392 5512 585 5578 violabiterquo
602 5511 628 5562 Β
640 5514 678 5562 20
774 5513 802 5574 ιι)
822 5517 848 5562 et
864 5510 892 5560 B
904 5508 943 5560 24
1038 5513 1064 5572 ο)
1082 5511 1222 5561 Fritharici
1240 5509 1465 5576 mhiesppellmi
1485 5505 1559 5559 Β24
1654 5511 1683 5576 p)
1702 5512 1862 5561 serenissimi

391 5578 468 5630 Β24
554 5583 581 5647 q)
600 5587 687 5631 artuui
705 5580 810 5646 palacio
829 5581 903 5645 regio
921 5578 993 5644 quod
1011 5577 1088 5629 Β24
1175 5581 1198 5639 r)
1216 5578 1259 5628 W.
1276 5581 1305 5629 in
1323 5579 1367 5628 dei
1384 5580 1491 5629 nomine
1508 5576 1595 5628 Β24.

323 5677 364 5735 bb.
392 5678 588 5751 [bulte-Sicuti]
684 5683 711 5746 a)
730 5682 781 5748 121,
799 5683 828 5732 to
844 5682 895 5733 deri
912 5696 1165 5748 sommyeyorsyeoeu
1182 5679 1272 5737 DDO.
1289 5683 1329 5740 41,
1347 5682 1385 5730 42
1400 5680 1537 5747 Nettborp,
1555 5680 1674 5748 Nottorp.
