4298 6414
899 470 1026 527 erro
1048 472 1073 527 1.
1097 469 1167 527 osv.
1787 446 1851 530 467

322 534 333 559 h

206 650 427 736 patriarcham
454 652 632 733 interfecit,
666 650 838 738 Aquilegie
866 661 899 716 et
927 653 961 716 in
990 654 1140 718 omnibus
1169 653 1288 719 finibus
1311 656 1459 720 Foriiulii
1489 658 1657 742 possidere
1679 657 1768 721 visus
1791 665 1851 739 est,

206 754 291 840 quod
313 758 464 821 omnium
486 755 607 821 iudicio
629 753 778 839 legaliter
800 757 833 819 in
856 756 906 819 ius
929 756 1075 820 eiusdem
1099 758 1236 821 ecclesie
1260 757 1381 824 decidit
1397 782 1454 844 per
1470 759 1554 824 illius
1571 760 1696 825 scilicet
1710 759 1851 824 nefande

209 860 405 943 operationis
427 879 558 940 necem,
581 880 640 922 uec
668 880 735 922 non
759 880 870 923 omnes
892 865 944 922 'res
967 868 999 922 et
1021 862 1237 945 proprietates
1260 861 1415 926 Annonid
1439 886 1520 948 quas
1544 879 1602 949 per
1624 872 1851 948 preceptorum

209 964 343 1047 paginas
372 984 476 1047 nuper
504 962 544 1026 de
571 961 769 1045 Berengario
799 962 873 1026 dive
903 964 1058 1027 memorie
1085 964 1280 1048 imperatore
1304 967 1491 1050 acquisivit,
1526 975 1559 1029 et
1582 966 1736 1052 quicquid
1758 967 1787 1029 ei
1811 965 1851 1029 de

211 1067 272 1129 iure
295 1074 470 1151 parentum
492 1064 625 1130 obvenit
651 1066 683 1127 in
707 1063 895 1150 supradicto
924 1067 1080 1129 comitatu
1102 1066 1260 1130 Foroiulii
1289 1070 1321 1131 in
1345 1069 1417 1132 vico
1442 1069 1604 1134 Patiano⁰
1632 1092 1688 1133 seu
1717 1069 1750 1132 in
1775 1065 1849 1132 Cer·

211 1169 299 1231 clano
329 1165 382 1231 vel
410 1169 444 1231 in
470 1164 618 1250 Rongis‘
644 1176 700 1231 aut
727 1169 761 1230 in
790 1166 1033 1232 Preberdiacoss
1061 1178 1093 1232 et
1121 1170 1155 1232 in
1184 1169 1355 1234 Aulianico
1385 1180 1482 1256 atque
1510 1173 1543 1235 in
1565 1171 1704 1236 Foliano
1734 1171 1786 1235 vel
1816 1171 1849 1235 iu

209 1270 360 1351 llirione,
395 1291 455 1334 nec
477 1292 544 1334 non
568 1280 600 1334 et
621 1279 766 1334 castrum
789 1269 877 1355 quod
898 1280 1036 1334 vocatur
1051 1273 1155 1336 Ferro
1177 1295 1250 1337 cunr
1276 1273 1424 1338 omnibus
1448 1277 1514 1338 suis
1538 1274 1739 1359 pertinentiis
1762 1276 1849 1339 intus

207 1382 236 1437 et
256 1372 340 1437 foris
362 1372 406 1436 ad
428 1382 575 1437 nostrum
596 1374 648 1436 ius
671 1372 907 1457 pertinentibus
931 1382 963 1437 et
992 1374 1148 1460 quiequid
1178 1375 1260 1437 iuter
1287 1375 1408 1439 flumen
1439 1375 1646 1462 Liquentiam
1675 1397 1778 1461 usque
1805 1375 1850 1440 ad

206 1476 298 1541 Duas
322 1497 451 1541 sorores
474 1485 507 1539 et
527 1477 615 1540 viam
638 1474 804 1559 publicam
835 1497 932 1561 quam
960 1486 1094 1540 stratam
1120 1476 1349 1560 Hungarorum
1379 1491 1516 1561 vocant,
1550 1483 1720 1545 interiacet
1746 1501 1849 1564 usque

206 1576 247 1642 ad
275 1577 367 1643 littus
395 1581 513 1660 maris,
547 1587 615 1641 tarn
644 1576 885 1662 proprietatesh
913 1588 1115 1644 mortuorum
1144 1579 1310 1645 hominum
1339 1604 1437 1668 quam
1460 1593 1625 1647 eteorum
1648 1583 1702 1668 qui
1726 1581 1849 1667 absque

206 1681 384 1746 hereditate
400 1691 432 1746 et
447 1689 641 1745 testamento
662 1683 780 1745 mortui
803 1692 887 1763 suut,
910 1705 968 1767 per
989 1685 1091 1747 nostri
1115 1686 1259 1769 precepti
1283 1687 1436 1769 pagiuam
1460 1696 1572 1751 nostra
1593 1685 1752 1771 imperiali
1776 1707 1850 1749 auc-

206 1786 335 1849 toritate
355 1784 550 1849 donaremus
568 1792 601 1847 et
619 1782 905 1849 confirmassemus
919 1783 935 1866 ⁵,
960 1795 1119 1871 quatenus
1143 1785 1250 1850 nullus
1274 1786 1339 1851 dux
1364 1788 1509 1852 marchio
1533 1811 1642 1853 comes
1665 1791 1848 1853 vicecomes

206 1897 261 1951 aut
276 1885 463 1952 sculdacius
479 1909 536 1951 seu
552 1885 662 1971 aliqua
679 1907 818 1970 persona
840 1888 873 1951 in
892 1888 1046 1973 predictis
1071 1889 1152 1954 locis
1175 1889 1294 1953 habeat
1317 1901 1512 1975 potestatem
1537 1891 1694 1976 placitum
1717 1889 1848 1955 tenendi

206 1989 429 2075 autaliquem
452 1990 617 2055 dationem
639 1989 692 2054 vel
714 1989 941 2055 redibitionem
962 1990 1162 2074 requirendi,
1196 1993 1259 2055 nisi
1283 1992 1371 2056 solus
1395 1994 1518 2077 prefate
1541 1993 1678 2057 ecclesie
1701 1993 1849 2078 pontifex

206 2092 257 2156 vel
278 2091 366 2157 illius
388 2094 539 2157 vicarius.
580 2093 649 2158 Nos
671 2095 757 2157 enim
781 2092 991 2177 petitionibus
1016 2093 1230 2158 obedientes¹
1254 2118 1312 2180 pro
1337 2095 1388 2159 dei
1412 2119 1523 2161 amore
1547 2104 1696 2181 statuque
1723 2097 1848 2181 imperii

206 2199 307 2260 nostri
336 2196 516 2281 predictam
544 2196 713 2262 abbatiam
741 2195 781 2260 de
811 2195 913 2262 Sexto
945 2220 1019 2261 cum
1048 2199 1206 2261 universis
1229 2200 1432 2281 pertinentiis
1456 2201 1523 2263 suis
1546 2207 1579 2262 et
1600 2199 1757 2284 quicquid
1779 2222 1848 2285 pre·

207 2302 389 2364 nominatus
411 2298 580 2365 Rodaldus
604 2300 771 2385 possidere
795 2302 884 2365 visus
907 2310 956 2365 est
978 2299 1150 2385 Aquilegie
1172 2304 1205 2365 in
1229 2301 1440 2387 cunctisque¹
1461 2302 1609 2367 Foriiulii
1632 2302 1761 2383 finibus,
1788 2325 1848 2367 nec

209 2426 269 2468 non
292 2426 404 2468 omnes
432 2426 484 2468 res
515 2414 547 2468 et
575 2407 789 2490 proprietates
820 2405 1036 2489 prenominati
1060 2402 1191 2468 Anrroni
1206 2414 1225 2443 ¹¹
1255 2427 1336 2490 quas
1369 2427 1425 2489 per
1454 2415 1681 2490 preceptorum
1711 2407 1848 2490 paginas

210 2529 307 2591 nuper
322 2506 362 2570 de
378 2508 576 2592 Berengario
593 2507 667 2572 dive
689 2509 843 2571 memorie
860 2508 1058 2592 acquisivit¹
1082 2517 1113 2569 et
1136 2506 1291 2592 quicquid
1317 2508 1356 2572 de
1379 2509 1447 2571 iure
1470 2509 1498 2571 ei
1522 2517 1693 2593 parentum
1717 2507 1850 2572 obvenit

211 2610 261 2672 in⁰
288 2613 515 2696 prenominato
546 2613 702 2676 comitatu
724 2610 871 2676 Foriiulii
899 2611 932 2673 in
956 2609 1028 2673 vico
1051 2610 1214 2673 Patianop
1244 2633 1301 2674 seu
1324 2611 1357 2672 in
1381 2608 1540 2674 Cerciano
1562 2611 1613 2674 vel
1636 2613 1668 2674 in
1690 2611 1848 2674 Roncas¹

211 2724 260 2777 aut
287 2715 321 2777 in
350 2712 592 2778 Preberdiacor
623 2723 656 2777 et
684 2717 718 2777 in
749 2712 922 2777 Auliauico
952 2721 1049 2798 atque
1078 2714 1110 2775 in
1139 2712 1277 2775 Foliano
1305 2711 1358 2775 vel
1385 2714 1419 2775 in
1448 2713 1605 2793 Miriono,
1639 2735 1699 2776 nec
1728 2735 1795 2778 non
1816 2721 1849 2776 et

211 2828 347 2882 castrum
377 2817 465 2903 quod
487 2827 625 2882 vocatur
645 2818 750 2882 Farra
778 2838 852 2881 cum
880 2816 1030 2881 omnibus
1055 2818 1121 2879 suis
1144 2816 1346 2899 pertinentiis
1370 2817 1456 2878 intus
1480 2825 1512 2879 et
1533 2816 1613 2879 foris
1636 2814 1679 2878 ad
1701 2824 1848 2879 nostrum

211 2919 252 2982 ius
280 2919 518 3004 pertinentibus
549 2928 581 2982 et
615 2918 770 3005 quiequid
803 2921 886 2982 inter
919 2918 1040 2981 flumen
1067 2919 1276 3003 Liquentiarn
1307 2919 1391 2982 inter
1420 2918 1513 2982 Duas
1542 2939 1670 2982 sorores
1698 2927 1731 2981 et
1760 2919 1848 2981 viam

208 3022 371 3104 publicam
400 3045 497 3109 quam
527 3031 661 3086 stratam
690 3022 922 3105 Hungarerum
950 3030 1085 3097 vocant,
1119 3022 1288 3085 interiacet
1317 3043 1417 3105 usque
1446 3021 1489 3085 ad
1510 3020 1600 3084 littus
1623 3022 1739 3101 maris,
1774 3041 1848 3083 cum

208 3127 355 3192 omnibus
384 3127 585 3211 pertinentiis
614 3124 827 3211 omnibusque
857 3125 952 3189 rebus
982 3124 1157 3189 mobilibus
1181 3135 1212 3188 et
1238 3123 1458 3188 immobilibus
1481 3134 1513 3188 et
1535 3123 1659 3187 familia
1681 3124 1848 3208 utriusque

206 3249 302 3293 sexus
326 3228 470 3293 castellis
492 3227 580 3293 villis
608 3228 690 3291 locis
718 3229 912 3292 massaritiis
936 3227 1070 3313 capellis
1094 3227 1229 3292 edificiis
1253 3227 1403 3292 domibus
1427 3226 1591 3291 montibus
1614 3226 1756 3290 vallibus
1779 3226 1847 3311 pla·

206 3331 350 3396 niciebus
363 3332 488 3416 campis
499 3332 604 3395 vineis
620 3331 721 3415 pratis
738 3333 868 3415 pascuis
885 3330 974 3396 silvis
991 3333 1084 3417 aquis
1100 3355 1259 3416 aquarum
1276 3332 1466 3396 decursibus
1483 3333 1595 3397 salinis
1611 3330 1848 3416 piscationibus

206 3438 281 3521 ripis
305 3435 480 3520 paludibus
502 3434 696 3499 molendinis
722 3433 852 3498 salectis
876 3434 969 3498 cultis
995 3443 1027 3498 et
1049 3435 1191 3516 incultis,
1215 3437 1439 3520 prenominato
1462 3434 1641 3499 venerabili
1665 3433 1847 3519 patriarche

206 3539 353 3604 Rodaldo
370 3549 401 3603 et
419 3562 477 3623 per
495 3562 569 3604 eum
592 3549 670 3603 sue¹
693 3538 829 3602 ecclesie
852 3541 983 3622 suisque
1007 3539 1251 3604 suecessoribus
1275 3540 1441 3624 perhanc
1463 3541 1565 3604 nostri
1588 3541 1733 3624 precepti
1757 3538 1846 3622 pagi-

206 3665 280 3707 nam
308 3651 486 3729 nostraque
514 3643 672 3728 imperiali
696 3645 890 3707 auctoritate
913 3664 933 3705 a
955 3651 1067 3706 nostro
1091 3644 1159 3707 iure
1183 3652 1215 3706 et
1238 3642 1381 3707 dominio
1405 3652 1645 3726 sequestramus
1668 3643 1755 3705 etin
1778 3641 1847 3704 eius

206 3745 422 3831 suorumquet
455 3768 681 3811 successorum
714 3749 763 3810 ius
797 3755 830 3809 et
862 3744 1039 3809 dominium
1076 3749 1206 3811 omnino
1236 3746 1492 3811 transfundimus
1522 3756 1554 3810 et
1581 3745 1769 3829 delegamus
1790 3744 1847 3809 ha·

206 3850 302 3915 bendi
331 3858 542 3935 potestatem,
578 3849 703 3914 scilicet
726 3850 814 3913 omni
837 3848 1096 3912 contradictione
1119 3858 1262 3930 remota,
1298 3857 1457 3934 quatenus
1480 3847 1587 3911 nullus
1612 3846 1680 3911 dux
1702 3846 1847 3910 marchio

206 3976 316 4019 eomes
339 3955 523 4019 vicecomes
547 3963 603 4017 aut
626 3952 828 4016 sculdascius
851 3974 908 4016 seu
931 3950 1040 4036 aliqua
1062 3975 1204 4035 persona
1226 3954 1259 4014 in
1282 3951 1436 4035 predictis
1458 3949 1540 4013 locis
1563 3949 1684 4013 habeat
1706 3957 1846 4034 potesta-

206 4068 266 4120 tem
296 4055 452 4141 placitum
481 4055 611 4119 tenendi
642 4063 698 4119 aut
729 4054 871 4138 aliquam
903 4053 1066 4118 dationem
1095 4054 1146 4117 vel
1177 4051 1404 4118 redibitionem
1434 4051 1633 4137 requirendi,
1667 4053 1730 4115 nisi
1758 4051 1847 4115 solus

206 4160 329 4246 prefate
358 4158 495 4223 ecclesie
524 4158 672 4243 pontifex
699 4156 752 4221 vel
782 4157 867 4221 illius
895 4159 1048 4222 vicarius.
1094 4157 1128 4223 Si
1160 4159 1231 4243 quis
1262 4156 1357 4219 huius
1387 4157 1489 4219 nostri
1524 4156 1668 4239 precepti
1703 4163 1847 4218 tenorem

206 4264 353 4345 Frangere
371 4264 587 4347 temptaverit,
612 4264 696 4327 sciat
719 4284 753 4325 se
776 4261 1030 4345 compositurum
1054 4263 1122 4324 auri
1148 4261 1262 4344 optimi
1285 4257 1385 4322 libras
1409 4273 1439 4338 C,
1464 4256 1696 4321 medietatem¹¹
1719 4279 1847 4321 camere

206 4376 313 4430 nostre
343 4374 376 4429 et
403 4364 610 4431 medietatem
641 4365 864 4450 prenominato
895 4363 1074 4429 venerabili
1103 4363 1287 4448 patriarche
1315 4361 1465 4425 Rodaldo
1497 4362 1629 4445 eiusque
1657 4359 1792 4423 ecclesie
1816 4369 1848 4424 ot

206 4471 271 4533 suis
295 4468 538 4533 successoribus
562 4471 615 4553 qui
639 4491 697 4553 pro
721 4479 867 4552 tempore
889 4468 1017 4532 fuerint.
1053 4466 1151 4547 Quod
1174 4477 1209 4530 ut
1230 4466 1339 4529 verius
1363 4463 1513 4528 credatur
1536 4462 1785 4548 diligentiusque
1803 4463 1845 4527 ab

206 4571 355 4636 omnibus
379 4570 586 4653 observetur,
617 4593 716 4635 manu
739 4573 870 4655 propria
892 4569 1007 4634 subtus
1028 4571 1197 4634 firmantes
1219 4572 1252 4635 in
1275 4569 1366 4633 calce
1389 4570 1542 4632 iussimus
1566 4566 1701 4651 sigillari
1725 4567 1846 4631 annulo

206 4674 302 4760 sigilli
323 4675 437 4739 nostri.

308 4812 443 4896 Signum
468 4811 578 4875 domui
602 4811 731 4876 Ottonis
755 4812 949 4876 serenissimi
973 4813 1189 4895 imperatoris.

307 4914 501 4980 Ambrosius
524 4915 737 4979 cancellarius
761 4914 911 4979 advicern
934 4915 1099 4979 Huberti¹
1127 4915 1273 4999 episcopi
1304 4922 1336 4976 et
1364 4910 1643 4976 archicancellarii
1670 4912 1846 4993 recognovi

206 5030 235 5084 et
258 5018 447 5104 subscripsi.

290 5189 348 5243 dil.
375 5192 401 5258 d)
420 5191 525 5240 Arniorri
543 5190 598 5239 El]
699 5192 724 5249 e)
742 5190 856 5239 Pariarre
874 5188 910 5251 D,
929 5189 1036 5239 Paveno
1056 5187 1111 5237 ΕΙ]
1212 5188 1231 5247 ll
1252 5190 1352 5253 Iturrgis
1371 5186 1455 5237 DDU
1548 5186 1576 5251 g)
1595 5185 1627 5245 E,
1645 5186 1847 5250 l‘reberdicoC’,

373 5260 541 5311 Preherdiete
555 5259 584 5308 D
678 5257 705 5322 h)
722 5266 775 5307 turn
794 5259 828 5307 nd
846 5261 1018 5322 proprietates
1037 5256 1103 5318 olle,
1120 5255 1255 5318 nielleiclot,
1274 5256 1311 5306 do
1327 5255 1383 5305 dica
1401 5255 1496 5304 erbloac
1510 5252 1562 5305 Get
1579 5257 1607 5304 iu
1624 5255 1672 5305 der
1682 5254 1845 5320 ncchsolqen-

373 5328 424 5380 den
444 5328 608 5392 Beatdtr‘qrmy
625 5326 696 5376 nieht
714 5326 828 5376 emoritur
845 5326 920 5385 ward,
940 5329 972 5375 ist
990 5326 1037 5375 der
1051 5341 1132 5389 parrae
1149 5325 1246 5375 Pasas
1264 5332 1316 5374 tarn
1336 5328 1508 5390 proprietates
1528 5352 1560 5360 —
1578 5327 1673 5375 mortui
1692 5332 1753 5374 sunt
1770 5326 1846 5374 inter·

370 5397 462 5461 poliri,
478 5396 504 5448 d.
517 5397 542 5446 t.
561 5398 588 5444 in
606 5395 796 5460 timarchiolctar
815 5396 893 5444 ll'cr'se
905 5412 953 5443 crta
964 5393 1024 5445 DO.
1037 5398 1087 5443 413
1105 5393 1356 5456 liettaqenommen
1448 5396 1468 5451 i)
1489 5391 1544 5452 OD,
1564 5394 1776 5443 confirmaremus
1793 5392 1821 5443 E
1826 5394 1852 5444 U

374 5465 402 5530 lr)
422 5466 632 5532 obtemperantes
651 5465 686 5519 D,
713 5482 761 5515 nos
780 5472 869 5514 autern
886 5481 911 5529 p.
931 5465 1142 5528 obtemperantes
1160 5462 1216 5511 ΕΠ
1315 5464 1334 5522 l)
1355 5461 1443 5521 Duil,
1467 5464 1495 5511 in
1513 5465 1614 5521 cunctis
1633 5461 1852 5527 ForiiuliiqueO

375 5536 410 5599 m)
430 5533 511 5595 0DE,
537 5535 648 5584 Amione
669 5533 694 5583 U
794 5531 821 5600 n)
840 5535 968 5598 acquisivi
990 5531 1013 5582 0
1112 5535 1138 5591 o)
1158 5531 1267 5581 obvenit
1284 5535 1346 5581 item
1365 5533 1392 5580 in
1410 5529 1469 5591 alls,
1496 5532 1559 5580 item
1577 5530 1703 5581 mandor
1719 5530 1802 5581 durch
1820 5532 1847 5580 id

376 5612 416 5654 est
432 5620 464 5653 ra
480 5610 589 5653 orsam
607 5601 668 5652 oder
685 5601 751 5651 noct
770 5602 797 5651 Z.
811 5604 830 5650 6
846 5618 876 5650 arr
893 5599 1019 5650 abactae
1125 5603 1152 5665 p)
1172 5601 1285 5650 Pariano
1304 5599 1339 5661 D,
1360 5600 1484 5650 Partiano
1502 5598 1530 5649 D
1639 5601 1666 5665 q)
1685 5599 1801 5650 Ronchis
1819 5599 1848 5649 D

376 5675 398 5738 r)
415 5673 586 5723 Preberdiato
611 5671 639 5722 D
750 5669 772 5736 s)
789 5687 888 5735 sueque
914 5669 937 5721 0
1046 5673 1066 5727 t)
1085 5669 1174 5731 Duil,
1205 5672 1261 5720 eius
1288 5671 1330 5720 ius
1356 5684 1514 5733 suorumque
1538 5666 1562 5718 0
1669 5672 1696 5730 u)
1716 5669 1804 5719 media
1827 5666 1852 5721 0

376 5741 403 5809 v)
422 5739 589 5803 LiubartiO,
616 5740 725 5791 Luherti
743 5740 778 5802 D,
805 5740 914 5790 Laberii
931 5737 965 5800 Ε,
995 5739 1105 5789 Auberti
1128 5738 1157 5789 U.

1584 5839 1644 5903 ts·
