4298 6414
897 516 1024 580 orno
1045 518 1070 581 1.
1095 520 1166 580 ses.
1792 510 1856 581 503

214 708 238 763 et
259 696 377 767 Salam
401 699 596 766 Sclavorum
618 703 724 784 gentis
747 699 844 767 modo
868 700 912 766 ad
935 701 1031 766 deum
1054 725 1210 787 converse
1232 702 1285 768 vel
1308 703 1526 789 convertendq
1554 706 1623 770 lieri
1653 707 1856 772 decrevimus

212 805 329 888 pariter
353 814 386 868 et
408 792 576 888 elegimus,
599 826 694 890 quem
717 813 749 868 et
769 804 909 870 Romam
931 827 990 889 pro
1015 804 1115 890 pallio
1139 829 1159 869 a
1183 806 1301 870 domno
1326 828 1413 891 papa
1436 808 1644 892 suscipiendo
1669 808 1857 872 direximus.

213 906 251 970 Et
272 916 310 970 ut
333 905 395 971 hec
418 915 533 971 nostra
556 906 669 972 electio
692 906 817 971 firmior
839 918 871 972 et
894 908 1064 972 subnixior
1093 909 1166 989 fiat,
1192 914 1270 973 'eum
1292 920 1399 995 vestre
1423 912 1552 974 caritati
1576 910 1744 994 dirigimus
1767 922 1800 976 et
1821 921 1857 975 ut

207 1008 338 1074 avobis
356 1009 510 1075 omnibus
529 1022 561 1075 et
574 1032 693 1075 vocum
716 1010 955 1075 acclamatione
978 1023 1010 1076 et
1032 1035 1186 1076 munuum
1210 1011 1392 1077 elevatione
1414 1011 1539 1077 electus
1562 1035 1619 1096 sue
1643 1011 1710 1077 sedi
1735 1013 1856 1079 inthro-

206 1114 350 1191 nizetur,
387 1113 581 1178 omnimodis
610 1112 844 1178 desideramus.
889 1115 937 1178 Ne
966 1115 1043 1179 vero
1075 1116 1135 1199 hec
1164 1117 1232 1178 eius
1262 1113 1377 1180 electio
1400 1115 1452 1179 vel
1482 1114 1710 1180 inthronizatio
1738 1117 1855 1182 futuris

206 1215 296 1301 quod
319 1217 408 1282 absit
431 1216 631 1303 temporibus
654 1216 836 1303 aliquorum
851 1217 962 1282 valeat
983 1217 1108 1284 invidis
1127 1218 1302 1299 molestari,
1325 1228 1389 1282 tres
1406 1217 1447 1281 ab
1464 1217 1519 1282 illo
1539 1221 1729 1304 episcopos:
1754 1242 1855 1285 unum

206 1321 432 1406 blerseburgo,
456 1321 592 1385 slterum
608 1318 721 1404 Citice,
745 1323 874 1386 tertium
891 1321 1006 1405 Μίδης,
1031 1323 1063 1385 in
1088 1324 1252 1406 presentia
1270 1320 1452 1404 legatorum
1470 1319 1580 1384 domni
1598 1343 1681 1406 pape
1697 1332 1730 1385 ct
1745 1333 1855 1387 vestra

206 1424 359 1489 volumus
383 1423 536 1505 ordinari,
559 1432 595 1488 ut
617 1423 677 1507 hec
700 1424 813 1489 eadem
837 1426 1001 1508 presentia
1019 1436 1127 1488 vestra
1146 1435 1220 1488 ante
1244 1424 1339 1488 deum
1363 1435 1395 1487 et
1418 1434 1550 1487 sanctos
1573 1426 1642 1488 eius
1664 1427 1853 1490 intentionis

206 1539 318 1612 nostre
346 1529 389 1592 sit
417 1529 510 1592 testis
538 1527 656 1591 futura.
702 1527 745 1590 Et
768 1529 844 1611 quia
866 1529 916 1591 vir
937 1526 1133 1592 venerabilis
1156 1522 1245 1591 Bbso
1269 1525 1404 1591 multum
1426 1528 1492 1590 iam
1520 1528 1553 1589 in
1583 1527 1697 1591 eedem
1720 1528 1853 1594 Sclave-

206 1651 278 1694 rum
302 1640 398 1713 gente
422 1628 466 1693 ad
489 1628 583 1694 deum
606 1629 826 1694 convertenda
850 1630 996 1711 sudavit,
1026 1633 1110 1694 inter
1132 1629 1435 1714 Merseburgensem
1458 1640 1491 1694 et
1514 1627 1709 1695 Citicensem
1732 1631 1854 1696 eeccle-

206 1737 290 1798 siam
315 1756 413 1820 quam
436 1732 515 1797 velit
536 1733 727 1799 electionem
748 1733 884 1814 babeat,
918 1733 1021 1798 ultera
1043 1756 1120 1799 vero
1145 1734 1321 1800 secundum
1346 1737 1631 1799 convenientiam*
1653 1745 1799 1800 nostram
1821 1738 1854 1799 in

205 1836 457 1922 dispositionem
480 1836 717 1921 archiepiscopi
741 1837 843 1899 nostri
868 1836 973 1900 cedet.
1019 1837 1088 1901 Vos
1112 1849 1220 1903 eutem
1244 1837 1448 1902 marchiones
1470 1848 1610 1919 nostros,
1638 1837 1854 1922 Vuigbertum

206 1940 343 2021 scilicet,
367 1937 594 2024 Vuiggerumb
617 1950 649 2003 et
667 1938 899 2019 Guntherium‚
926 1938 1082 2006 fidelitate
1104 1940 1198 2004 nobis
1222 1941 1332 2005 debite
1356 1941 1556 2006 obtestamur
1578 1952 1610 2006 et
1632 1943 1854 2025 admonemus,

206 2066 247 2108 ne
271 2043 352 2129 quid
374 2045 408 2107 in
429 2042 492 2107 bac
515 2043 720 2108 ordinatione
743 2043 989 2128 archiepiscopo
1014 2053 1125 2108 nostro
1149 2046 1182 2107 in
1205 2044 1299 2108 vobis
1323 2044 1479 2126 obsistet,
1507 2042 1565 2109 sed
1588 2046 1766 2111 seeundum
1790 2046 1855 2110 die·

208 2149 410 2232 posicionem
434 2156 628 2212 nostramet
647 2168 739 2211 suam
762 2157 798 2210 ut
819 2145 914 2210 vobis
937 2145 1056 2210 dixerit
1077 2146 1144 2228 fiat,
1169 2157 1200 2210 et
1223 2168 1424 2232 quecumque
1447 2147 1489 2210 ab
1513 2147 1568 2212 illo
1592 2148 1771 2230 audieritis,
1796 2172 1855 2213 nos

207 2250 292 2315 velle
315 2253 436 2315 sciatis.
473 2250 523 2315 Ne
546 2272 624 2315 vero
648 2249 734 2314 idem
757 2251 903 2334 episcopi
928 2252 981 2335 qui
1007 2249 1178 2313 ordinandi
1201 2259 1313 2331 erunt,
1341 2271 1502 2334 pauperes
1525 2260 1557 2313 et
1579 2250 1709 2315 villanis
1732 2250 1854 2315 similes

207 2356 407 2437 estimentur,
430 2351 581 2417 volumus
605 2354 750 2416 caveatis
772 2362 806 2416 et
829 2352 965 2416 consilio
990 2352 1227 2437 archiepiscopi
1252 2362 1417 2417 eteorum
1441 2354 1589 2438 quicum
1613 2352 1667 2417 illo
1692 2355 1725 2417 in
1744 2354 1854 2418 natale

208 2456 330 2521 domini
355 2464 448 2520 erunt
470 2458 698 2540 episcoporum
721 2465 754 2518 et
776 2457 942 2537 comitum,
966 2455 1105 2539 qualiter
1128 2463 1348 2519 sustententur
1365 2457 1549 2521 inveniatis.
1586 2454 1750 2541 Quicquid
1768 2459 1852 2522 enirn

206 2559 270 2623 illis
300 2558 513 2643 impenditur,
543 2580 602 2643 pro
632 2568 745 2623 nostra
769 2559 829 2622 deo
854 2557 959 2622 salute
983 2559 1114 2622 offertur
1136 2567 1310 2641 vestraque
1332 2579 1391 2642 pro
1414 2557 1477 2622 boc
1501 2580 1624 2623 merces
1648 2558 1735 2642 apud
1758 2559 1853 2624 deum

208 2686 274 2728 non
296 2662 519 2727 minorabitur.
559 2663 664 2748 Super
685 2662 746 2747 bec
770 2662 880 2727 domni
905 2664 1050 2746 episcopi
1067 2661 1165 2727 Dudo
1182 2671 1213 2725 et
1229 2660 1414 2726 Dbdelinus
1437 2663 1469 2725 in
1493 2661 1729 2746 archiepiscopi
1751 2663 1855 2727 nostri

208 2765 367 2830 electione
391 2766 541 2831 volumus
563 2776 600 2829 ut
622 2766 830 2830 subscribant
853 2776 885 2830 et
907 2765 1004 2830 fidem
1028 2765 1325 2852 subiectionemque
1351 2764 1396 2830 illi
1424 2768 1624 2850 promittant.
1670 2766 1714 2832 Et
1735 2776 1772 2830 ut
1793 2767 1853 2851 bec

207 2878 321 2934 nostra
342 2880 515 2954 vestraque
538 2880 613 2954 post
635 2868 731 2934 deum
754 2869 869 2933 electio
900 2869 992 2933 firma
1021 2877 1053 2932 et
1081 2868 1207 2933 stabilis
1233 2879 1433 2954 perseveret,
1469 2879 1594 2933 cartam
1617 2868 1669 2933 vel
1697 2871 1854 2934 noticiam

208 2973 292 3037 hanc
308 2975 342 3036 in
359 2972 520 3037 aecclesie
534 2971 834 3057 Magadaburgensi
854 2971 1084 3056 perpetualiter
1106 2993 1353 3056 permansuram
1376 2980 1409 3036 et
1430 2993 1542 3036 eorum
1566 2995 1627 3057 que
1651 2971 1853 3056 prediximus

207 3087 324 3141 testem
353 3078 471 3160 iugiter
500 3076 642 3141 futuram
672 3073 770 3139 scribi
799 3077 967 3156 iussimus,
1003 3096 1101 3159 quam
1124 3084 1156 3138 et
1178 3098 1278 3140 manu
1301 3076 1434 3160 propria
1462 3075 1577 3139 subtus
1599 3074 1799 3140 firmavimus
1823 3085 1855 3139 et

208 3179 296 3244 anuli
320 3180 422 3243 nostri
445 3180 658 3263 impressione
681 3179 804 3262 signari
826 3180 991 3244 iussimus.

310 3330 324 3410 l
347 3331 483 3416 Signum
499 3331 620 3398 domini
638 3331 768 3397 Ottonis
790 3333 879 3413 (MP.)
899 3334 1010 3416 magni
1029 3342 1062 3395 et
1078 3334 1285 3399 invictissimi
1307 3335 1513 3420 imperatoris
1536 3333 1675 3417 augusti.
1698 3331 1713 3414 l
1736 3333 1853 3413 (81.5.)

987 3623 1073 3698 367.

216 3795 296 3874 Ouo
325 3796 517 3897 belrdftipt
543 3798 617 3896 auf
637 3795 771 3873 Graue
787 3798 881 3870 eiua
899 3797 950 3869 im
967 3795 1240 3895 Kdaipsperiebt
1253 3797 1424 3895 pesdllteu
1445 3797 1595 3871 Urtbeils
1614 3797 1693 3870 dem
1712 3798 1856 3871 Kloster

207 3918 243 3997 S.
273 3919 383 3995 Urere
411 3946 469 3991 um
496 3917 639 3994 culeus
665 3918 735 3990 deo
761 3914 968 4017 Suftsbrief
988 3917 1047 3989 des
1074 3915 1238 4015 Bisebofs
1268 3915 1479 3990 Theodectes
1506 3916 1585 3988 crud
1615 3918 1674 3988 eiu
1701 3917 1856 4013 Prr'teept

208 4038 305 4111 Korl
331 4048 422 4127 HL,
458 4038 584 4113 uetere
616 4037 689 4109 ilem
723 4036 781 4109 die
807 4035 1120 4134 Uuabbllnqiplseu‘t
1152 4063 1223 4109 ooo
1256 4036 1321 4110 der
1355 4034 1598 4132 bisrlqtieheu
1626 4034 1757 4111 Kircbe
1783 4063 1855 4109 vora

207 4158 340 4232 Ferme
367 4157 447 4231 und
472 4159 633 4257 bestdtc'pt
656 4158 730 4231 ium
757 4157 827 4231 dea
853 4156 1089 4230 Besitzstoud.
1380 4176 1488 4236 Ferme
1511 4180 1575 4236 968
1597 4178 1759 4235 November
1779 4181 1810 4236 2.

313 4401 401 4476 Cupie
415 4402 466 4461 des
480 4406 531 4462 13.
549 4401 602 4461 Νι,
619 4404 661 4460 im
677 4402 863 4462 Studiorebio
877 4419 917 4458 eu
934 4401 963 4460 S.
980 4399 1105 4472 Elpidio
1120 4416 1140 4457 o
1155 4417 1235 4456 mure
1253 4397 1315 4475 (A).
1339 4432 1380 4441 —
1404 4398 1610 4459 summarium
1628 4401 1708 4471 pria.
1727 4403 1852 4457 monost.

311 4524 336 4566 s.
353 4504 457 4566 Crucis
479 4523 544 4564 eom
567 4505 600 4565 J.
617 4510 702 4566 1413
719 4524 752 4578 p.
776 4510 799 4564 2
821 4505 930 4564 edenda
954 4502 1017 4581 (B).

311 4679 489 4738 Florebanti
515 4679 738 4738 Dissertusieue
766 4695 855 4751 supro
883 4678 913 4734 lu
943 4677 1065 4735 basilica
1094 4676 1126 4733 di
1156 4672 1339 4747 Scatebridio
1368 4674 1485 4753 (Loreto
1511 4674 1605 4753 1770)
1628 4680 1670 4736 78
1691 4680 1768 4735 ηθ3
1798 4693 1854 4734 aas

310 4780 340 4841 A
364 4807 402 4836 =
428 4782 557 4856 Stampf
575 4782 652 4841 Actu
673 4782 749 4839 laed.
776 4786 835 4840 611
860 4784 989 4839 1720435.
1013 4813 1055 4823 -
1079 4777 1209 4851 Stampf
1227 4778 1298 4851 Rey.
1323 4781 1394 4837 463.

312 4952 413 5011 Gler'cb
440 4953 555 5010 anderu
582 4952 743 5012 Urkuadeu
771 4951 820 5009 des
848 4951 985 5009 Klosters
1013 4968 1081 5025 mup
1109 4951 1184 5009 uach
1211 4951 1289 5010 disse
1312 4955 1400 5011 etwtu
1423 4954 1618 5011 eberareeitet
1640 4952 1758 5010 worden
1779 4953 1853 5021 sein,

311 5058 381 5115 uber
409 5056 458 5114 die
486 5056 620 5115 Eshther't
648 5054 723 5113 roird
752 5053 931 5126 hiulduplieb
962 5054 1055 5113 durch
1085 5055 1139 5113 dus
1170 5055 1208 5113 It.
1237 5054 1276 5113 D.
1310 5054 1550 5128 eipenthstmlicbe
1576 5053 1680 5112 Dictat
1708 5055 1852 5126 rrerouryt.

311 5160 416 5219 Dicser
438 5162 573 5219 benatrte
596 5157 651 5231 frtr
672 5159 729 5216 dea
751 5156 944 5216 erzdbleudeu
969 5158 1054 5215 Tbeil
1076 5159 1125 5215 eia
1146 5158 1296 5215 Placitum
1323 5157 1441 5215 welches
1469 5172 1527 5215 aas
1548 5156 1630 5214 nicht
1652 5156 1783 5214 ercalom
1804 5158 1852 5224 ist,

312 5262 366 5334 fur
379 5264 427 5322 die
440 5263 629 5337 Dispositioa
647 5262 703 5319 den
725 5259 924 5333 unpesabrtea
940 5257 1113 5330 Stiftsbries
1132 5259 1195 5318 arrd
1218 5257 1273 5331 far
1295 5259 1351 5317 dea
1366 5259 1485 5319 Semass
1507 5262 1556 5317 eia
1578 5254 1720 5325 ebeafulls
1743 5261 1876 5343 eitirtes

311 5367 437 5440 Prdcept
461 5366 539 5424 Korl
555 5375 611 5425 ΠΙ.
635 5364 823 5441 (Ftorusuati
844 5364 864 5422 l.
888 5382 911 5421 c.
937 5366 978 5421 67
999 5363 1063 5421 aad
1086 5366 1144 5434 69,·
1166 5380 1189 5422 s.
1215 5362 1294 5421 ἀαια
1316 5361 1432 5433 betreffs
1456 5363 1509 5421 der
1528 5360 1770 5435 Ueberlieferuay
1791 5361 1855 5420 aad

312 5468 587 5542 Gloabwdrdipkeit
608 5467 803 5526 Metlrlbocher
823 5468 857 5523 ia
882 5467 998 5526 Wiener
1021 5466 1050 5526 S.
1075 5467 1112 5524 B.
1137 5469 1188 5537 92,
1212 5463 1303 5544 363);
1325 5465 1429 5538 judoch
1450 5467 1586 5524 beautrte
1607 5482 1640 5522 er
1660 5467 1704 5524 sie
1724 5483 1786 5523 aar
1807 5467 1854 5522 ia-

310 5572 430 5632 mutet
450 5571 516 5631 aad
537 5572 628 5631 olle-in
648 5572 696 5630 die
718 5571 791 5628 arrei
813 5569 918 5628 letsten
940 5568 1081 5627 Formeln
1102 5570 1214 5627 schrieb
1236 5587 1270 5628 er
1291 5584 1348 5627 aas
1370 5568 1436 5627 dem
1457 5567 1497 5626 D.
1514 5566 1607 5627 Korls
1629 5568 1676 5626 ab.
1701 5565 1767 5626 Aas
1789 5567 1854 5625 dem

294 5776 352 5831 Μ
380 5776 490 5847 [Siclrel]
595 5777 622 5845 a)
638 5780 681 5828 ieu
698 5794 756 5828 com
774 5775 910 5828 Sebreiber
925 5775 1113 5842 uocbyetraqeu
1216 5773 1244 5841 b)
1261 5791 1276 5824 e
1292 5787 1351 5823 eom
1369 5770 1505 5824 Sebveiber
1521 5769 1716 5836 meyerum
