4298 6414
217 434 284 501 584
814 447 1265 506 KAISERURKUNDEN.

218 626 479 689 remuneratione
502 647 592 690 more
614 634 857 690 antecessorum
879 637 1064 692 nostrorum
1087 649 1200 712 regum
1220 626 1274 691 vel
1296 628 1530 712 imperatorum
1554 627 1704 692 facientes
1722 632 1816 719 eiusque
1905 650 1908 707 !

219 729 444 792 intercessioni
466 730 706 792 consentientes
729 739 928 794 memoratae
950 729 1131 794 aecclesiae
1147 729 1383 795 Herofordensi
1401 733 1537 817 eiusque
1556 729 1732 796 abbatissae
1743 733 1816 802 luna
1905 728 1908 739 ’

220 831 407 916 praedictae
430 853 488 916 per
510 831 618 897 futura
640 830 883 896 succedentium
905 842 1053 917 tempora
1074 835 1108 896 in
1130 831 1203 898 loco
1228 834 1375 918 superius
1398 835 1568 898 nominato
1589 842 1816 918 potestatemnon

220 934 326 998 solum
354 936 562 999 mercationis
591 934 854 1000 constituendum
867 945 890 1017 ἵ,
926 936 984 1000 sed
1013 939 1111 1000 etiam
1140 935 1183 999 ad
1212 937 1262 1000 ius
1286 937 1429 1000 eiusdem
1452 934 1655 1021 praelibatae
1675 936 1817 1006 abbatissae

219 1034 356 1101 banno¹¹
379 1047 491 1101 nostro
516 1038 674 1123 imperiali
697 1038 894 1122 exigendum
917 1061 1097 1125 pacemque
1121 1039 1271 1105 omnibus
1295 1039 1504 1125 querentibus
1523 1050 1698 1105 mercatum
1713 1045 1838 1109 acredet

219 1143 351 1208 untibus
377 1143 564 1209 faciendum
586 1145 818 1208 concessimus.
862 1143 906 1207 Et
929 1152 965 1207 ut
986 1139 1088 1208 haeci
1110 1153 1241 1207 nostrae
1266 1145 1472 1208 auctoritatis
1494 1152 1703 1229 praeceptum
1720 1159 1817 1210 enneae

219 1256 352 1310 sanctae
376 1247 427 1312 dei
455 1245 662 1312 aecclesiaelt
689 1248 764 1312 filiis
792 1250 977 1334 nostrisque
1006 1257 1162 1332 perpetuo
1184 1249 1293 1312 verius
1323 1246 1475 1312 credatur
1496 1246 1650 1311 fidelibus
1672 1268 1709 1310 ac
1728 1247 1818 1314 mun

219 1348 418 1436 stabileque¹
441 1361 640 1435 permaneat,
670 1373 771 1416 manu
792 1361 905 1416 nostra
929 1350 1042 1416 subtus
1065 1352 1198 1435 propria
1220 1350 1422 1415 firmavimus
1444 1349 1600 1436 anulique
1615 1353 1712 1414 nostri
1725 1353 1819 1436 inpres-

219 1454 310 1518 sione
333 1453 531 1537 consigillari
555 1456 718 1520 iussimus.

323 1604 336 1684 }{
359 1607 495 1691 Signum
517 1607 628 1671 domni
652 1607 782 1673 Ottonis
806 1609 870 1688 (M.)
896 1609 1092 1674 serenissimi
1115 1610 1319 1694 imperatoris
1341 1611 1482 1692 augusti.
1505 1608 1520 1689 ξ
1832 1629 1852 1673 io

322 1724 549 1811 {Unilligisus
573 1727 787 1795 cancellarius
811 1728 961 1794 advicem
982 1728 1129 1794 Rotberti
1153 1729 1407 1815 archicapellani
1420 1739 1439 1768 Μ
1462 1729 1652 1812 recognovi.
1673 1726 1687 1808 l
1710 1731 1757 1809 (Sl.
1770 1732 1820 1810 lul*

1765 1836 1820 1913 (SR)

322 1986 411 2049 Data
440 2003 471 2048 v.
501 1984 544 2048 id.
576 2007 645 2070 apr.
675 2007 761 2050 anno
791 1988 1027 2051 incarnationis
1057 1987 1180 2052 domini
1208 2002 1464 2069 nccccnxxnn,
1499 1986 1678 2051 indictione
1699 2004 1735 2068 11,
1761 2008 1821 2051 anno

219 2091 311 2173 regni
335 2089 445 2154 domni
471 2087 601 2153 Ottonis
624 2106 763 2171 xxx1111‚
787 2090 912 2175 imperii
937 2092 1005 2154 eius
1029 2108 1110 2173 xm3
1135 2099 1244 2155 actum
1266 2090 1473 2156 Vualbech.⁰

997 2348 1082 2422 431.
1835 2377 1856 2424 it

229 2499 309 2575 Otto
336 2500 476 2575 schesla
501 2501 566 2573 der
588 2501 723 2574 Wittwc
745 2503 857 2574 seinos
875 2501 1038 2574 Beudena
1056 2501 1231 2575 Heioridt
1247 2500 1377 2575 Jaditb
1404 2501 1464 2574 die
1481 2498 1610 2576 Saliae
1627 2500 1823 2576 Reiaomt

1372 2641 1549 2716 Mercatura
1572 2645 1636 2702 973
1658 2641 1741 2715 April
1757 2645 1798 2701 27.

324 2829 572 2904 Oriqiooldiplom
593 2832 635 2887 im
657 2830 684 2887 lo.
702 2829 910 2888 Retchsorcbio
929 2848 970 2887 aa
994 2829 1143 2888 Monotes
1164 2827 1222 2906 (A).

322 2985 406 3044 Mon.
431 2985 524 3044 Boico
544 2987 612 3055 28⁰,
636 2987 699 3043 196
721 2990 756 3040 πθ
778 2985 840 3043 135
863 3000 920 3042 aas
942 2983 980 3041 A.
1003 3016 1045 3025 -
1067 2983 1198 3042 Bo‘bmer
1218 2984 1290 3055 Ros.
1315 2985 1388 3041 401.
1411 3016 1453 3026 -
1476 2982 1608 3057 Stampf
1625 2985 1696 3058 Ray.
1719 2986 1780 3044 528.

325 3138 460 3210 Verfosst
482 3139 547 3198 wad
565 3140 751 3213 qesehriebea
772 3156 828 3198 ooo
851 3138 927 3199 WB.
1840 3144 1862 3191 to

325 3362 384 3442 (Ο.)
407 3360 421 3443 l
442 3361 481 3425 In
503 3361 635 3426 nomine
659 3371 792 3425 sanctae
816 3369 847 3424 et
869 3359 1056 3424 individuae
1078 3360 1241 3424 trinitatis.
1287 3358 1366 3424 Otto
1393 3360 1504 3425 divina
1533 3361 1665 3426 favente
1692 3360 1833 3426 clementia

218 3466 395 3550 imperator
423 3474 591 3549 augustus.
692 3463 850 3528 Noverint
878 3484 991 3526 omnes
1019 3464 1121 3527 nostri
1148 3461 1262 3527 fideles
1291 3474 1479 3549 praesentes
1502 3462 1517 3545 ξ
1538 3465 1665 3530 seilicet
1687 3488 1726 3530 ac
1749 3464 1835 3543 nuri,

220 3565 358 3650 qualiter
380 3587 441 3630 nos
465 3565 505 3630 ob
529 3567 745 3629 interventum
769 3564 999 3629 dilectissimae
1022 3566 1170 3648 coniugis
1193 3575 1324 3630 nostrae
1346 3565 1550 3631 Adalheidae
1572 3567 1747 3634 venerabili
1768 3566 1836 3632 dom·

218 3690 280 3732 nae
296 3668 423 3733 Iuditae
447 3668 556 3732 fratris
578 3671 680 3732 nostri
704 3667 820 3731 beatae
843 3668 1018 3731 memoriae
1034 3667 1179 3731 Heinrici
1197 3667 1289 3733 ducis
1304 3668 1423 3733 viduae
1447 3670 1612 3755 quandam
1635 3673 1758 3736 nostri·
1777 3670 1837 3734 iuris

219 3770 357 3834 salinam
388 3769 475 3856 quod
503 3770 601 3854 vulgo
633 3769 696 3834 Hal
725 3779 846 3834 vocant
878 3771 911 3832 in
944 3791 1029 3854 pago
1058 3769 1324 3856 Salzburggeuue
1353 3782 1385 3836 et
1413 3774 1446 3836 in
1475 3776 1635 3838 comitatu
1663 3773 1870 3839 Unillihslma

219 3876 348 3939 comitis
377 3876 473 3937 sitam
502 3882 615 3937 nostra
645 3872 804 3956 imperiali
835 3873 980 3955 potentia
1009 3873 1042 3935 in
1072 3872 1253 3956 perpetuab
1282 3897 1376 3939 nsum
1405 3878 1614 3962 proprietatis
1643 3879 1839 3943 concessimus

218 3977 416 4061 firmiterque
440 3978 644 4057 donavimus,
668 3998 742 4039 cum
765 3975 930 4060 utriusque
955 3998 1052 4041 sexus
1075 3979 1246 4061 mancipiis
1269 3979 1420 4043 aedifitiis
1442 3982 1537 4044 terris
1561 3980 1658 4046 cultis
1680 3992 1712 4045 et
1733 3979 1841 4046 incultis

220 4080 441 4165 sartaginibus
463 4079 611 4165 locisque
634 4080 836 4162 sartaginum
859 4078 940 4142 locis
965 4081 1138 4143 onustariis
1161 4080 1370 4145 vuiteuendin
1394 4081 1580 4147 censalibus
1606 4094 1639 4147 et
1662 4106 1735 4149 cum
1759 4084 1840 4148 omni·

218 4182 280 4247 bus
303 4185 371 4247 iure
394 4183 606 4269 legaliterque
631 4181 673 4245 ad
695 4182 780 4246 hanc
803 4181 1004 4267 praedictam
1028 4183 1167 4248 salinam
1189 4185 1453 4268 respicientibus,
1480 4208 1518 4251 co
1543 4197 1655 4251 tenore
1678 4198 1713 4253 ut
1734 4183 1842 4252 liberob

218 4290 292 4373 ipsa
316 4289 469 4373 deinceps
492 4288 676 4372 perfruatur
699 4284 852 4370 postateb
881 4285 965 4350 hanc
989 4285 1117 4350 tenendi
1142 4286 1240 4350 dandi
1264 4287 1487 4352 commutandi
1509 4288 1673 4353 vendendi
1696 4290 1746 4355 vel
1771 4290 1876 4376 quic-³⁰

219 4390 297 4476 quid
315 4391 454 4456 voluerit
476 4389 551 4453 inde
574 4387 726 4453 faciendi.
760 4389 804 4452 Et
825 4399 862 4453 nt
883 4390 965 4454 haec
988 4400 1119 4453 nostrae
1143 4390 1328 4454 donationis
1352 4393 1531 4456 auctoritas
1554 4392 1650 4456 firma
1672 4393 1844 4479 stabilisque

219 4496 344 4557 cunctis
373 4491 525 4557 cunctisb
553 4492 712 4577 perpetim
735 4492 901 4573 credatur,
934 4493 1019 4557 hane
1042 4503 1168 4556 cartam
1191 4493 1324 4557 inscribi
1348 4495 1500 4580 anulique
1523 4500 1628 4560 nostri
1651 4497 1845 4583 impressione

219 4596 395 4680 sigillatam
417 4620 515 4661 manu
539 4598 671 4681 propria
695 4594 808 4660 subtus
831 4597 1042 4661 firmavimus.

320 4732 333 4801 ζ
356 4733 492 4818 Signum
515 4733 625 4797 domni
650 4732 782 4798 Ottonis
808 4734 896 4813 (MP.)
921 4736 1030 4819 magni
1053 4737 1259 4819 imperatoris
1283 4739 1422 4820 augusti.
1447 4735 1461 4817 ᾗ

321 4836 334 4916 ἐξ
357 4837 549 4921 Unilligisus
572 4835 788 4901 cancellarius
811 4839 882 4900 vice
905 4837 1062 4902 Rodberti
1085 4838 1362 4924 archicappellani
1384 4843 1507 4906 notavi.
1531 4841 1545 4924 ξ
1627 4844 1685 4923 (sl.
1701 4846 1753 4923 D.)
1777 4842 1882 4923 (stlat

322 4975 411 5039 Data
427 4994 457 5038 v.
474 4974 541 5039 kal.
565 4977 664 5039 mai.e
686 4997 772 5038 anno
796 4976 1030 5038 incarnationis
1054 4974 1237 5039 dominicae
1260 4991 1507 5059 occccuxxnn,
1531 4977 1712 5043 indictione
1732 4998 1753 5062 1,
1776 5000 1849 5043 auno

218 5079 308 5161 regni
332 5077 443 5143 domni
468 5078 598 5142 Ottonis
622 5096 729 5159 xxxv,
754 5079 880 5161 imperii
904 5094 986 5157 xl113
1010 5087 1119 5142 actum
1141 5079 1335 5162 Mersiburg.

303 5265 750 5335 tto.g)Auastconstitue11uae
845 5268 871 5330 h)
890 5268 905 5316 b
924 5282 1084 5331 corr.auap
1180 5265 1243 5331 qn
1339 5268 1368 5329 k)
1387 5271 1492 5320 aecclae
1513 5269 1580 5321 obas
1597 5270 1853 5338 Attunmqastclas

424 5354 489 5390 corr.
502 5355 549 5387 aas
567 5354 598 5388 ac
611 5337 714 5399 stabile,
732 5335 846 5386 ndmlicls
864 5352 896 5385 ac
913 5335 1000 5385 radlrt
1016 5335 1071 5384 und
1088 5353 1140 5401 que
1156 5335 1343 5401 nocchtrapcn
1424 5342 1458 5399 m)
1478 5356 1491 5387 r
1507 5338 1696 5405 mebqatrapeu
1781 5343 1807 5403 n)
1822 5342 1853 5388 in

389 5340 487 5471 ld'opter
503 5407 606 5471 Roeper
624 5405 672 5472 (E)
696 5408 751 5455 abac
769 5403 982 5469 Nochaeiclmunq
1004 5404 1050 5454 des
1071 5404 1173 5454 aaut
1195 5404 1261 5454 acels
1282 5404 1464 5456 oorbaadcaen
1485 5406 1583 5472 scaea
1605 5409 1700 5460 welche
1722 5410 1775 5474 aas
1794 5402 1891 5460 stell

386 5476 524 5526 ecltlleucn
543 5475 606 5526 tacet
710 5477 735 5538 o)
745 5474 817 5540 solqt
838 5476 880 5523 ein
898 5472 1100 5535 Sebrs'flacs'cbcn
1116 5472 1165 5523 dns
1181 5490 1230 5524 aas
1247 5473 1332 5525 Μήιον
1348 5491 1399 5525 aar
1415 5475 1480 5525 acels
1497 5478 1534 5526 ὄπι
1552 5476 1613 5528 Do.
1627 5488 1657 5529 Π.
1678 5478 1788 5544 Stunps
1798 5477 1852 5542 Ray.

388 5549 434 5597 ott
450 5545 567 5610 depugnet
584 5547 625 5598 iet.

303 5648 361 5703 tu.
389 5648 497 5718 {llickell
601 5652 628 5711 a)
646 5653 687 5700 nri
710 5648 775 5699 olane
798 5645 1066 5712 Atmnmqaaeten
1168 5647 1237 5714 b)A
1342 5650 1365 5712 c)
1383 5661 1410 5700 v.
1428 5648 1454 5699 k.
1472 5652 1533 5701 mai.
1556 5649 1645 5701 οόοηω
1668 5653 1717 5702 wic
1739 5650 1788 5702 dcc
1805 5648 1852 5701 SR.

388 5723 434 5772 nait
453 5719 564 5770 medem
584 5718 657 5770 Tarte
672 5717 866 5784 uocbpetrspcn.
