4500 6420
1008 459 1132 516 ΟΤΤΟ
1154 461 1178 516 Ι.
1202 456 1274 515 962.
1897 449 1963 517 34⁷

315 637 443 702 cunctis
465 635 581 701 diebus
603 636 721 722 quibus
743 637 824 703 deus
846 636 986 703 eundem
1007 637 1117 704 locum
1139 661 1351 725 perseverare
1373 640 1538 723 tribuerit,
1572 640 1758 726 precatibus
1782 642 1963 707 misericor

317 739 391 804 dem
405 737 503 805 deum
517 738 651 824 placare
673 749 834 825 satagent,
857 744 1010 827 quatinus
1033 745 1067 807 in
1089 743 1142 808 die
1166 743 1302 808 districti
1326 744 1487 808 examinis
1509 742 1679 828 repudiato
1703 745 1844 829 setigero
1867 743 1961 809 laneo

315 841 486 927 bereamus
518 845 694 909 consortio.
739 844 774 909 Si
797 845 870 929 quis
892 847 991 929 igitur
1011 845 1107 910 buius
1130 856 1260 912 nostrae
1282 848 1506 912 concessionis
1528 849 1693 932 praecepti
1717 846 1860 912 violator
1882 849 1963 912 exti-

316 946 400 1027 terit,
423 944 597 1030 culpabilis
620 946 746 1012 solvere
768 956 907 1031 cogatur
928 957 1058 1013 centnm
1080 948 1181 1014 libras
1203 952 1274 1014 auri
1298 951 1421 1035 optimi,
1444 947 1651 1015 medietatem
1675 951 1808 1034 kamerq
1831 960 1963 1015 nostrae

282 1056 350 1111 eet
370 1045 578 1113 medietatem
600 1050 768 1113 canonicis
791 1051 896 1114 sancti
919 1048 993 1114 Iulii
1022 1049 1140 1136 quibus
1170 1052 1262 1117 illata
1289 1052 1386 1117 fuerit
1414 1053 1542 1117 iniuria.
1588 1052 1685 1133 Quod
1707 1064 1744 1118 ut
1766 1056 1872 1119 verius
1895 1076 1963 1120 crc-

316 1149 412 1215 datur
433 1150 645 1237 diligentique
667 1174 746 1217 cura
768 1151 810 1216 ab
835 1154 985 1219 omnibus
1009 1153 1217 1237 observetur,
1251 1177 1351 1219 manu
1379 1155 1511 1240 propria
1533 1154 1726 1220 roborantes
1749 1155 1839 1220 anuli
1861 1157 1962 1221 nostri

315 1254 563 1339 impressionem
584 1254 717 1319 inferius
740 1254 829 1339 affigi
852 1257 1016 1322 iussimus.

416 1494 618 1579 QLiutulfus
640 1494 857 1559 cancellarius
879 1494 1030 1562 advieem
1053 1496 1216 1562 Uuidonis
1245 1495 1523 1562 archicancellarii
1547 1505 1580 1561 et
1602 1497 1749 1581 episcopi
1773 1498 1964 1581 recognovit

267 1609 299 1656 ιο
316 1606 349 1661 et
371 1596 572 1682 subscripsit.
594 1603 609 1683 ξ
631 1598 747 1678 (81.2.)

416 1735 507 1799 Data
530 1752 595 1799 1111.
618 1734 686 1800 kal.
709 1744 866 1818 augustas
889 1757 975 1801 anno
1000 1735 1183 1801 dominicae
1208 1737 1442 1801 incarnationis
1465 1752 1668 1816 Dccccuxn,
1697 1757 1784 1800 anno
1806 1756 1883 1800 vero
1906 1736 1963 1799 im·

316 1839 397 1923 perii
420 1837 530 1903 domni
553 1838 710 1903 Hottonis
733 1841 929 1905 serenissimi
953 1841 1081 1924 augusti
1104 1842 1228 1925 primo,
1251 1838 1433 1904 inditione⁰
1455 1841 1585 1925 quinta3
1613 1848 1723 1904 actum
1744 1839 1779 1902 in
1800 1836 1962 1922 villaque

318 1941 435 2008 dicitur
456 1943 564 2008 Horta
586 1965 688 2029 prope
710 1944 819 2008 lacum
841 1943 987 2009 ciusdem
1010 1947 1114 2009 sancti
1137 1944 1231 2026 lulii3
1252 1944 1390 2009 feliciter
1412 1965 1517 2009 amen.

1095 2148 1183 2225 att.

266 2328 298 2376 15
325 2298 405 2375 Otto
428 2301 568 2375 subsalsi
588 2302 665 2374 clera
691 2302 846 2400 Biscbof
864 2299 999 2377 Sicord
1017 2329 1090 2375 von
1116 2300 1259 2378 Ceruaria
1281 2302 1511 2377 Lenda-sien
1539 2304 1578 2375 iu
1601 2302 1680 2375 uod
1705 2303 1761 2374 bei
1787 2300 1852 2375 cler
1878 2302 1961 2375 (lor-

315 2420 407 2517 te'peu
433 2420 536 2519 Bury
558 2423 622 2494 erait
643 2422 732 2494 oller
757 2420 895 2497 Gezoalt
915 2423 996 2495 ‘et-nd
1015 2424 1189 2521 nur-rainy
1212 2423 1370 2496 dusclbst.
1550 2442 1638 2502 como
1662 2445 1727 2503 962
1748 2440 1867 2515 depost
1891 2445 1919 2501 o‘.

419 2626 667 2701 Oriqiauldiplom
690 2630 732 2687 im
753 2629 781 2686 k.
806 2627 1009 2688 Stootsurclrie
1030 2648 1071 2688 su
1091 2630 1218 2703 Vercdip
1242 2627 1304 2708 (Α).

418 2766 530 2838 Heluetii
551 2767 645 2825 Italia
665 2784 751 2825 saera
774 2766 818 2824 ed.
838 2775 862 2835 I,
887 2768 916 2836 5,
939 2770 1003 2826 205
1027 2784 1084 2826 aas
1107 2765 1261 2839 Abselrrift
1286 2792 1323 2819 -..
1348 2768 1392 2825 ecl.
1412 2776 1452 2837 11,
1477 2770 1506 2837 5,
1537 2770 1600 2827 176
1622 2764 1672 2844 (a).
1696 2798 1738 2810 -
1759 2765 1842 2825 Verei
1865 2766 1965 2827 Sioriu

415 2869 492 2927 (lello
507 2870 616 2927 Murco
641 2870 814 2941 Tricipitino
836 2863 879 2938 1⁶,
905 2874 980 2927 7a⁰
1003 2871 1021 2928 5
1046 2886 1102 2929 oras
1125 2869 1280 2940 Abscbrist
1303 2868 1353 2947 ().
1375 2903 1418 2912 —
1442 2867 1734 2942 superemicuisse
1755 2866 1889 2928 d'liulia
1912 2874 1962 2939 10,

261 2983 294 3029 20
414 2973 480 3031 237
501 2989 557 3030 urse
580 2973 626 3031 (rb.
650 3004 691 3014 -
714 2972 844 3030 Minotto
859 2970 935 3030 Actu
959 2974 1214 3044 stDD.11,1‚5
1238 2990 1294 3031 uus
1310 2973 1347 3031 Α.
1371 3005 1414 3014 -
1435 2970 1565 3030 Bdhmer
1586 2972 1658 3044 Rey.
1675 2974 1749 3030 261.
1773 3002 1815 3015 -
1838 2970 1968 3045 Stumps

416 3074 488 3146 Rea.
512 3077 585 3133 310.

420 3209 482 3267 Voa
504 3210 570 3267 DF.
594 3208 722 3280 cerfasst
745 3210 809 3268 aad
828 3211 1022 3283 yeschrisbea.

417 3394 475 3473 (c.)
499 3396 513 3476 ᾗ
534 3394 572 3457 In
595 3396 726 3458 nornine
751 3405 883 3459 sanotae
906 3404 938 3458 et
960 3394 1149 3459 individuae
1173 3397 1339 3459 trinitatis.
1379 3392 1457 3459 Otto
1475 3393 1526 3459 dei
1544 3397 1650 3479 gratia
1668 3397 1845 3480 imperator
1863 3416 1963 3480 augu-

314 3505 392 3560 stus.
494 3496 600 3561 Decet
627 3498 825 3582 imperialem
859 3498 1064 3563 clementiam
1087 3500 1174 3562 votis
1196 3498 1341 3562 fidelium
1365 3520 1496 3562 suorum
1521 3506 1556 3561 ut
1578 3518 1673 3561 aures
1696 3498 1826 3582 pietatis
1850 3495 1964 3576 suacll

264 3613 295 3658 as
314 3596 489 3661 elementer
517 3599 674 3663 inclinent
685 3611 707 3682 ²,
742 3602 895 3687 quatinus
923 3601 1056 3665 eosdem
1086 3601 1269 3665 devotiores
1293 3621 1332 3664 ae
1355 3601 1549 3685 promtiores
1572 3601 1605 3662 in
1628 3621 1687 3664 suo
1712 3598 1868 3685 obsequio
1892 3598 1963 3664 red-

315 3698 381 3763 dat.
426 3700 553 3766 Idcirco
578 3704 721 3767 omnium
745 3714 877 3767 sanctae
901 3702 952 3767 dei
976 3703 1135 3767 ecclesiae
1158 3703 1303 3768 fidelium
1330 3714 1581 3788 nostrorumque
1610 3704 1808 3787 presentium
1839 3703 1963 3768 scilicet

312 3825 352 3867 ac
381 3805 562 3869 futurorum
590 3808 718 3870 noverit
746 3807 957 3887 universitas,
993 3806 1131 3891 qualiter
1154 3805 1308 3870 Sicardus
1338 3815 1472 3870 sanctae
1495 3804 1686 3871 Cenctensis
1709 3806 1845 3890 ecclesie
1868 3828 1962 3870 vene·

312 3905 423 3970 rabilis
452 3910 627 3993 episcopus
655 3919 801 3973 nostram
831 3908 1021 3994 suppliciter
1049 3911 1198 3974 exoravit
1226 3908 1449 3991 clementiam,
1483 3918 1520 3973 ut
1547 3930 1607 3993 pro
1641 3910 1710 3973 eius
1738 3908 1962 3994 frequentiae

313 4009 433 4074 salubri
463 4011 629 4095 se[r]vieio
660 4012 913 4077 concederemus
943 4012 1144 4099 aliquantam
1173 4021 1293 4076 terram
1322 4011 1528 4076 adiacentem
1551 4013 1584 4074 in
1608 4020 1715 4075 castro
1740 4009 1869 4093 (lenite,
1904 4010 1960 4075 ubi

262 4132 295 4178 :to
313 4114 516 4178 venerabilib
539 4137 657 4200 corpus
681 4116 785 4179 sancti
809 4115 935 4178 Ticiani
960 4115 1149 4200 requiescit,
1175 4115 1321 4179 similiter
1343 4124 1376 4179 et
1398 4113 1440 4178 ad
1463 4114 1542 4178 foris
1565 4115 1669 4198 ipsius
1692 4115 1789 4177 castri
1814 4113 1960 4199 aliquan·

312 4226 377 4280 tarn
401 4226 519 4281 terram
548 4220 626 4282 iuris
655 4219 782 4303 imperii
808 4220 928 4283 nostri:
965 4229 1064 4303 caput
1086 4221 1171 4282 enim
1195 4220 1299 4304 ipsius
1322 4227 1406 4302 terrq
1429 4226 1517 4282 tenet
1538 4237 1640 4300 usque
1663 4214 1706 4278 ad
1728 4215 1836 4280 locum
1860 4219 1960 4281 curtis

311 4319 460 4401 Touena,
495 4320 584 4385 aliud
612 4320 721 4406 capud
751 4344 854 4406 usque
876 4322 921 4385 ad
943 4321 1116 4386 ecclesiam
1140 4324 1246 4385 sancti
1268 4321 1431 4400 Floriani,
1465 4317 1555 4382 aliud
1584 4327 1692 4382 autem
1722 4319 1832 4382 sieur⁰
1861 4321 1960 4384 currit

310 4421 430 4486 llumen
453 4423 556 4486 Misco
580 4445 683 4509 usque
706 4423 749 4487 ad
771 4420 973 4510 Campamo,
1008 4423 1191 4507 quantum‘l
1214 4446 1291 4489 vero
1316 4421 1425 4508 capud
1447 4419 1568 4485 incedit
1591 4430 1623 4485 et
1646 4430 1732 4484 tenet
1755 4422 1838 4486 sicut
1860 4426 1961 4487 currit

311 4548 397 4610 aqua
421 4548 482 4610 quq
506 4536 642 4591 vocatur
665 4527 814 4592 Ceruario
838 4551 940 4614 usque
964 4528 1007 4592 ad
1030 4550 1149 4614 aquam
1174 4550 1236 4612 que
1259 4533 1466 4610 nuncupatur
1489 4522 1700 4605 Montegano.
1736 4521 1829 4586 Nos⁰
1852 4535 1961 4588 autem

260 4643 292 4689 :vs
312 4627 443 4709 dignam
467 4629 536 4692 eius
558 4628 748 4694 fidelitatem
771 4629 1015 4695 considerantes
1043 4630 1125 4694 hacc
1148 4631 1258 4693 omnia
1282 4630 1365 4693 sieut
1388 4648 1489 4712 supra
1512 4627 1635 4709 scripta
1658 4634 1733 4687 sunt
1755 4635 1787 4688 et
1810 4625 1960 4690 concedi-

311 4753 380 4794 mus
404 4740 436 4793 ct
459 4729 635 4811 donamus,
671 4742 768 4817 prout
797 4735 879 4796 iuste
902 4743 934 4797 et
960 4732 1109 4816 legaliter
1131 4754 1322 4818 possumus,
1357 4739 1390 4793 ct
1413 4729 1453 4794 de
1476 4738 1588 4792 nostro
1613 4729 1680 4791 iure
1704 4737 1736 4792 et
1759 4727 1903 4792 dominio
1927 4730 1962 4794 in

310 4835 379 4897 eius
402 4835 453 4898 ius
476 4843 508 4896 et
531 4832 709 4899 dominium
731 4834 837 4900 modis
861 4835 1013 4900 omnibus
1040 4834 1324 4919 [tra]nsfundimus
1349 4854 1388 4897 ac
1412 4831 1610 4915 delegamus.
1653 4831 1790 4914 Insuper
1812 4832 1961 4895 concedi·

311 4960 381 5000 mus
405 4939 433 4999 oi
458 4934 606 5000 districta
628 4939 730 5022 ipsius
754 4937 817 5002 loci
842 4961 899 5003 seu
923 4938 1143 5004 redibieioncs
1168 4947 1265 5022 atque
1288 4937 1419 5000 fiscaria
1441 4946 1473 4999 ct
1496 4933 1650 5021 quicquid
1674 4956 1749 5018 pars
1773 4932 1905 5019 publiea
1927 4937 1960 4999 in

309 5041 390 5122 ipsis
412 5038 495 5102 locis
514 5040 646 5122 exigere
670 5039 784 5105 debeat
794 5050 816 5123 ⁸,
843 5043 952 5106 omnia
976 5043 1045 5105 eius
1068 5043 1102 5106 in
1125 5043 1286 5123 integrum
1310 5037 1521 5104 concedimus
1544 5046 1577 5101 ct
1600 5037 1774 5118 donamus,
1799 5058 1864 5100 una
1887 5060 1961 5102 cum

258 5161 292 5208 40
310 5143 402 5205 terris
431 5143 535 5206 vineis
564 5145 667 5228 pratis
696 5146 827 5228 pascuis
858 5145 947 5209 silvis
978 5143 1109 5208 salectis
1143 5140 1331 5205 sacionibus
1364 5137 1560 5205 molendinis
1594 5138 1831 5223 piscationibus
1865 5141 1960 5225 aquis

309 5266 532 5331 aquarumque
562 5245 750 5311 decursibus
781 5247 946 5312 montibus
976 5246 1117 5311 vallibus
1151 5243 1354 5330 planiciebus
1378 5240 1563 5307 aldionibus
1586 5250 1618 5305 et
1641 5241 1782 5307 aldianis
1805 5244 1906 5307 servis
1929 5253 1962 5307 ot

309 5347 436 5411 ancillis
459 5349 627 5434 utriusque
651 5371 750 5414 sexus
773 5362 806 5414 et
829 5353 939 5415 omnia
963 5372 1025 5435 quq
1049 5349 1211 5414 nominari
1228 5346 1280 5410 vel
1301 5346 1364 5410 dici
1388 5354 1535 5431 possunt,
1561 5344 1604 5408 ad
1625 5344 1772 5429 predicta
1793 5342 1868 5408 loca
1890 5366 1960 5429 per·
2001 5336 2006 5346 ’

310 5448 486 5513 tinentibus
515 5449 567 5513 vel
597 5451 832 5534 aspicientibus
861 5454 895 5517 in
924 5453 1105 5535 integrum,
1139 5453 1186 5516 its
1215 5460 1250 5514 ut
1279 5449 1400 5515 lrabeat
1428 5457 1538 5513 teneat
1567 5448 1764 5535 firmiterque
1794 5447 1961 5532 possideat

396 5617 455 5672 244.
483 5618 590 5686 [Sickel]
695 5619 763 5683 a)A
866 5623 893 5683 b)
912 5621 1097 5687 arrprdapls'cb
1114 5622 1288 5684 venerabilis,
1313 5636 1363 5671 oea
1380 5620 1438 5671 deus
1455 5634 1468 5670 s
1486 5618 1621 5670 madet
1637 5618 1725 5670 warde
1742 5616 1808 5670 olene
1825 5621 1834 5669 i
1851 5619 1880 5670 iu
1898 5636 1913 5671 e
1929 5635 1961 5670 su

258 5691 291 5737 46
480 5688 626 5739 oerberrem
724 5693 749 5752 c)
767 5687 792 5742 Δ
808 5695 869 5740 rtott
886 5692 955 5741 sicut
1054 5691 1082 5754 d)
1100 5689 1124 5742 A
1141 5695 1202 5741 rtott
1220 5696 1341 5757 quartum
1440 5690 1466 5751 e)
1483 5704 1502 5741 u
1518 5687 1574 5741 vad
1591 5704 1604 5741 s
1621 5686 1674 5751 ms
1685 5686 1779 5740 auur.

1691 5790 1752 5858 44*
