4500 6420
928 467 1053 525 ΟΤΤΟ
1075 470 1100 524 Ι.
1123 464 1195 524 969.
1821 460 1887 527 bib

342 646 431 712 Data
461 664 536 711 xm.
564 645 631 712 kal.
661 648 767 712 iunias
795 670 882 712 anno
913 648 1076 713 dominice
1104 651 1338 714 incarnationis
1367 666 1619 732 Dccccnxvuu,
1652 653 1778 737 imperii
1806 674 1884 716 vero

239 749 361 816 domiui
385 748 515 816 Ottonis
539 750 675 835 piissimi
699 751 820 815 cesaris
838 767 910 831 vm,
933 751 1111 816 indictione
1131 769 1198 834 xl13
1221 762 1331 817 actum
1353 756 1388 817 in
1406 754 1568 819 Romania
1590 777 1692 841 prope
1715 755 1887 820 castellum

238 852 326 938 quod
350 852 468 918 dicitur
490 850 603 918 (ionca
626 874 724 938 super
744 853 880 919 fluvium
903 852 1070 920 Oesorana
1092 857 1125 919 in
1148 854 1232 919 silva
1255 855 1295 920 de
1318 856 1404 921 colla
1425 857 1579 940 Tritan03
1609 860 1642 922 in
1671 859 1722 923 dei
1752 860 1886 923 nomine

238 955 375 1022 feliciter
397 978 502 1021 amen.

205 1165 222 1212 a
1017 1144 1103 1219 375.

248 1300 358 1372 Uater
384 1298 520 1372 Vorsitz
546 1297 644 1374 Ottos
670 1298 814 1371 werden
840 1300 985 1396 Zeapea
1012 1300 1099 1373 tiber
1125 1300 1184 1374 die
1209 1300 1374 1377 Grertzea
1401 1303 1466 1376 der
1492 1303 1696 1376 Bisthlltaer
1722 1305 1885 1378 Medeae

240 1420 318 1493 irad
343 1419 510 1518 Balepao
535 1444 775 1492 veraommaa.
1535 1476 1577 1487 —
1600 1446 1662 1503 969
1686 1443 1766 1503 Jeaai
1788 1449 1840 1504 30.

339 1628 512 1701 Repetam
533 1628 693 1700 antiquam
715 1627 763 1684 des
786 1629 836 1684 14.
854 1626 907 1683 Jlr.
933 1625 955 1696 f.
982 1628 1022 1684 76
1046 1628 1087 1684 ita
1110 1626 1297 1686 &ardorello
1318 1646 1358 1686 aa
1381 1629 1511 1687 aroana
1536 1628 1598 1707 (B).
1637 1665 1641 1672 -

340 1782 493 1840 Murotori
514 1780 585 1839 Ant.
612 1780 682 1839 Ital.
705 1784 736 1850 2,
762 1783 821 1839 221
847 1798 903 1838 aas
927 1781 956 1839 Β
979 1778 1048 1858 (n.)
1072 1813 1114 1822 -
1138 1781 1266 1854 Sturamf
1285 1784 1356 1856 aee.
1381 1788 1453 1844 469.

341 1935 399 1994 Die
420 1934 568 2006 Ursclarist
591 1934 693 1993 werde
714 1953 770 1993 evea
792 1937 885 1993 etiem
908 1936 1115 1994 nehelamites
1138 1935 1316 2007 Pfalaaoter
1330 1937 1495 2011 Depoldeas
1518 1942 1551 1996 ut
1567 1938 1624 1997 vidi
1640 1940 1697 2011 legi
1715 1944 1743 1997 et
1759 1942 1882 2013 cognovi

340 2040 381 2098 nil
406 2040 515 2099 addens
538 2057 630 2116 nequo
653 2041 783 2097 minuens
805 2043 920 2113 praetor
944 2040 1016 2098 forto
1040 2041 1151 2100 literam
1176 2040 1219 2098 vel
1243 2040 1365 2099 silebam
1389 2042 1455 2115 plus
1480 2042 1521 2100 rel
1554 2044 1647 2101 nriuus
1676 2045 1785 2115 eopirt,
1820 2046 1884 2103 aad

338 2141 417 2200 elissa
438 2140 602 2212 Absclire'st,
634 2158 716 2198 socan
737 2142 817 2199 nieht
840 2143 911 2199 neela
933 2143 1042 2201 eosdm
1064 2144 1245 2203 (laaioiselaea
1267 2145 1368 2217 liepen,
1397 2145 1498 2205 riarde
1522 2147 1553 2202 ia
1576 2146 1606 2203 Β
1628 2148 1681 2204 orit
1705 2148 1884 2221 erraedlrlipea

338 2244 561 2317 Atera—raanan»
578 2247 769 2317 eiapetrapea.
802 2246 887 2304 Wird
901 2264 965 2303 azan
981 2248 1068 2304 seleon
1083 2247 1131 2304 dic
1147 2247 1296 2317 Ursclarift
1318 2250 1427 2306 sclarea·
1447 2248 1645 2307 eerstdadliclr
1664 2267 1796 2320 pea’esen
1810 2254 1882 2322 sein,

338 2367 370 2407 so
393 2350 460 2422 liept
482 2367 540 2408 aras
564 2353 596 2407 ia
618 2349 647 2406 B
670 2352 718 2407 eia
739 2367 771 2407 so
794 2349 958 2407 certiorato
975 2351 1046 2407 Text
1069 2368 1120 2407 eor
1142 2350 1210 2408 dass
1235 2352 1289 2408 wir
1311 2370 1367 2409 reris
1391 2355 1444 2409 mit
1460 2353 1707 2422 oaerttecalieaem
1725 2353 1883 2412 Verstdad-

337 2455 417 2512 aisse
439 2454 589 2527 bepaiipea
611 2459 738 2511 massan.
770 2453 828 2509 Ani
845 2455 999 2525 zoeitipstea
1015 2454 1111 2511 lessea
1126 2454 1188 2511 sicli
1203 2454 1251 2511 dic
1267 2454 1335 2512 bold
1349 2471 1381 2511 so
1397 2454 1466 2511 bald
1480 2473 1511 2511 so
1527 2454 1750 2525 {leselrriebeaen
1765 2456 1884 2514 Ner-rnen

337 2558 392 2613 mit
415 2557 527 2629 εἰπέμεν
550 2556 707 2615 Siclrerlreit
730 2557 933 2628 eoieelerpeten.
958 2588 998 2597 —
1021 2556 1090 2614 Far
1111 2556 1159 2613 die
1181 2557 1368 2628 Eiaree'lraap
1392 2575 1454 2613 reeta·
1476 2574 1533 2614 reris
1557 2556 1610 2614 des
1627 2557 1882 2631 ltepieraapsjuln·

345 2660 540 2733 irrumpebant
564 2677 616 2718 am
638 2676 670 2718 so
692 2661 773 2717 risela
794 2660 833 2718 do
855 2660 912 2717 ind.
931 2674 979 2719 111.
1005 2659 1089 2717 lcieht
1104 2677 1160 2717 aas
1177 2674 1227 2719 ΧΗ
1250 2661 1397 2717 entstelrea
1419 2660 1532 2717 lassate.

441 2863 480 2926 In
508 2866 639 2929 nomine
669 2863 789 2927 domini
819 2860 869 2926 dei
900 2865 1012 2927 eterni.
1058 2861 1162 2927 Otto*
1183 2864 1290 2946 gratia
1313 2862 1364 2925 dei
1388 2863 1564 2947 imperator
1586 2874 1761 2947 augustus,
1794 2885 1880 2927 anno

236 2969 363 3052 imperii
387 2970 455 3030 eius
478 2969 509 3030 in
534 2966 585 3031 dei
609 2968 737 3031 nominc
755 2966 808 3030 hic
832 2969 864 3029 in
888 2966 983 3029 ltalia
1007 2977 1122 3030 octavo
1147 2976 1179 3029 et
1202 2964 1252 3029 die
1276 2965 1380 3050 pridie
1402 2965 1562 3029 kalendas
1587 2965 1677 3047 iullii,
1706 2965 1881 3030 indictione

184 3088 218 3133 ao
237 3088 286 3134 111.
386 3069 468 3134 Cum
497 3068 661 3134 domnusb
692 3068 769 3134 Otto
799 3072 975 3154 imperator
1003 3078 1160 3153 augustus
1188 3071 1220 3131 in
1250 3068 1412 3151 legatione
1441 3069 1489 3131 sui
1517 3069 1643 3151 imperii
1667 3071 1701 3133 in
1724 3070 1881 3133 comitatu

236 3175 410 3238 Mutinensi
440 3173 628 3255 ressideret,
659 3172 851 3237 altrecatioe
881 3173 971 3236 facta
999 3182 1049 3236 est
1077 3183 1153 3235 autc
1176 3194 1250 3235 eum
1273 3174 1355 3236 intcr
1377 3172 1603 3236 Bononienses
1627 3184 1658 3237 et
1680 3173 1880 3237 Mutinenses

235 3276 275 3340 dc
304 3277 487 3342 confinibus
516 3286 547 3340 et
574 3278 720 3341 terminis
749 3279 957 3362 episcopatus
985 3297 1107 3339 eorum.
1152 3273 1304 3358 Inprimis
1327 3275 1513 3340 Vitalianus
1542 3276 1641 3340 dixit:
1679 3277 1781 3341 ‘Sicut
1810 3298 1880 3341 sum

235 3383 376 3445 monitus
405 3381 447 3445 ab
477 3383 604 3445 anticos
632 3381 797 3457 homines,
831 3383 915 3445 inter
943 3380 1144 3444 Mutinenses
1172 3390 1205 3441 et
1232 3379 1457 3443 Bononienses
1487 3401 1523 3443 os
1552 3401 1623 3443 esse
1646 3379 1727 3443 lines
1752 3380 1824 3444 dico
1849 3390 1881 3443 et

235 3507 362 3548 assero:
393 3484 467 3568 alpe
498 3485 551 3569 qni
582 3483 699 3547 dicitur
728 3481 922 3569 Capotauri,
953 3484 992 3548 de
1024 3482 1224 3568 Caupotauri
1255 3485 1288 3545 in
1317 3482 1389 3545 loco
1421 3485 1474 3566 qui
1499 3481 1618 3546 dicitur
1640 3482 1814 3565 Androna,
1840 3483 1880 3547 de

183 3605 216 3650 aa
235 3586 392 3652 Androna
415 3586 456 3650 ad
480 3589 651 3651 terminum
676 3589 730 3672 qui
754 3585 873 3651 dieitur
892 3589 923 3650 in
940 3587 1173 3667 Cimbrianum,
1199 3586 1238 3650 de
1255 3583 1442 3650 Cimbriano
1462 3584 1504 3649 ad
1527 3587 1701 3651 terminum
1723 3588 1777 3671 qui
1801 3585 1880 3651 dici·

234 3700 285 3754 tur
307 3690 350 3753 ad
372 3690 555 3770 Priuatum,
591 3687 707 3752 deinde
732 3687 900 3752 descendit
923 3711 981 3773 per
1004 3688 1087 3775 Alpe
1110 3692 1273 3770 mamma,
1307 3687 1383 3752 inde
1413 3711 1471 3773 per
1500 3691 1657 3753 terminec
1683 3689 1806 3771 Mauri,
1839 3688 1879 3753 de

232 3795 369 3857 termine
391 3792 497 3856 Mauri
521 3791 564 3855 ad
586 3793 757 3855 terminum
782 3793 836 3877 qui
860 3792 1000 3856 suntad
1024 3791 1273 3871 ltoncolamelli,
1308 3791 1347 3854 de
1378 3794 1514 3856 termino
1543 3790 1802 3856 Ronclrolamelli
1835 3790 1877 3856 ad

234 3895 469 3962 Saxonmrale.'
498 3896 542 3959 Et
565 3894 640 3958 dum
663 3894 821 3958 haberent
844 3896 927 3958 inter
951 3918 984 3958 se
1007 3897 1219 3959 intentionem
1231 3892 1244 3931 '¹
1267 3894 1505 3959 Semelanensis
1522 3906 1554 3959 et
1569 3894 1807 3977 Petilianensis,
1832 3898 1879 3961 sic

234 4001 400 4083 dixerunt,
419 3999 603 4065 Vitalianus
626 3998 762 4062 Martia:
787 3998 848 4061 ‘De
871 4000 1016 4062 terminis
1040 3998 1126 4083 qnod
1149 4021 1209 4062 vos
1233 3997 1340 4061 dicitis
1363 3997 1446 4060 inter
1469 3995 1731 4063 Semelanensem
1748 4009 1779 4062 et
1794 3998 1878 4062 Peti-

182 4128 215 4173 so
234 4105 412 4170 lianensem
435 4104 515 4166 fines
539 4101 724 4166 dexendere
748 4112 803 4165 aut
827 4124 907 4183 esse,
933 4124 996 4164 non
1021 4124 1075 4165 ero
1100 4103 1202 4182 testie,
1227 4110 1275 4164 set
1292 4100 1331 4163 de
1347 4101 1492 4164 terminis
1509 4102 1563 4186 qui
1581 4112 1657 4164 sunt
1672 4102 1755 4164 inter
1769 4101 1877 4165 Bono·

232 4212 321 4273 niam
344 4219 376 4271 et
398 4207 571 4285 Mutinam,
604 4207 693 4269 testis
718 4207 793 4268 sim:
819 4205 892 4268 dein
917 4204 1084 4268 descondit
1107 4227 1165 4289 per
1188 4215 1280 4289 prato
1304 4204 1437 4268 Barati.’
1478 4203 1678 4288 Lipieenus⁰
1702 4225 1876 4288 germanus

233 4313 331 4377 dixit:
358 4312 511 4375 ‘Monitus
535 4332 605 4373 sum
630 4331 649 4371 a
672 4311 817 4391 genitore
840 4331 911 4372 rneo
936 4309 1025 4394 ‹prrod
1048 4308 1155 4392 alpem
1180 4310 1234 4394 qui
1250 4318 1387 4371 vocatur
1404 4305 1582 4392 Capotauri
1605 4307 1678 4370 linis
1702 4329 1772 4371 esse
1795 4310 1878 4371 inter

233 4417 392 4479 Mutinam
416 4424 448 4476 et
465 4414 660 4491 Bononiam,
685 4411 800 4476 deirrde
824 4414 950 4475 termini
976 4413 1030 4496 qui
1055 4411 1173 4475 dieitur
1197 4411 1239 4474 ad
1262 4410 1439 4493 Androna,
1463 4410 1680 4475 descendente
1703 4410 1747 4475 ad
1768 4411 1876 4476 locum

233 4521 286 4603 qui
303 4516 420 4581 dieitur
437 4516 668 4594 Cimbrianmn,
694 4515 733 4579 de
753 4513 964 4578 (Fimbrianos
986 4514 1028 4578 ad
1045 4516 1219 4578 terminum
1235 4515 1289 4598 qui
1306 4524 1442 4578 vocatur
1456 4513 1598 4595 Priuato,
1616 4513 1690 4579 iudo
1708 4513 1876 4578 descendit

180 4643 213 4689 aa
234 4647 289 4709 per
305 4623 422 4708 Alpem
438 4624 616 4685 maximam
629 4631 651 4700 Β,
677 4620 792 4684 deinde
815 4619 857 4683 ad
876 4620 1049 4682 terminum
1064 4619 1187 4700 Mauri,
1212 4617 1285 4682 inde
1309 4617 1352 4683 ad
1375 4619 1502 4683 termini
1526 4620 1580 4704 qui
1601 4630 1675 4683 sunt
1691 4640 1711 4682 a
1725 4618 1874 4683 Roneho-

232 4725 361 4805 lamelli,
385 4724 501 4789 deinde
517 4723 560 4787 ad
580 4724 714 4787 termine
732 4721 957 4802 Saxonmlare,
981 4732 1013 4785 et
1034 4723 1176 4786 monitus
1199 4744 1270 4786 sum
1294 4720 1382 4807 quod
1404 4722 1476 4806 ipse
1499 4721 1596 4784 finem
1619 4723 1702 4785 inter
1715 4720 1875 4785 lllutinam

231 4844 263 4893 et
292 4829 474 4893 Bononiam
506 4825 674 4890 descendit
704 4825 1034 4910 pe1·prataBarati.'
1078 4824 1270 4890 Caluentius
1295 4835 1326 4890 et
1348 4826 1506 4890 Breneius
1538 4825 1683 4889 similiter
1714 4824 1875 4907 dixerunt,

231 4934 369 5018 qualiter
392 4932 604 5016 suprascripti
624 4929 810 4993 Vitalianus
834 4941 864 4993 et
887 4928 1100 5013 Lupeeenus3
1125 4929 1238 4994 Petrus
1262 4951 1435 5013 germanus
1459 4929 1604 4993 similiter
1627 4928 1726 5009 dixit,
1749 4927 1874 4992 Bonelo

231 5035 270 5099 da
294 5031 488 5099 luclralotoll
511 5033 657 5096 similiter
680 5031 780 5114 dixit,
811 5033 925 5095 Petrus
949 5030 988 5094 de
1011 5029 1202 5096 letimianoi
1231 5033 1377 5098 similiter
1401 5032 1502 5114 dixit,
1528 5034 1643 5098 Mauro
1667 5033 1821 5097 Blancari
1844 5043 1875 5098 et

179 5157 212 5204 40
234 5139 418 5223 Lupieenus
451 5136 682 5200 Marcionensis
717 5133 888 5199 similiterl
923 5134 1016 5199 dixit.
1060 5135 1151 5199 Idem
1184 5136 1343 5221 equaliter
1376 5137 1530 5201 dixerunt
1557 5137 1704 5200 homines
1733 5158 1873 5201 comma·

231 5252 343 5306 nentes
366 5245 398 5305 in
421 5239 499 5304 villa
523 5239 694 5305 Semelano
719 5240 758 5303 de
782 5241 846 5303 iam
870 5238 966 5303 dictis
989 5239 1144 5302 terminis.
1189 5238 1353 5325 Imprimis
1375 5238 1561 5304 Dalterius¹
1585 5239 1685 5304 dixit:
1721 5239 1873 5305 ‘Monitus

230 5368 300 5410 sum
317 5370 337 5410 a
353 5344 497 5409 Uitalino
514 5343 657 5407 Marcoln
681 5344 735 5426 qui
758 5344 819 5407 fuit
841 5365 922 5406 arvus
945 5364 1046 5424 mous,
1071 5339 1159 5427 quod
1180 5342 1254 5406 finis
1277 5365 1348 5407 esse
1367 5344 1452 5408 inter
1466 5343 1626 5408 Mutinam
1643 5352 1675 5407 et
1688 5343 1873 5407 Bononiam

315 5533 373 5585 375.
402 5529 568 5599 {Zirnermanj
667 5533 693 5592 a)
710 5532 776 5582 Octo
798 5532 822 5581 Β
839 5530 1002 5595 repelme'lesip
1100 5532 1127 5594 b)
1145 5531 1248 5581 donnus
1267 5532 1292 5580 Β
1391 5534 1414 5591 e)
1434 5532 1460 5581 B
1558 5532 1585 5593 d)
1605 5533 1732 5583 haberent
1749 5533 1819 5582 inira
1835 5538 1874 5583 tat

400 5603 434 5663 B,
452 5602 562 5651 haberet
579 5602 647 5650 inl'ra
666 5603 789 5650 termines
802 5602 839 5659 Μ,
859 5599 983 5650 emendlrt
1000 5598 1066 5649 nael
1087 5598 1114 5650 S.
1128 5602 1179 5649 516
1196 5600 1256 5650 Z?
1344 5602 1369 5661 e)
1387 5602 1545 5666 Lupeeeuus
1564 5602 1591 5650 in
1608 5600 1688 5653 ΖΒΘ
1773 5602 1873 5662 ι’)Αιῐι-

177 5681 209 5726 45
401 5674 493 5721 briano
518 5670 543 5719 B
645 5668 673 5734 g)
692 5672 797 5719 maximi
818 5669 842 5718 Β
946 5668 973 5727 li)
994 5668 1056 5719 oder
1079 5669 1218 5719 Uichaleto
1331 5671 1349 5732 i)
1369 5669 1432 5720 oder
1455 5667 1599 5721 lecimiano
1707 5670 1735 5733 k)
1752 5669 1823 5734 fehlt
1847 5670 1873 5720 B

405 5742 424 5805 l)
443 5741 572 5789 Claterius
591 5741 619 5788 in
639 5740 665 5790 S.
680 5742 730 5788 516
748 5738 776 5788 Z.
789 5743 820 5789 14
908 5742 942 5800 m)
962 5736 1025 5788 oder
1042 5739 1145 5801 lllanco,
1165 5741 1240 5789 mico
1256 5737 1288 5789 B.

1604 5825 1669 5889 65*
