4298 6414
572 446 634 510 150
1165 459 1614 517 KAISERURKUNDEN.

672 640 731 698 Die
752 642 806 698 mit
829 643 1035 715 Moeooqromm
1057 643 1122 699 aad
1145 640 1204 701 SR.
1228 643 1380 701 eerseleene
1402 640 1555 714 Absclere'ft
1578 642 1605 700 A
1626 645 1719 715 ttiosst
1741 645 1980 704 oaoesooeiotioo
1994 662 2053 704 aas
2068 645 2134 704 dem

667 743 752 815 yion
774 744 838 801 aad
860 745 930 803 ldsst
953 745 998 803 ols
1021 745 1171 804 Sohree'oer
1193 745 1337 804 desselben
1360 744 1426 802 BB.
1452 746 1614 818 erkeooeo5
1646 751 1690 807 sie
1711 751 1750 808 ist
1772 751 1806 807 e’n
1827 749 1880 808 der
1901 750 2096 823 Hoaptsaoloe
2125 780 2127 783 v

671 847 776 920 ldsse'p,
812 848 921 906 obeoohl
949 849 1001 906 dor
1024 846 1123 921 Gope‘sl
1151 851 1184 907 in
1211 851 1308 907 seinee
1328 848 1385 906 Aet
1408 851 1503 922 cintae
1525 850 1623 909 Worto
1650 851 1826 924 obqedodeot
1856 852 1920 910 eard
1942 851 1991 911 die
2013 853 2087 926 Eia
2137 878 2149 904 o

669 949 821 1021 mehrfoeh
842 951 1031 1010 neodeme'se‘et
1054 953 1113 1010 leat.
1150 951 1290 1024 Dopoqon
1311 954 1351 1009 e'st
1374 951 1421 1009 die
1436 952 1590 1024 Absoleee'st
1605 952 1643 1012 A'
1658 972 1713 1012 oon
1735 955 1802 1014 sehr
1820 957 1971 1029 perennem
1995 954 2119 1026 Warthe
2147 988 2149 1007 .

672 1053 833 1111 eniteret
856 1054 903 1111 dio
929 1054 1070 1114 Urkondo
1092 1055 1154 1112 letor
1176 1055 1240 1112 aad
1267 1054 1306 1113 do
1334 1055 1427 1112 ostreo
1452 1055 1581 1114 Zuslttee
1608 1059 1750 1115 ereoee'teet
1778 1058 1843 1116 sord
1871 1060 1911 1117 ist
1938 1059 2144 1118 iosbesondere

669 1156 823 1229 Detineoep
850 1158 926 1215 oncle
954 1159 1047 1215 elnam
1076 1161 1108 1216 io
1142 1159 1205 1215 (lone
1234 1155 1397 1216 Chanedar
1423 1158 1485 1215 sicle
1518 1157 1563 1229 ost
1591 1159 1838 1219 enodatozoeoeo
1870 1160 1992 1220 Solem
2026 1144 2148 1220 aberae

672 1260 795 1318 worden.
831 1261 874 1319 Es
897 1263 935 1319 ist
959 1262 1021 1319 also
1043 1262 1111 1319 kain
1130 1261 1238 1319 Gruoed
1260 1261 1428 1319 unitandae
1445 1264 1509 1319 eine
1527 1262 1592 1319 dom
1607 1263 1645 1321 D.
1662 1280 1726 1322 oom
1742 1263 1775 1323 J.
1792 1265 1854 1324 945
1870 1280 2143 1338 annosaeqonqene

669 1363 768 1421 troade
790 1365 860 1423 oder
880 1366 956 1423 anot
977 1383 1038 1423 aar
1061 1367 1124 1422 eloe
1146 1363 1268 1435 frehero
1282 1361 1501 1437 Aasferte‘oaap
1516 1365 1728 1423 ooaanetmeo.
1761 1365 1805 1424 Jo
1819 1367 1895 1424 oaclo
1909 1383 1966 1425 eon
1981 1366 2040 1425 den
2055 1366 2147 1425 Vario

671 1483 769 1524 aaron
782 1485 844 1525 nor
858 1468 905 1525 die
919 1468 1204 1540 eeooptsocooeoseeo
1218 1485 1258 1524 eo
1273 1467 1468 1536 eoreee‘elmea,
1492 1485 1544 1525 om
1560 1467 1614 1526 das
1630 1468 1811 1528 Vorholtae‘ss
1826 1469 1924 1528 bader
1940 1467 2142 1541 Uoberliefem

669 1587 710 1627 aa
733 1571 873 1629 einander
895 1571 1057 1629 ersieletle'clo
1077 1589 1118 1629 aa
1140 1570 1268 1628 machon.
1295 1602 1332 1612 -
1356 1570 1432 1628 Dem
1454 1571 1603 1629 Protokoll
1627 1571 1703 1628 need
1724 1571 1800 1630 eoird
1821 1571 1889 1631 BB.
1913 1573 1990 1631 each
2012 1571 2058 1631 als
2093 1574 2149 1624 le*

669 1691 709 1730 ea
737 1674 899 1731 detractatae
926 1676 999 1732 seio.
1045 1675 1091 1733 Er
1112 1675 1162 1731 lea-t
1190 1675 1239 1731 ein
1261 1673 1322 1731 ihm
1345 1672 1511 1746 qeliesertes
1538 1675 1736 1732 Vereee'ohoe'ss
1765 1674 1818 1734 der
1845 1675 2066 1749 Klosteeyoter,
2101 1693 2149 1732 ou

668 1778 731 1835 siclo
751 1796 822 1834 aeone
847 1778 930 1836 Tereo
951 1796 992 1835 oo
1013 1778 1062 1835 de'o
1089 1780 1129 1835 ine
1160 1779 1299 1851 Eiapcno
1326 1777 1472 1835 anethnte
1500 1777 1673 1850 Sclrenlaoaq
1702 1777 1753 1836 des
1780 1777 1920 1849 Biscleofs
1948 1777 2114 1848 Adolbero,

672 1880 756 1937 Tleee'l
782 1899 822 1937 oo
850 1881 898 1939 elie
925 1898 1217 1954 roroasqepoaoeoen
1244 1879 1409 1938 Besitetitcl
1437 1897 1492 1937 oon
1518 1880 1613 1939 Goree
1642 1880 1676 1958 (s.
1702 1878 1813 1940 Cama
1841 1882 1859 1939 l.
1890 1899 1912 1940 c.
1934 1879 2134 1959 275-338)

668 1982 813 2051 scilicaet,
847 1982 964 2053 einfoeh
985 1983 1195 2057 eiopeseltaltet.
1233 1982 1294 2040 Met
1315 1981 1411 2053 He‘e‘lfo
1433 1982 1529 2040 dieser
1548 1983 1710 2042 Urkoadea
1733 1984 1830 2044 lasseo
1851 1985 1913 2044 sloh
1934 1986 2010 2043 each
2033 1984 2081 2044 die
2107 1986 2140 2042 in

669 2082 822 2155 Absehre'ft
844 2085 873 2143 A
895 2086 1062 2144 oerdoebton
1089 2085 1264 2144 Onsnomen
1286 2086 1392 2157 riclete‘p
1413 2085 1523 2143 stetten.
1554 2119 1595 2129 -
1624 2087 1692 2145 For
1714 2088 1762 2145 dle
1784 2089 1972 2161 adoratione
1996 2105 2053 2146 oon
2080 2087 2141 2147 ΒΟ

666 2188 739 2244 laroc
768 2188 813 2245 iod
837 2189 1110 2260 elelolthtmmlor
1133 2189 1293 2247 indolere.
1321 2186 1354 2247 O.
1374 2197 1398 2246 Ι.
1422 2192 1485 2248 144
1515 2189 1568 2247 dns
1597 2190 1849 2265 Royioreenpsjoler
1877 2191 1921 2250 ols
1950 2190 2143 2264 mossoebend

667 2291 797 2348 tenoletet.
835 2290 877 2350 Ob
900 2292 948 2349 de'e
970 2292 1085 2350 andorn
1100 2292 1367 2351 Jooresmertmole
1388 2293 1536 2366 eoarleletip
1558 2292 1730 2363 etberliofoet
1753 2294 1822 2353 sind
1844 2293 1914 2351 oder
1929 2311 1961 2353 so
1980 2295 2086 2352 boreits
2109 2295 2143 2351 in

671 2393 819 2463 Ursolerift
840 2395 972 2466 standon,
998 2395 1070 2453 ldsst
1092 2397 1154 2454 se'els
1175 2395 1254 2453 nicht
1278 2396 1474 2466 entseleeidon·
1498 2396 1569 2454 doch
1590 2396 1697 2454 lorado
1719 2396 1775 2467 sete
1797 2397 1926 2455 dolatores
1945 2397 2064 2470 polloni
2082 2413 2119 2470 pe

669 2498 784 2556 werden
806 2499 875 2557 class
898 2500 946 2557 de'e
971 2500 1081 2557 Zolelen
1104 2515 1116 2560 1
1139 2499 1202 2558 tend
1225 2514 1262 2560 lx
1286 2500 1356 2569 sicle,
1381 2516 1464 2557 eeeem
1486 2499 1561 2556 neele
1582 2499 1716 2568 serstollt,
1740 2501 1773 2556 e'a
1795 2496 1833 2557 A'
1853 2498 2020 2573 ploiolefolls
2042 2499 2144 2570 deden

768 2718 806 2781 In
828 2720 959 2782 nomine
983 2728 1093 2781 sancte
1122 2729 1154 2780 ct
1182 2716 1348 2780 individue
1379 2719 1543 2782 trinitatis.
1590 2718 1668 2783 Otto
1697 2717 1748 2783 dei
1778 2721 1883 2803 gratia
1911 2743 1980 2785 rex.
2080 2721 2149 2787 No

566 2823 710 2887 omnium
742 2821 886 2885 fidelium
919 2832 1104 2885 nostrorum
1137 2830 1204 2884 tam
1234 2823 1432 2906 presentium
1462 2844 1558 2907 quam
1588 2831 1619 2884 et
1650 2822 1832 2886 futurorum
1866 2822 2041 2906 industria,
2079 2848 2134 2911 qn

565 2925 731 2989 Adalbero
755 2926 950 2989 Metensium
972 2926 1145 3010 episcopus
1168 2946 1226 3010 per
1248 2925 1465 2988 interventum
1492 2921 1658 2989 Cuonradi
1682 2923 1894 2990 Lodariensis
1923 2925 2042 2991 ducis·
2069 2950 2149 2993 uos

565 3028 646 3093 adiit
667 3028 882 3110 clementiam,
907 3028 1086 3114 deprecans
1108 3037 1144 3092 ut
1166 3050 1218 3090 res
1242 3049 1323 3112 quas
1347 3028 1416 3112 ipse
1431 3025 1597 3091 Adalbero
1615 3025 1658 3091 ad
1672 3029 1906 3092 monasterium
1920 3029 1954 3093 in
1968 3029 2094 3095 honore
2109 3054 2149 3096 sa

564 3131 651 3195 Petri
679 3131 903 3216 apostolorum
932 3132 1089 3216 principis
1118 3140 1340 3195 constructum
1369 3129 1457 3214 quod
1487 3128 1609 3193 Gorzia
1636 3132 1839 3212 nominatur,
1873 3129 1929 3195 ubi
1952 3131 2089 3197 menbra
2112 3135 2146 3198 in

565 3237 704 3299 martiris
728 3234 886 3319 Gorgonii
911 3237 1090 3320 quiescunt,
1114 3233 1157 3296 ad
1179 3255 1325 3297 mensam
1344 3233 1479 3296 fratrum
1495 3233 1617 3297 ibidem
1632 3233 1811 3298 secundum
1825 3233 1973 3316 regulam
1988 3238 2095 3300 sancti
2110 3237 2149 3302 13³

565 3337 643 3402 dicti
667 3338 727 3402 deo
751 3337 960 3402 militantium
983 3337 1072 3401 dedit
1094 3337 1145 3401 vel
1169 3346 1266 3400 antea
1289 3359 1309 3400 a
1331 3335 1616 3422 predecessoribus
1640 3338 1707 3400 suis
1723 3336 1766 3401 ad
1781 3336 1964 3421 predictum
1978 3349 2129 3404 monaste

564 3442 658 3506 datas
683 3444 806 3506 invenit
828 3479 870 3488 —
892 3441 1045 3507 videlicet
1066 3441 1196 3506 Bodulfi
1219 3440 1332 3506 villam
1355 3463 1428 3505 cum
1453 3440 1601 3506 omnibus
1625 3441 1692 3504 suis
1714 3439 1935 3525 appendiciis,
1957 3439 2105 3506 Noviant
2126 3467 2143 3507 s

563 3546 637 3609 liter
659 3567 734 3609 cum
757 3548 823 3609 suis
846 3545 1061 3630 appendiciis,
1084 3545 1298 3610 Uuasaticum
1321 3555 1354 3609 et
1375 3544 1487 3618 villam
1511 3544 1621 3610 domni
1638 3542 1794 3628 Stephani
1813 3565 1888 3609 cum
1905 3544 2112 3631 appendiciis
2139 3577 2146 3605 ;

563 3649 708 3713 Pennam
731 3671 805 3711 oum
833 3650 899 3712 suis
928 3648 1149 3734 appendiciis²
1183 3648 1441 3733 ecclesiamque
1465 3649 1569 3711 estin
1593 3647 1672 3711 villa
1696 3646 1862 3713 Garmiaco
1886 3670 1961 3712 cum
1984 3647 2113 3714 duabus
2143 3681 2149 3708 ι

564 3750 667 3835 pellis,
692 3749 864 3813 ecclesiam
887 3774 948 3836 que
972 3762 1021 3816 cst
1043 3754 1076 3814 in
1099 3752 1176 3816 villa
1199 3751 1295 3816 Siaco
1320 3773 1395 3814 cum
1417 3750 1543 3835 capella
1565 3772 1641 3831 una,
1665 3769 1703 3814 lx
1720 3751 1877 3817 mansosb
1899 3754 1933 3815 in
1947 3751 2027 3817 villa
2046 3776 2110 3839 que
2139 3782 2146 3811 ι

563 3864 616 3918 tur
637 3852 840 3935 Molendina,
872 3854 997 3936 Lagnei
1021 3854 1132 3918 villam
1156 3877 1230 3919 cum
1252 3852 1456 3938 appendiciis
1480 3855 1562 3935 suis,
1592 3854 1704 3918 villam
1726 3856 1947 3937 Domincum,
1981 3855 2137 3920 ecclesia

564 3955 734 4039 Gaugiaco
748 3964 768 4036 ⁰,
792 3956 975 4041 cappellam
998 3958 1030 4020 in
1054 3956 1210 4020 Madelini
1234 3966 1323 4020 curte
1347 3967 1379 4020 et
1401 3956 1500 4020 aliam
1524 3956 1634 4021 domni
1658 3958 1790 4022 Martini
1815 3956 1952 4040 dictam,
1981 3957 2148 4022 ecclesian

564 4059 761 4140 Ouueriaco,
796 4059 967 4123 ecclesiam
996 4062 1099 4123 sancti
1128 4060 1267 4123 Mariani
1297 4060 1328 4122 in
1359 4059 1532 4124 subteriori
1560 4062 1633 4132 vico
1664 4063 1760 4125 sitam
1789 4084 1864 4126 cum
1891 4061 2018 4145 capella
2041 4063 2075 4125 in
2096 4062 2149 4126 Bi

563 4175 653 4229 curte
676 4175 708 4229 et
731 4165 839 4228 omnia
863 4186 924 4250 que
947 4163 990 4228 ad
1012 4163 1191 4249 predictam
1214 4163 1386 4227 ecclesiam
1415 4165 1595 4250 aspiciunt,
1618 4163 1814 4247 Uuarengisi
1843 4164 1955 4228 villam
1985 4186 2060 4230 cum
2088 4186 2149 4251 ap

564 4268 657 4331 diciis
681 4269 762 4351 suis,
787 4277 929 4332 montem
951 4266 1084 4331 Uironis
1107 4289 1181 4331 cum
1204 4266 1406 4351 appendiciis
1431 4268 1516 4349 suis,
1540 4277 1682 4333 montem
1706 4265 1839 4349 Gudini,
1863 4266 2086 4350 Sumalonam,
2109 4290 2147 4332 ec

563 4373 645 4434 siam
669 4367 778 4435 domni
797 4369 940 4451 Martini,
963 4368 1121 4433 Uuasnau
1144 4378 1176 4431 et
1199 4379 1343 4433 montem
1360 4368 1506 4434 Medium
1528 4392 1602 4434 cum
1624 4368 1828 4456 appendiciis
1851 4371 1928 4452 suns,
1951 4369 2110 4434 ecclesias
2134 4399 2141 4426 ·

562 4476 595 4538 in
617 4475 747 4538 Paterni
770 4473 848 4537 villa
871 4495 945 4537 cum
969 4473 1090 4536 mansis
1113 4471 1156 4536 ad
1183 4494 1238 4535 eas
1268 4472 1519 4556 pertinentibus,
1553 4471 1818 4538 Flamereshemd
1852 4495 1928 4537 cnm
1960 4472 2102 4537 ecclesia

562 4577 734 4642 ecclesiam
758 4598 819 4662 que
843 4586 891 4639 est
913 4577 946 4638 in
960 4574 1039 4638 villa
1055 4573 1225 4659 Isemburg
1247 4587 1279 4638 et
1301 4577 1436 4639 terciam
1458 4585 1584 4662 partem
1606 4576 1752 4641 eiusdem
1773 4575 1849 4640 ville
1871 4583 1904 4638 et
1925 4576 2061 4640 terciam
2084 4598 2128 4661 pa

562 4680 642 4745 silve
664 4690 697 4743 et
719 4688 826 4743 cetera
850 4701 912 4764 que
934 4677 978 4741 ad
1000 4679 1107 4762 ipsam
1128 4678 1274 4762 aspicere
1296 4677 1447 4743 videntur
1459 4689 1480 4761 θ,
1505 4680 1660 4765 quicquid
1683 4690 1814 4744 sanctus
1834 4677 2019 4762 Gorgonius
2043 4677 2135 4743 incl

560 4782 639 4848 redo
669 4781 798 4862 habuit,
834 4802 961 4844 omnem
989 4779 1244 4844 decimacionem
1268 4780 1405 4847 devino
1429 4804 1561 4846 annona
1583 4784 1711 4847 etfeno
1735 4805 1774 4846 ac
1797 4782 1862 4847 lino
1886 4784 1919 4846 in
1941 4781 2020 4845 villa
2041 4782 2145 4847 Poma

561 4888 648 4950 etin
670 4884 822 4950 Bredalio
846 4895 878 4948 et
900 4886 933 4947 in
958 4882 1139 4964 Garniaco,
1174 4885 1207 4946 in
1230 4882 1344 4968 Siaco,
1380 4896 1411 4950 et
1440 4884 1480 4949 de
1508 4886 1611 4949 vincis
1651 4885 1891 4950 indominicatis
1921 4906 1983 4970 que
2018 4893 2093 4948 sunt
2122 4907 2140 4948 c

560 4989 680 5071 Mettis,
705 4989 745 5052 de
769 4986 951 5068 Gaudiaco,
975 4985 1015 5049 de
1037 4985 1211 5068 Prunidos‚
1236 4985 1277 5051 de
1298 4987 1406 5071 Falto,
1430 4988 1470 5052 de
1492 4988 1574 5072 Fac,
1598 4988 1637 5052 de
1661 4988 1859 5069 Uulteriaco‚
1887 4987 1927 5051 de
1950 4985 2097 5051 Haldulfi
2129 5016 2135 5031 ·

562 5091 601 5156 de
625 5091 814 5174 Sarcofago,
838 5090 877 5154 de
900 5088 1059 5152 Furcellis
1082 5087 1242 5154 decimam
1264 5090 1542 5174 indominicatam,
1566 5113 1715 5157 mansum
1737 5092 1823 5155 infra
1844 5090 1955 5154 Mettis
1979 5088 2068 5175 quod
2090 5089 2143 5154 dic

560 5193 669 5258 Aurea
677 5245 685 5276 ,
720 5192 864 5257 alodium
893 5191 980 5277 quod
1004 5191 1242 5274 Angelramnus
1270 5204 1382 5259 sancto
1407 5194 1574 5279 Gorgonio
1599 5194 1688 5258 dedit
1710 5195 1754 5259 ad
1776 5204 1919 5258 montem
1947 5194 2062 5259 louis⁸
2083 5229 2127 5240 —

663 5419 704 5472 70.
733 5419 829 5488 [Folta]
932 5423 957 5481 a)
977 5437 1002 5486 p.
1021 5422 1039 5470 i.
1057 5419 1189 5469 Brunonis
1213 5418 1403 5486 archiepiscopi
1427 5427 1505 5485 atque
1526 5421 1709 5471 Unillibemmi
1732 5420 1924 5486 archiepiscopi
1948 5417 1979 5469 A‘
2084 5418 2147 5481 b)e

732 5489 845 5554 amplius
857 5487 889 5539 A‘
976 5493 1002 5551 c)
1021 5489 1160 5538 ecclesiam
1177 5489 1205 5537 in
1223 5486 1323 5537 honore
1341 5491 1424 5538 sancti
1442 5488 1548 5539 Andree
1566 5492 1593 5538 in
1612 5489 1749 5539 Gaudiaco
1768 5487 1799 5538 A‘
1887 5489 1913 5548 d)
1933 5484 2149 5538 Flammareshe

733 5562 757 5616 e)
776 5558 899 5607 videntur
922 5573 1001 5624 super
1022 5558 1132 5606 fluvium
1155 5556 1266 5606 Mosella
1290 5555 1321 5606 A'
1424 5558 1497 5619 f)de
1515 5557 1645 5620 prunido,
1674 5558 1708 5607 da
1731 5558 1861 5608 Miliriaco
1886 5554 1917 5607 A‘
2024 5558 2054 5623 g)
2072 5556 2107 5605 ad
2133 5579 2145 5599 ιι

734 5625 834 5675 Odouis
852 5627 952 5687 villam,
970 5626 1106 5676 Enunaldi
1123 5626 1222 5686 villam,
1242 5625 1382 5675 ecclesiam
1400 5626 1428 5676 in
1446 5627 1510 5676 villa
1528 5626 1595 5686 Fao,
1621 5627 1760 5676 ecclesiam
1778 5629 1806 5675 in
1823 5626 1889 5676 villa
1906 5626 1990 5676 sancti
2008 5624 2129 5675 Marcelli

734 5694 838 5758 capella
855 5711 915 5758 una,
934 5696 1026 5745 villam
1044 5711 1095 5759 que
1114 5694 1211 5744 dicitur
1229 5693 1326 5744 Suiron
1343 5691 1383 5743 A'.
