4298 6414
985 464 1110 520 ΟΤΤΟ
1133 465 1156 519 Ι.
1180 461 1251 519 945.
1879 457 1940 520 147

294 655 420 710 ventum
429 641 607 708 Ymmonis
622 645 746 708 nostri·
761 645 889 708 comitis
905 644 1035 708 cuidam
1050 643 1139 708 fideli
1154 654 1265 709 nostro
1279 644 1454 729 Rabangar
1469 645 1659 710 nominatob
1675 646 1814 732 quedam
1828 656 1940 710 nostra

281 747 422 834 propria
443 747 611 832 mancipia
634 748 667 810 in
690 748 859 832 proprium
882 749 1113 828 concessimus,
1137 746 1330 811 Dunzonem
1354 748 1505 813 videlicet
1527 749 1707 836 fratresque
1723 753 1792 814 eius
1809 760 1841 813 et
1854 749 1939 814 filios

278 872 413 915 eorum.
454 847 617 915 Iussimus
646 859 800 936 quoque⁰
827 849 902 914 inde
933 850 996 914 hoc
1026 872 1159 935 presens
1188 861 1376 935 preceptum
1405 851 1569 917 conscribi
1597 874 1655 937 per
1678 853 1767 938 quod
1789 852 1939 918 volumus

270 951 423 1017 firmiter
450 962 483 1016 et
511 951 660 1018 iubemus
671 949 694 1035 ⁶,
722 962 759 1018 ut
780 963 979 1018 memoratus
1001 953 1178 1037 Rabangar
1199 953 1240 1017 de
1261 955 1312 1018 his
1334 957 1505 1040 mancipiis
1533 966 1645 1020 nostro
1674 957 1761 1021 dono
1791 957 1877 1021 sibi⁸
1906 959 1939 1022 in

232 1056 457 1140 aproprium
486 1056 654 1120 concessis
684 1054 804 1120 amodo
835 1066 867 1120 et
898 1056 1053 1142 deinceps
1085 1057 1170 1120 omni
1200 1066 1347 1142 tempore
1376 1057 1574 1123 liberrimam
1605 1067 1713 1122 teneat
1743 1070 1937 1145 potestatem

263 1157 444 1245 quicquid
472 1157 536 1222 sibi
566 1157 725 1244 placuerit
754 1158 872 1223 exinde
900 1159 1051 1224 faciendi.
1096 1160 1140 1223 Et
1167 1167 1202 1224 ut
1232 1160 1291 1223 hec
1320 1161 1498 1224 auctoritas
1524 1169 1638 1224 nostra
1659 1160 1753 1224 firma
1776 1159 1937 1246 perduret,

259 1278 391 1328 mann
410 1270 547 1326 111111ο
569 1262 769 1326 firmavimus
792 1262 955 1347 anuloque
976 1272 1088 1326 nostro
1112 1264 1259 1346 insigniri
1281 1263 1444 1327 iussimus.

392 1414 528 1500 Signum
551 1414 660 1480 domni
685 1413 815 1481 Ottonis
839 1417 1042 1481 invictissimi
1064 1419 1161 1501 regis.

391 1532 505 1601 Brun¹
525 1535 740 1602 cancellarius
763 1536 912 1602 adviccm
935 1536 1091 1601 Friderici
1115 1535 1368 1621 archicapellani
1391 1540 1605 1622 recognovi.⁸

208 1700 240 1746 1⁰
392 1691 480 1755 Data
501 1689 547 1756 id
570 1693 648 1755 maii
670 1713 755 1758 anno
778 1694 1012 1757 incarnationis
1036 1691 1158 1756 domini
1183 1707 1374 1773 nccccxtv,
1406 1692 1582 1756 indictione
1604 1691 1756 1773 secunda,
1780 1703 1936 1776 regnante

264 1784 411 1858 011111
432 1795 488 1879 pio
510 1816 587 1878 rege
610 1816 696 1860 anno
719 1812 813 1877 v11113
837 1805 946 1859 actum
969 1794 1153 1878 Duisburg3
1175 1797 1209 1859 in
1232 1795 1364 1859 domino
1388 1817 1493 1858 amen.

1088 2070 1147 2140 67.

281 2218 378 2297 Orto
400 2223 543 2299 acbanct
563 2223 629 2297 der
649 2223 781 2298 Kirolze
802 2250 847 2297 zu
869 2222 1095 2322 Budistdorf
1110 2173 1188 2294 eine
1210 2222 1440 2320 Herreahufe
1462 2221 1528 2293 mit
1548 2222 1723 2295 habebor.

1520 2360 1654 2419 Dolzlam
1676 2363 1737 2422 945
1761 2363 1841 2421 Jaor'
1864 2367 1893 2421 4.

388 2570 636 2642 Nocheeiclmaaq
659 2569 738 2627 eines
761 2568 899 2641 Diploms
921 2585 977 2626 eoa
999 2567 1053 2625 der
1076 2566 1167 2625 Horat
1189 2566 1239 2625 (les
1262 2566 1328 2625 BA.
1352 2583 1408 2624 aaa
1431 2565 1568 2625 (111110.
1593 2567 1646 2625 Jlr.
1669 2568 1807 2626 111111.
1831 2569 1871 2627 Η.
1896 2569 1934 2627 Η.

389 2671 453 2730 aad
475 2670 677 2731 Stootaarehiu
697 2688 738 2729 aa
760 2670 846 2729 Wiea
868 2667 929 2748 (Α).

390 2826 590 2906 (Karmara)
612 2826 754 2896 Jrauor'o,
777 2824 855 2883 Aah.
879 2828 943 2884 178
964 2830 998 2881 a⁰
1021 2827 1071 2883 64.
1095 2857 1137 2867 -
1159 2824 1288 2882 Bolsmer
1308 2825 1382 2896 neq.
1406 2827 1479 2884 127.
1502 2856 1545 2867 -
1568 2822 1695 2897 Stwmps
1713 2825 1783 2897 Itey.
1809 2828 1881 2884 123.

388 2984 492 3043 Dictat
514 2983 564 3041 des
586 2981 654 3040 BA.

392 3186 451 3267 (O.)
475 3184 489 3265 ξ
510 3184 550 3248 11
571 3185 703 3248 nomine
726 3193 858 3247 sanctae
882 3194 914 3247 et
935 3182 1101 3267 individue
1124 3185 1286 3248 trinitatis.
1326 3182 1403 3248 Otto
1421 3183 1531 3247 divina
1546 3185 1748 3268 propiciante
1765 3183 1937 3248 clementia

206 3289 244 3341 ²0
272 3307 354 3355 rex.
457 3288 594 3353 Noverit
623 3287 765 3350 omnium
794 3285 938 3350 fidelium
967 3296 1153 3350 nostrorum
1182 3295 1250 3350 tam
1280 3288 1478 3371 presentium
1508 3308 1605 3371 quam
1634 3286 1732 3349 etiam
1754 3286 1935 3350 futurorum

274 3410 443 3476 persona,
471 3390 486 3475 ξ
514 3390 652 3476 qualiter
680 3412 739 3475 per
766 3391 982 3453 interventum
1003 3388 1199 3453 venerabilis
1222 3399 1255 3453 et
1277 3389 1387 3453 dilecti
1410 3389 1502 3453 ducis
1524 3390 1626 3452 nostri
1648 3388 1814 3452 Pertholdi
1841 3412 1935 3475 quas·

277 3495 362 3561 dam
390 3518 442 3560 res
471 3496 679 3580 proprietatis
707 3503 838 3556 nostrae
867 3494 901 3555 in
924 3489 1111 3555 Carantana
1138 3494 1271 3576 regione
1302 3493 1380 3555 sitas
1412 3490 1471 3555 sub
1501 3493 1655 3575 regimine
1682 3492 1851 3557 Vuerianti
1875 3514 1934 3576 pro

276 3599 429 3663 remedio
455 3599 582 3662 animae
604 3606 734 3662 nostrae
759 3596 825 3659 adl
848 3595 980 3659 domum
995 3593 1047 3657 dei
1064 3616 1146 3679 quae
1163 3606 1213 3659 est
1228 3604 1417 3660 constructa
1433 3593 1604 3659 inhonore
1619 3593 1735 3659 beatae
1751 3602 1783 3658 et
1802 3605 1934 3659 sanctae

281 3702 336 3767 dei
358 3703 527 3786 genitricis
552 3701 687 3781 Mariae,
710 3699 765 3763 ubi
794 3697 992 3764 Gotebertus
1016 3699 1269 3784 chorepiscopus
1293 3720 1422 3783 preesse
1445 3695 1635 3780 dinoscitur,
1658 3699 1691 3761 in
1714 3697 1788 3763 loco
1805 3699 1935 3764 Budist-

209 3802 256 3857 25
283 3806 363 3870 dori
388 3808 575 3887 nominato,
606 3804 640 3868 id
669 3815 718 3867 cst
746 3802 867 3867 hobam
897 3824 995 3866 unam
1023 3801 1252 3866 dominicalem
1275 3823 1376 3887 prope
1399 3812 1431 3865 et
1454 3811 1613 3887 oportune
1637 3801 1746 3866 domui
1770 3803 1822 3866 dei
1846 3802 1935 3867 adia·

284 3920 414 3973 centem
429 3931 504 3973 cum
520 3907 692 3992 mancipiis
715 3909 749 3970 in
772 3906 885 3970 eadem
908 3905 996 3969 hoba
1018 3914 1095 3968 tune
1118 3902 1197 3968 inibi
1221 3904 1437 3986 manentibus,
1460 3907 1592 3969 nomine
1607 3904 1733 3987 Budist,
1757 3903 1934 3990 Namdrag,

285 4009 464 4093 Zuucvuel,
485 4010 628 4095 Butigoi,
643 4008 854 4091 Dobronega,
877 4009 954 4072 item
968 4007 1179 4093 Dobronega,
1204 4006 1381 4073 Gneouuas
1393 4007 1417 4091 l’,
1441 4019 1472 4072 et
1488 4031 1562 4073 cum
1577 4008 1649 4072 aliis
1664 4010 1836 4092 mancipiis
1852 4030 1935 4093 quae

287 4115 326 4179 de
349 4123 462 4179 nostro
489 4112 593 4176 fiscali
624 4122 714 4177 curte
744 4114 778 4175 in
809 4120 1002 4196 potestatem
1032 4113 1134 4195 ipsius
1164 4110 1304 4175 domus⁰
1332 4110 1383 4175 dei
1418 4113 1593 4194 coniugata
1626 4112 1770 4192 fuerunt,
1804 4113 1935 4175 nomine

286 4216 481 4299 Zemibond,
504 4216 655 4295 Zcorazt,
679 4213 848 4279 curtilibus
870 4214 952 4279 locis
975 4215 1111 4279 edificiis
1135 4216 1221 4297 agris
1245 4216 1346 4298 pratis
1369 4216 1502 4298 pascuis
1525 4212 1665 4278 arbustis
1688 4216 1748 4278 viis
1779 4223 1811 4277 et
1837 4215 1934 4277 inviis

235 4335 271 4389 ³0
289 4322 424 4407 quesitis
439 4329 472 4384 et
489 4317 699 4403 inquirendis,
722 4328 754 4381 et
776 4339 851 4381 cum
875 4319 961 4382 omni
983 4319 1167 4400 integritate
1190 4316 1233 4380 ad
1255 4316 1392 4381 eandem
1413 4315 1533 4380 hobam
1557 4317 1625 4380 iure
1647 4315 1882 4401 pertinentibus
1901 4318 1934 4381 in

287 4425 517 4509 proprietatem
547 4431 737 4506 perpetuam
766 4420 959 4484 tradidimus
988 4430 1020 4483 et
1046 4420 1320 4484 confirmavimus.
1364 4419 1408 4484 Et
1430 4430 1466 4482 ut
1488 4419 1550 4483 hoc
1573 4429 1761 4505 preceptum
1783 4419 1933 4484 fidelibus

287 4529 406 4592 nostris
428 4527 536 4591 verius
559 4523 769 4602 adcredatur,
800 4545 898 4587 manu
920 4532 1033 4586 nostra
1055 4521 1170 4586 subtus
1193 4544 1266 4586 eam
1288 4519 1561 4587 confimavimusd
1584 4522 1735 4607 anulique
1757 4524 1859 4586 nostri
1888 4525 1933 4586 in·

289 4631 455 4715 pressione
478 4627 613 4712 sigillari
641 4628 804 4690 iussimus.

389 4790 405 4871 ᾖ
426 4781 561 4866 Signum
584 4781 694 4845 domni
720 4778 849 4845 Ottonis
875 4779 939 4859 (Μ.)
962 4778 1165 4842 invictissimi
1189 4780 1284 4861 regis.
1307 4781 1321 4862 ᾖ

249 4925 274 4974 ss
388 4904 514 4986 {Brun
536 4899 749 4965 cancellarius
773 4899 922 4963 adviccm
944 4896 1071 4962 Herolti
1094 4897 1369 4984 archicappellani
1392 4901 1578 4982 recognovi.
1602 4901 1616 4983 ξ
1637 4900 1693 4978 (SI.
1717 4900 1768 4978 1).)
1848 4900 1932 4979 (SR.)

388 5084 478 5148 Data
496 5101 531 5148 11.
548 5105 623 5147 non.
640 5083 720 5146 iunii
739 5103 825 5145 anno
845 5080 1005 5164 dominice
1027 5082 1261 5146 incarnationis
1285 5095 1476 5162 nccccxnv,
1499 5079 1676 5144 indictione
1702 5057 1754 5159 nl,
1777 5088 1932 5161 regnante

289 5187 409 5253 Ottone
430 5188 576 5273 piissimo
600 5208 676 5271 rege
699 5207 785 5249 anno
810 5201 904 5266 V11113
927 5195 1036 5249 actum
1059 5183 1258 5264 Talehum⁰;
1281 5184 1314 5246 in
1337 5182 1468 5247 domino
1492 5203 1597 5246 amen.

387 5390 429 5443 Ob.
491 5390 551 5459 elta]
655 5391 682 5452 a)
703 5388 736 5452 0,
752 5389 822 5453 fehlt
839 5392 869 5440 ia
885 5389 936 5441 AB
1038 5389 1067 5450 b)
1085 5389 1120 5451 B,
1140 5394 1293 5455 nuncupato
1310 5385 1361 5437 AO
1452 5390 1476 5449 1)
1495 5383 1555 5447 AO,
1573 5384 1643 5448 fehlt
1660 5387 1690 5434 in
1706 5385 1734 5436 B
1829 5386 1857 5446 d)
1875 5384 1933 5447 Bc,

243 5528 273 5575 4⁰
458 5462 565 5580 Ebur
583 5466 609 5511 et
627 5459 748 5511 iubemus
763 5457 835 5522 fehlt
852 5461 881 5508 in
898 5460 921 5509 A
1020 5458 1046 5519 s)
1064 5456 1121 5521 Be,
1138 5458 1246 5524 propria
1263 5456 1286 5506 A
1381 5455 1402 5517 i)
1421 5457 1503 5506 Bruni
1514 5453 1591 5505 Aac
1685 5457 1713 5521 g)
1731 5455 1933 5521 recognovimus

391 5646 433 5703 ⁸7.
461 5645 571 5716 [Uhlirn]
670 5650 697 5710 a)
715 5647 750 5698 ad
767 5646 821 5710 111
830 5645 919 5699 aaa»
1015 5650 1044 5711 1))
1062 5664 1132 5716 naga
1149 5648 1292 5700 Gneouuas
1311 5645 1373 5696 iiber
1389 5645 1438 5696 aar
1454 5644 1525 5696 Zeila
1540 5643 1727 5711 saequreqan
1828 5645 1854 5710 1)
1872 5644 1933 5695 dom

456 5717 519 5768 uoar
535 5715 583 5768 dar
593 5716 664 5767 Zeila
680 5715 867 5780 acebpquau
955 5718 982 5779 d)
1001 5717 1024 5768 A
1129 5718 1154 5779 e)
1172 5733 1217 5766 um
1234 5716 1327 5779 omniq.
1344 5730 1392 5764 aas
1410 5717 1469 5765 aim.

1669 5816 1727 5877 19*
