4500 6420
949 466 1073 527 ΟΤΤΟ
1095 470 1120 528 Ι.
1144 465 1217 529 965.
1841 462 1905 528 417

262 659 387 711 munifica
414 660 537 727 largitate
565 661 685 728 ecclesiis
713 662 756 713 dei
783 680 831 728 pro
857 670 999 729 augmento
1021 665 1065 715 vel
1087 665 1258 730 ampliatione
1281 666 1422 717 earundem
1445 667 1523 717 utilia
1544 667 1622 718 simul
1646 674 1672 719 et
1693 669 1831 720 commoda
1853 671 1907 719 sint

263 764 360 813 collata
381 765 508 827 subsidia,
535 765 605 816 unde
627 771 654 816 et
675 767 703 815 in
725 769 767 816 sui
789 771 874 818 status
897 770 1088 834 tranquillitate
1110 770 1267 820 roborentur
1289 775 1316 820 et
1337 771 1371 820 ab
1395 773 1552 822 irruentium
1574 774 1737 823 extrinsecus
1759 773 1905 823 infestatio-

263 884 326 917 num
348 868 477 920 molestiis
499 871 667 920 muniantur:
693 870 792 921 idcirco
815 878 876 920 nos
898 879 1021 938 respectu
1044 873 1150 924 divinae
1172 875 1391 924 remunerationis
1413 891 1442 937 s,
1465 891 1512 939 pro
1535 876 1650 926 remedio
1674 878 1777 926 animae
1800 882 1905 926 nostrae

263 972 427 1038 dilectaeque
451 975 571 1040 coniugis
593 980 698 1025 nostrae
720 974 874 1025 Adalbeidis
896 975 997 1041 filiique
1019 978 1103 1026 nostri
1126 978 1254 1027 carissimi
1276 977 1396 1040 Ottonis‚
1419 995 1466 1042 pro
1495 984 1566 1029 statu
1594 996 1700 1045 quoqne
1728 975 1761 1030 et
1782 964 1905 1030 incolo·

230 1062 376 1125 smitate
405 1079 480 1142 regni
507 1079 550 1128 vol
580 1079 684 1143 imperii
711 1081 794 1129 nostri
823 1073 1001 1130 mereatum
1029 1066 1062 1129 in
1090 1064 1320 1150 Magadaburg
1342 1074 1374 1130 et
1396 1076 1561 1131 monetam
1585 1089 1761 1154 omnesque
1787 1067 1905 1132 telonei

263 1179 365 1229 fructus
394 1180 437 1230 vel
465 1196 560 1231 usuras
588 1199 695 1248 quoquo
724 1183 801 1233 modo
824 1184 867 1233 vel
890 1199 907 1234 a
928 1185 1034 1248 navigio
1058 1184 1176 1234 advectis
1198 1185 1241 1235 vel
1268 1185 1394 1249 plaustris
1416 1184 1457 1235 vel
1487 1187 1603 1235 carrucis
1625 1186 1668 1236 vel
1695 1187 1906 1252 quibuscumque

263 1283 393 1332 vehiculis
422 1285 544 1335 adductis
573 1287 629 1336 sive
658 1286 691 1336 ab
723 1288 857 1352 equitibus
884 1288 926 1337 vel
955 1287 1089 1352 peditibus
1118 1288 1160 1337 vel
1189 1289 1379 1354 cuiuscumque
1407 1288 1478 1338 modi
1504 1294 1551 1338 aut
1573 1288 1732 1339 conditionis
1754 1291 1906 1340 hominibus

232 1389 235 1396 ’
263 1389 511 1451 supervenientibus
539 1389 627 1439 allatis
655 1386 807 1441 mertibus¹¹
835 1390 1009 1456 acquirendas
1037 1390 1080 1440 vel
1108 1391 1275 1455 accipiendas
1298 1406 1345 1441 seu
1367 1391 1493 1456 quicquid
1515 1391 1644 1441 hactenus
1666 1391 1789 1442 utilitatis
1812 1392 1907 1443 exinde

264 1489 298 1538 ad
320 1497 438 1541 nostrum
461 1493 597 1557 publicum
620 1495 662 1543 ins
684 1496 815 1558 pertinere
837 1494 986 1554 videbatur,
1009 1498 1093 1544 totum
1116 1498 1143 1544 et
1165 1510 1197 1544 ex
1219 1495 1322 1560 integro
1346 1494 1395 1545 deo
1418 1500 1562 1561 sanctoque
1583 1496 1713 1545 Mauricio
1736 1498 1763 1545 in
1781 1496 1906 1562 Magada-

213 1592 245 1639 10
263 1594 331 1658 burg
353 1594 486 1645 offerimus
507 1596 716 1647 transfundimus
739 1603 818 1663 atque
841 1598 984 1661 donamus,
1015 1604 1046 1649 nt
1067 1599 1137 1648 servi
1160 1598 1202 1648 dei
1225 1597 1268 1649 die
1291 1604 1420 1665 nocteque
1442 1581 1520 1663 ipsib
1542 1605 1687 1665 sanctoque
1709 1600 1835 1650 Mauritio
1858 1601 1906 1650 ibi-

262 1695 320 1746 dem
343 1698 496 1748 famulaturi
519 1715 566 1764 pro
588 1707 732 1767 nostraque
754 1701 888 1752 dominum
911 1701 996 1751 salute
1020 1700 1187 1766 deprecaturi
1208 1701 1308 1766 absque
1325 1701 1408 1751 ullius
1423 1718 1525 1767 semper
1541 1703 1748 1754 contradictione
1766 1721 1783 1752 s
1800 1707 1908 1754 teneant

264 1804 290 1849 et
312 1800 465 1865 possideant
487 1809 513 1853 et
535 1806 590 1853 suis
613 1810 644 1854 ut
671 1804 780 1855 libuerit
807 1806 901 1855 usibus
927 1805 1081 1870 adiungant.
1125 1798 1183 1853 xt⁰
1212 1810 1242 1854 ut
1269 1805 1320 1855 hoc
1348 1812 1454 1856 nostrae
1482 1808 1649 1857 auctoritatis
1677 1812 1831 1873 preceptum
1859 1822 1907 1871 per

262 1920 419 1968 processura
440 1913 588 1974 temporum
612 1910 744 1959 curricula
769 1910 898 1961 inoffenso
926 1910 1023 1975 iugiter
1051 1913 1142 1959 tenore
1169 1909 1308 1974 perduret,
1339 1915 1428 1959 cartae
1456 1910 1535 1959 huius
1564 1911 1759 1975 conscriptione
1787 1910 1908 1960 roborari

262 2008 389 2072 anulique
410 2012 494 2060 nostri
516 2013 688 2075 impressione
710 2013 809 2078 signari
831 2015 964 2075 iussimus,
987 2028 1067 2079 quam
1090 2018 1116 2062 et
1137 2028 1218 2063 manu
1240 2014 1348 2077 propria
1370 2013 1465 2063 subtus
1487 2013 1658 2063 firmavimus.

214 2163 246 2210 rs
365 2145 380 2228 ’ᾖ
402 2139 538 2233 Signum
560 2150 671 2216 domni
695 2151 825 2217 Ottonis
851 2154 916 2233 (Μ.)
939 2153 1051 2236 magni
1073 2160 1106 2215 et
1127 2152 1331 2216 invictissimi
1353 2153 1558 2237 imperatoris
1581 2155 1720 2237 augusti.
1743 2151 1757 2234 R

365 2266 380 2348 d
401 2271 575 2335 Liudolfus
591 2272 805 2337 cancellarius
822 2272 972 2337 advieem
987 2273 1151 2336 Brunonis
1168 2272 1443 2358 archicappellani
1460 2274 1647 2356 recognovi.
1665 2269 1679 2354 ἓ
1696 2273 1778 2354 (SR.)
1796 2273 1853 2354 (SI.
1866 2273 1908 2354 5.)

368 2426 457 2490 Data
481 2444 540 2490 vn.
563 2427 607 2491 id.
631 2427 699 2491 iulii
722 2448 807 2491 anno
832 2426 1015 2492 dominicae
1037 2429 1272 2493 incarnationis
1295 2443 1484 2510 boccum,
1509 2427 1685 2492 indictione
1709 2410 1788 2512 viu,
1820 2452 1905 2494 anno

263 2530 354 2613 regni
379 2527 509 2594 Ottonis
532 2548 622 2614 xxx,
655 2533 782 2616 imperii
809 2530 934 2594 seilicet
963 2549 1036 2614 11113
1070 2540 1179 2597 actum
1208 2531 1507 2615 Magadaburgensi
1538 2531 1678 2617 palati03
1712 2533 1745 2596 in
1775 2532 1906 2598 domino

263 2632 400 2696 feliciter
421 2655 528 2697 amen.

213 2902 246 2950 20
550 2911 552 2914 ⁴
1040 2875 1127 2953 302.

273 3025 352 3103 Otto
380 3030 520 3104 sedenis
545 3030 610 3104 dev
636 3027 879 3126 bisaltbflicben
904 3030 1037 3104 Kircbe
1062 3057 1109 3103 zu
1137 3027 1347 3105 osenbruck
1374 3032 1477 3104 einen
1504 3031 1569 3103 mit
1595 3030 1674 3103 dem
1701 3030 1906 3103 Forstborm

263 3149 417 3248 beleqten
443 3150 559 3224 Wold.
1411 3171 1612 3248 delisburp
1634 3172 1697 3231 965
1721 3171 1790 3231 Jou
1812 3173 1862 3231 15.

366 3360 541 3434 Sammlaaq
563 3361 615 3419 der
636 3361 828 3433 Abest-risten
849 3363 1006 3423 Henselors
1029 3361 1091 3440 (18.
1114 3361 1181 3441 Jh.)
1208 3364 1243 3420 ia
1269 3362 1321 3420 der
1342 3362 1508 3421 Bibliothsk
1536 3363 1586 3422 des
1608 3361 1907 3435 Ratlnppmaasiums

365 3483 405 3523 ru
425 3465 597 3524 Osaobritck
617 3463 677 3543 (B).

212 3641 245 3687 25
371 3620 535 3679 Wnlukind
557 3621 600 3679 ed.
625 3622 755 3680 Meibom
777 3626 840 3682 125
862 3624 1083 3696 ansollstctndip
1105 3639 1162 3680 aus
1185 3620 1346 3692 Absetrdst.
1370 3653 1413 3662 -
1437 3617 1601 3698 (Henseler)
1625 3620 1751 3680 Dissert.
1776 3620 1811 3678 de
1833 3618 1905 3691 dipl.

366 3723 465 3781 Caroli
481 3725 526 3783 M.
543 3728 607 3783 122
622 3742 678 3782 aas
694 3725 760 3782 dem
777 3724 912 3798 Ooptnat
929 3724 991 3806 (B')
1016 3750 1056 3778 =
1080 3725 1183 3783 Moser
1202 3723 1382 3782 Oanobrrtrlo.
1403 3722 1504 3782 Geaclr.
1528 3722 1572 3782 ed.
1593 3730 1616 3793 1,
1636 3717 1680 3793 2⁶,
1701 3726 1719 3782 5
1742 3728 1775 3780 πθ
1790 3727 1841 3792 13,
1867 3746 1906 3772 =

367 3826 512 3896 Sundlroff
535 3827 594 3885 Res
621 3827 784 3901 Osnobrup.
814 3823 858 3898 2⁶,
887 3832 932 3889 22
957 3835 992 3886 n⁰
1014 3834 1070 3898 11,
1102 3851 1141 3879 =
1169 3828 1271 3885 Mliser
1293 3825 1473 3884 Osaobrs'trlr.
1501 3824 1601 3885 (lasela
1632 3825 1675 3883 ed.
1703 3834 1749 3896 11,
1777 3829 1814 3895 2,
1842 3827 1909 3884 227

364 3935 398 3986 a⁰
420 3933 462 3987 13
486 3952 526 3981 =
550 3930 595 3990 ed.
615 3938 672 4000 111,
696 3934 725 4000 4,
749 3933 791 3989 25
814 3936 848 3988 n⁰
870 3935 920 3991 13.
945 3964 987 3975 —
1010 3931 1139 3989 Bdlrmer
1161 3930 1231 4002 nep.
1255 3933 1327 3988 304.
1353 3962 1395 3973 -
1419 3928 1547 4001 Stumpf
1565 3930 1637 4002 seq.
1660 3932 1734 3988 382.

365 4086 546 4146 Aasserlmlb
569 4087 622 4145 der
643 4086 771 4145 Kaoslsi
793 4085 902 4144 dirtirt.

212 4294 245 4338 30
363 4276 377 4356 ᾗ
405 4272 443 4335 ln
476 4273 606 4336 nomine
641 4281 774 4335 sanctae
808 4280 841 4334 et
872 4269 1061 4334 individuae
1095 4271 1258 4334 trinitatis.
1311 4267 1390 4334 Otto
1426 4267 1535 4334 ‹livirm
1568 4270 1699 4335 favente
1733 4270 1907 4335 clementia

263 4379 438 4461 imperator
466 4385 633 4459 augustus.
731 4374 867 4437 Noverit
898 4375 1041 4436 omnium
1069 4371 1214 4435 fidelium
1240 4381 1306 4436 tam
1330 4374 1527 4457 presentium
1551 4396 1648 4459 quarn
1672 4383 1703 4437 et
1725 4374 1907 4438 futurorum

263 4479 430 4560 industria,
455 4478 594 4565 qualiter
610 4500 671 4541 nos
689 4475 702 4558 ἓξ
722 4476 763 4540 ob
782 4478 977 4561 peticionem
1001 4472 1209 4538 dilectissime
1232 4475 1345 4538 matris
1368 4484 1499 4539 nostrae
1514 4474 1681 4540 Mahtildis
1697 4484 1795 4561 atque
1811 4477 1907 4539 inter·

262 4591 393 4646 ventum
409 4580 624 4645 Adhallreidis
644 4581 865 4643 amantissime
886 4580 1034 4661 coniugis
1057 4587 1200 4659 nostrae,
1224 4579 1357 4662 insuper
1378 4579 1476 4641 etiarn
1500 4577 1541 4641 ob
1564 4579 1715 4664 frequens
1739 4580 1906 4642 servitium

261 4687 428 4767 Drogonis
451 4684 646 4749 venerabilis
670 4685 814 4768 episcopi
838 4680 881 4746 ad
905 4679 1216 4764 Osnabruggcnsem
1239 4700 1317 4743 suae
1341 4679 1465 4744 scilicet
1487 4679 1645 4744 ecclesiae
1668 4680 1778 4745 sedem
1805 4679 1906 4765 quod-

211 4809 244 4854 35
263 4791 340 4855 dam
367 4812 480 4853 nemus
508 4788 559 4853 vel
587 4789 744 4852 forestum
775 4787 859 4849 infra
887 4785 968 4849 haec
1001 4784 1077 4847 loca
1106 4784 1219 4847 situm:
1253 4783 1484 4864 Famnuinkil,
1514 4783 1732 4866 Hrutansten,
1765 4782 1905 4865 Angare,

263 4893 404 4975 Osning,
430 4889 561 4971 Sinithi‚
585 4887 826 4972 Bergashauid,
851 4889 1102 4970 Drevanameri,
1126 4886 1324 4968 Etenesfeld,
1347 4888 1539 4971 Diummeri,
1561 4891 1595 4951 iu
1618 4898 1810 4974 perpetuum
1834 4909 1906 4970 pro-

262 4997 409 5081 prietatis
439 5017 532 5060 usum
563 4993 772 5073 donavimus,
806 5015 845 5055 oa
874 4992 1026 5058 videlicet
1054 4994 1181 5056 ratione
1204 5001 1240 5055 ut
1261 4990 1369 5055 nullus
1393 4992 1612 5055 contumatiae
1642 4990 1769 5054 deditus
1792 5010 1905 5053 nemus

262 5099 458 5184 prelibatum
481 5108 592 5161 nostro
616 5094 767 5159 videlicet
790 5094 899 5158 banno
923 5097 1081 5159 munitum
1105 5095 1174 5157 sine
1197 5092 1362 5179 praedicte
1393 5092 1480 5157 sedis
1509 5095 1655 5178 episcopi
1685 5091 1736 5158 vel
1766 5094 1906 5176 pastoris

261 5202 391 5266 licentia
414 5202 521 5267 studio
545 5198 686 5263 venandi
710 5208 766 5262 aut
794 5198 928 5284 aliquod
956 5197 1144 5263 huiusmodi
1170 5200 1342 5282 negocium
1365 5195 1543 5281 peragendi
1567 5204 1754 5280 praesumat
1775 5196 1906 5259 intrare.

210 5323 244 5369 40
262 5306 359 5388 Quod
384 5307 409 5369 si
434 5306 605 5391 quisquam
630 5303 720 5387 parvi
743 5302 888 5387 pendens
911 5303 1126 5386 temptaverit,
1150 5302 1233 5365 sciat
1255 5322 1289 5365 se
1311 5310 1379 5364 tam
1402 5299 1531 5364 divinae
1556 5321 1654 5384 quarn
1668 5307 1701 5361 et
1715 5307 1846 5361 nostrae
1860 5297 1906 5362 ul·

262 5411 359 5473 tionis
379 5408 557 5472 vindictam
574 5407 772 5471 incurrisse*
794 5427 854 5470 nee
870 5428 936 5470 non
952 5403 1097 5469 debitum
1113 5425 1173 5489 pro
1197 5403 1315 5469 delicto
1339 5405 1378 5467 in
1394 5402 1536 5487 regalem
1559 5402 1674 5466 fiscum
1696 5401 1906 5466 redditurum.

348 5579 406 5634 ³01.
434 5578 541 5647 [Sickel]
640 5579 665 5642 a)
682 5575 706 5628 A
801 5579 829 5642 b)
847 5595 865 5644 p
883 5594 949 5627 corr.
967 5593 1015 5627 aas
1032 5578 1058 5639 b,
1070 5577 1163 5641 semar
1179 5577 1213 5626 ist
1229 5574 1298 5625 noct
1314 5577 1366 5641 ipsi
1384 5575 1426 5624 eia
1443 5576 1452 5624 l
1469 5573 1602 5624 menete
1697 5576 1722 5638 c)
1740 5572 1798 5624 lrs'sr
1815 5574 1848 5622 ist
1866 5574 1908 5622 eia

432 5648 529 5699 hieraca
547 5666 561 5699 e
578 5646 719 5709 monem,
736 5646 773 5697 do
791 5646 849 5697 LK.
866 5646 918 5697 dm
935 5644 1094 5712 damtunam
1112 5647 1147 5697 Et
1164 5647 1193 5695 in
1209 5643 1325 5695 ablutor
1343 5643 1423 5693 Weiss
1440 5641 1610 5693 leroorbsbsn
1626 5641 1718 5694 wollte.

348 5732 406 5787 ³02.
433 5732 528 5802 [Foltz]
632 5732 659 5794 a)
676 5730 748 5798 BB‘,
766 5735 930 5786 incursurum
948 5734 984 5785 D.
1002 5734 1131 5786 Heinrich
1143 5741 1175 5784 ιι.
1194 5730 1305 5797 Statuspf
1316 5731 1380 5797 Ray.
1397 5731 1469 5783 1814.

312 5842 538 5887 nummosi
1662 5836 1702 5898 53
