4500 6420
932 460 1055 517 ΟΤΤΟ
1079 462 1102 516 Ι.
1127 458 1200 517 937.

1048 645 1081 718 9.

249 793 328 871 Otto
350 796 590 871 scientiolam
612 797 755 869 Kloster
777 794 814 871 S.
839 798 961 870 Alban
982 798 1038 870 bei
1061 798 1189 870 Maius.
1208 797 1330 870 10111011
1351 796 1436 894 Hos
1452 798 1492 869 ie
1518 795 1885 871 Grosswiuternbeim.

1430 937 1592 1010 Inqelbeim
1614 942 1679 998 937
1700 939 1768 996 Mar
1789 944 1841 999 29.

341 1124 495 1195 Abscbrist
516 1125 710 1198 Kiadliuqers
732 1142 788 1183 aus
811 1124 876 1181 dem
899 1124 985 1182 Eride
1006 1124 1056 1182 des
1085 1127 1135 1183 18.
1160 1123 1212 1183 Jls.
1244 1125 1275 1181 111
1301 1124 1404 1183 masere
1426 1124 1599 1197 Sammlunq
1623 1123 1680 1182 Bu.
1705 1129 1769 1184 137
1785 1143 1819 1198 p.
1843 1129 1885 1185 36

340 1230 431 1288 111111.
457 1228 659 1288 Stuutsarebie
679 1247 719 1286 su
742 1228 883 1286 Munster
906 1226 968 1305 (A).
992 1261 1035 1270 -
1057 1227 1210 1298 Abscbrifl
1234 1227 1346 1287 Salutis
1368 1244 1425 1286 uus
1448 1226 1513 1285 dem
1536 1222 1660 1300 1111111111]
1682 1228 1732 1286 des
1755 1233 1805 1288 19.
1830 1229 1884 1289 Jls.

342 1335 374 1391 ia
396 1333 497 1391 descen
519 1332 589 1390 DI).
614 1333 794 1405 Riupraeicu
817 1331 909 1391 Bur
935 1339 969 1389 a⁰
984 1336 1025 1392 19
1050 1334 1081 1389 in
1104 1332 1156 1389 der
1178 1333 1359 1391 Hubelscbca
1374 1331 1547 1404 Somnum
1568 1350 1609 1389 su
1624 1332 1800 1406 Miltenbery
1821 1331 1884 1411 (B).

338 1469 467 1543 Stamps
484 1469 657 1529 detained.
682 1475 700 1529 5
722 1474 757 1528 11ο
779 1475 799 1531 3
821 1487 877 1528 uus
900 1471 937 1529 A.
964 1504 1002 1514 -
1037 1469 1165 1543 Stamps
1182 1471 1255 1543 nep.
1280 1472 1329 1528 65.

338 1613 423 1673 Nucb
445 1615 526 1670 111111
546 1609 598 1667 der
619 1609 729 1667 olterea
751 1609 814 1666 und
845 1609 997 1682 ollqemeia
1018 1610 1204 1667 serbreitetea
1225 1607 1366 1667 Formeln
1388 1605 1522 1678 versosst.

442 1797 481 1862 ln
509 1799 640 1861 nomine
669 1806 801 1860 sanctae
831 1805 863 1859 et
891 1795 1077 1859 individuae
1106 1796 1268 1858 trinitatis.
1315 1791 1392 1857 Otto
1423 1793 1534 1857 divina
1562 1793 1692 1857 favente
1715 1793 1885 1858 clementia

187 1923 217 1971 10
234 1923 304 1966 rex.
387 1901 523 1964 Noverit
543 1902 685 1964 omnium
707 1899 851 1964 fidelium
874 1909 1058 1962 nostrorum
1083 1908 1148 1961 tam
1171 1899 1368 1981 presentium
1392 1919 1489 1983 quam
1512 1899 1694 1962 futurorum
1716 1897 1885 1981 industria,

235 2003 374 2088 qualiter
402 2025 463 2066 nos
493 2002 534 2066 ob
561 2004 775 2065 interventum
797 2001 987 2083 Richogowi
1015 2010 1127 2063 sancte
1150 1999 1400 2064 Wormatiensis
1430 1999 1565 2063 ecclesie
1596 1998 1789 2064 venerabilis
1818 2003 1884 2085 epi-

235 2109 326 2190 scopi
349 2127 499 2169 necnon
519 2105 680 2168 Hattoni⁸
714 2103 822 2168 dilecti
852 2105 980 2167 comitis
1009 2105 1111 2167 nostri
1142 2102 1301 2188 quasdam
1334 2126 1401 2184 res,
1436 2114 1560 2168 curtem
1588 2103 1713 2168 scilicet
1741 2107 1884 2190 inpage

233 2210 401 2293 Nahgovve
424 2212 456 2273 in
480 2210 636 2273 comitatu
652 2207 838 2272 Eburhardi
861 2208 988 2271 comitis
1012 2209 1044 2270 in
1060 2206 1139 2270 villa
1155 2229 1212 2271 seu
1227 2229 1337 2271 marca
1352 2206 1603 2271 Winteresheim
1619 2230 1660 2271 ex
1676 2207 1756 2271 fisco
1772 2218 1884 2273 nostro

233 2311 454 2396 Ingelenhcim
477 2333 551 2375 cum
575 2309 723 2374 omnibus
748 2312 814 2373 suis
838 2311 1031 2391 attinentiis,
1066 2308 1100 2374 id
1121 2319 1171 2372 est
1192 2310 1366 2394 mancipiis
1389 2308 1525 2374 edificiis
1549 2312 1635 2393 agris
1658 2312 1760 2395 pratis
1781 2312 1885 2374 vineis

185 2419 216 2466 15
234 2415 364 2499 pascuis
388 2412 477 2476 silvis
500 2414 593 2497 aquis
617 2434 815 2497 aquarumve
838 2411 1028 2477 decursibus
1051 2412 1193 2477 exitibus
1216 2423 1248 2476 et
1270 2412 1450 2478 redditibus
1472 2414 1605 2499 quesitis
1624 2423 1656 2477 et
1674 2414 1884 2499 inquirendis,

233 2518 370 2583 ecclesie
400 2520 503 2581 sancti
531 2516 651 2581 Albani
681 2517 758 2580 soris
788 2539 914 2582 murum
939 2518 1129 2601 Magum-ine
1158 2519 1298 2582 civitatis
1329 2527 1514 2582 constructe
1536 2519 1570 2581 in
1593 2519 1760 2601 proprium
1783 2517 1884 2581 dona-

232 2646 315 2688 mus.
353 2622 396 2685 Et
418 2631 453 2686 ut
475 2621 534 2684 hec
556 2631 665 2684 nostro
689 2619 918 2684 auctoritatisb
947 2621 1078 2686 traditio
1111 2623 1144 2684 in
1174 2622 1317 2686 futurum
1346 2622 1440 2686 firma
1463 2624 1505 2685 sit
1527 2630 1558 2684 et
1580 2620 1786 2703 inconvulsa,
1821 2621 1884 2685 hoe

234 2735 421 2811 preceptum
444 2723 605 2788 conscribi
628 2726 780 2787 iussimus
810 2723 985 2808 annulique
1013 2727 1114 2788 nostri
1143 2726 1354 2809 impressione
1384 2723 1588 2788 corroborari
1618 2744 1780 2808 manuque
1810 2745 1883 2808 pro·

234 2832 305 2914 pria
328 2828 442 2894 subtus
463 2828 672 2893 firmavimus.

183 2967 217 3014 20
338 2965 473 3049 Signum
496 2965 618 3031 domini
643 2964 773 3029 Ottouis
798 2966 992 3028 serenissimi
1016 2966 1110 3048 regis.

336 3104 426 3168 Data
448 3122 494 3167 1v.
518 3102 585 3167 kal.
609 3105 686 3168 iunii
711 3125 796 3166 anno
821 3103 1053 3166 incarnationis
1077 3102 1198 3166 domini
1222 3117 1474 3185 Dccccxxxvn,
1498 3101 1675 3166 indictione
1699 3120 1740 3184 κς
1772 3111 1881 3167 aetum

233 3210 266 3271 in
290 3207 509 3293 ingelenheim
532 3206 654 3292 palatio
678 3209 784 3290 regio;
807 3208 839 3270 in
863 3206 914 3270 dei
938 3207 1068 3269 nomine
1092 3228 1196 3270 amen.

1031 3444 1090 3522 10.

242 3602 322 3678 Ouo
344 3602 484 3677 sebendt
506 3604 570 3675 der
591 3601 723 3675 Kircbe
746 3601 805 3674 des
826 3601 859 3674 b.
883 3601 1011 3674 Petris
1033 3626 1078 3673 zu
1100 3599 1238 3673 Worms
1260 3598 1318 3671 die
1342 3597 1503 3672 Basilice
1526 3572 1782 3672 Neunkircben
1803 3596 1884 3670 eund

183 3756 216 3803 as
237 3726 315 3797 eine
336 3721 560 3821 Kduiqsbufe
583 3723 633 3794 im
655 3721 847 3818 Nubepuu.
1425 3757 1586 3830 Imm„
1608 3760 1672 3816 937
1694 3757 1764 3815 M„-
1785 3760 1837 3815 30.

335 3947 467 4008 elenu.
490 3949 630 4007 Wormut.
650 3945 941 4006 descernimus
965 3950 1015 4006 12.
1033 3946 1085 4005 Jlt.
1111 3945 1134 4016 s.
1152 3949 1193 4005 16
1217 3948 1249 4004 ia
1271 3947 1324 4005 der
1344 3947 1371 4004 11.
1388 3946 1555 4005 Bibliothee
1576 3963 1617 4003 sa
1639 3945 1798 4003 Huaaovcr
1819 3941 1880 4022 (O).

336 4085 415 4157 Oria.
437 4084 585 4154 Guelf.1,
608 4087 672 4142 276
695 4081 793 4142 ousG
817 4107 852 4134 =
878 4083 1002 4142 Kremer
1020 4082 1099 4155 Oriy.
1117 4083 1206 4142 Nass.
1225 4087 1256 4153 2,
1282 4085 1322 4142 65
1344 4088 1379 4141 n⁰
1394 4086 1444 4142 13.
1471 4115 1508 4124 —
1533 4082 1662 4140 1161111101
1675 4082 1746 4155 aeq.
1764 4084 1814 4140 77.
1838 4113 1881 4124 -

335 4187 464 4261 Stamps
482 4189 552 4261 neq.
579 4191 628 4246 66.
655 4220 692 4228 -
721 4186 801 4246 Go're
823 4187 1015 4246 Mittelrlrein.
1040 4187 1112 4259 Ray.
1137 4191 1209 4246 894.

333 4326 418 4385 Num
441 4327 522 4384 einer
544 4325 597 4384 der
621 4325 731 4383 6601011
754 4325 817 4383 uad
839 4325 991 4397 ullpemeiu
1012 4326 1197 4384 reroreueten
1220 4325 1359 4384 Formelu
1380 4323 1516 4396 01160101.

180 4526 213 4573 30
436 4510 475 4573 In
508 4512 638 4574 nomine
673 4522 783 4574 sancte
817 4520 849 4573 et
882 4504 1046 4599 individue
1080 4511 1241 4574 trinitatis.
1288 4511 1366 4575 Otto
1401 4511 1511 4575 divina
1544 4512 1674 4576 favente
1708 4511 1881 4575 clementia

230 4636 299 4677 rex.
386 4613 521 4677 Noverit
550 4615 694 4678 omnium
721 4611 867 4676 fidelium
895 4622 1080 4676 nostrorum
1108 4622 1176 4676 tam
1206 4616 1403 4696 presentium
1434 4637 1532 4699 quam
1561 4625 1593 4678 et
1623 4615 1803 4679 futurorum
1832 4616 1880 4678 in-

230 4715 369 4796 dustria,
404 4715 543 4800 qualiter
564 4715 755 4798 Richgouuo
780 4724 891 4777 sancte
914 4714 1163 4778 Wormatiensis
1186 4714 1322 4779 ecclesie
1344 4717 1539 4782 venerabilis
1563 4717 1672 4802 presul
1699 4740 1757 4803 per
1784 4719 1880 4781 inter·

229 4829 361 4883 ventum
384 4817 492 4883 dilecti
516 4821 643 4882 comitis
666 4819 768 4882 nostri
791 4817 965 4881 Eburharti
989 4817 1118 4882 culmen
1141 4820 1321 4883 serenitatis
1343 4830 1453 4884 nostre
1479 4820 1674 4905 imploravit,
1699 4821 1879 4906 deprecans

229 4931 264 4985 ut
286 4944 337 4984 res
361 4920 521 5006 quasdam
542 4923 620 4985 iuris
641 4923 742 4985 nostri
768 4931 880 4985 saneto
904 4921 999 4984 Petro
1029 4920 1179 5004 apostolo
1212 4920 1416 4988 donaremus.
1462 4922 1562 4990 Cuius
1592 4928 1701 5009 itaque
1731 4927 1879 5010 petitioni

179 5047 211 5094 35
229 5026 372 5108 gratuita
394 5034 501 5087 mente
525 5046 692 5088 assensum
720 5024 890 5108 prebentes
919 5024 962 5088 ad
991 5023 1144 5111 reliquias
1175 5027 1278 5089 sancti
1309 5026 1394 5090 Petri
1426 5027 1583 5112 apostoli,
1618 5028 1710 5090 cuius
1740 5025 1879 5090 ecclesia

228 5127 313 5191 infra
334 5150 444 5192 muros
468 5126 649 5190 Wormatie
671 5126 760 5191 urbis
784 5136 971 5192 constructa
994 5137 1057 5209 est,
1092 5129 1144 5191 cui
1173 5131 1314 5212 presenti
1343 5141 1488 5215 tempore
1518 5127 1723 5213 supradictus
1745 5151 1878 5192 venera·

228 5231 303 5296 bilis
326 5231 435 5317 presul
459 5254 588 5316 preesse
612 5232 806 5313 dinoscitur,
831 5232 870 5295 de
893 5232 1050 5297 beneficio
1075 5233 1219 5297 eiusdem
1238 5233 1413 5298 Eburharti
1435 5229 1564 5297 'comitis
1587 5231 1757 5295 basilicam
1780 5249 1792 5293 1
1815 5254 1878 5316 que

228 5335 484 5400 Niuunehiricha
506 5346 657 5417 vocatur,
687 5346 720 5400 ct
748 5338 836 5399 eirea
864 5338 971 5420 ipsam
1000 5334 1173 5400 eeclesiam
1198 5335 1319 5401 hobam
1341 5336 1482 5420 regalem
1504 5357 1602 5400 unam
1624 5336 1658 5398 iu
1682 5356 1766 5418 pago
1790 5333 1877 5398 Nah-

229 5459 335 5522 gouue
358 5440 391 5502 in
413 5438 537 5502 forasto
562 5449 672 5502 nostro
690 5438 836 5521 Wasago
860 5448 1046 5523 nuncupato
1069 5440 1103 5502 in
1126 5441 1281 5503 comitatu
1304 5437 1440 5523 predicti
1456 5437 1631 5501 Eburharti
1655 5438 1689 5499 in
1708 5438 1877 5521 proprium

177 5538 423 5609 redonavimus
447 5563 520 5605 cum
544 5541 693 5605 omnibus
716 5540 793 5606 illuc
816 5541 962 5625 legaliter
983 5541 1235 5626 pertinentibus,
1259 5564 1332 5606 cum
1355 5540 1522 5606 curtilibus
1539 5539 1674 5604 edificiis
1692 5539 1773 5605 loeis
1790 5543 1876 5625 agris

333 5727 358 5782 9.
387 5727 621 5798 [Philippi-roua]
726 5733 751 5793 a)
771 5697 894 5782 Hattonls
911 5730 938 5780 B
1042 5731 1069 5793 b)
1089 5731 1124 5794 B,
1146 5730 1314 5782 authoritatis
1331 5729 1361 5782 A.

278 5836 464 5881 Ksiserurkuudsn
478 5838 496 5881 1.
1631 5820 1669 5877 13
