4500 6420
916 433 1041 492 ΟΤΤΟ
1064 437 1088 494 Ι.
1112 432 1184 492 970.
1809 429 1872 495 545

231 643 297 694 quas
320 634 399 678 autea
420 634 493 679 recta
514 630 566 679 suit
586 645 634 694 per
656 629 790 694 quondam
813 629 944 680 Cristiauo
968 631 1064 680 clerico
1088 635 1115 681 et
1136 631 1214 681 modo
1237 637 1278 681 est
1300 632 1332 681 de
1355 648 1413 682 meo
1442 633 1615 695 dominicato,
1644 650 1699 683 una
1727 651 1786 684 curn
1816 637 1872 699 ipse

233 745 293 780 case
316 736 342 780 et
365 738 434 782 sorte
456 733 484 780 in
507 732 595 782 casale
613 731 770 798 Galognano
793 738 820 782 et
842 733 919 782 modo
943 749 1033 798 regere
1055 734 1161 784 ridetur
1184 750 1231 798 per
1252 735 1373 801 Angnelo
1397 741 1424 785 et
1445 736 1563 787 Iohanne
1586 738 1714 799 massarii,
1737 753 1790 787 una
1813 753 1872 787 cum

231 834 288 898 ipse
310 841 381 885 sorte
403 841 518 901 quatuor
539 837 567 885 in
590 835 676 886 casale
693 836 829 898 Cisiliano,
852 852 906 885 una
928 837 960 886 de
983 839 1039 902 ipss
1062 838 1240 902 suprascripte
1263 843 1333 888 sorte
1355 838 1433 888 modo
1456 841 1557 903 regitur
1579 857 1625 905 pcr
1641 842 1705 902 Leo,
1728 841 1782 890 alia
1805 845 1875 891 sorte

232 939 331 1002 regitur
353 955 400 1003 per
421 940 554 1002 Rotchari,
577 940 655 989 tertia
677 946 747 990 sorte
770 942 869 1006 regitur
891 957 938 1005 per
959 941 1039 991 Adtio
1063 948 1088 991 et
1110 941 1242 1005 Arreperto
1264 944 1390 1007 germani,
1417 947 1511 1007 quarta
1534 949 1603 994 sorte
1626 946 1726 1010 regitur
1748 960 1795 1009 per
1817 945 1872 993 Leo

197 1044 371 1105 emanans,
395 1043 449 1092 alia
471 1048 540 1094 sorte
562 1026 624 1092 imb
647 1044 799 1093 Patriniene
822 1059 874 1108 que
896 1044 973 1093 modo
996 1045 1098 1110 regitur
1120 1060 1168 1109 per
1189 1045 1297 1094 Patriuo
1319 1047 1462 1107 massario,
1488 1053 1541 1096 tam
1564 1049 1742 1112 suprascripte
1764 1062 1824 1097 case
1847 1054 1873 1097 et

231 1151 314 1197 sortes
338 1153 364 1196 ot
385 1148 465 1196 rebus
491 1162 550 1196 eum
574 1148 726 1197 uelamentis
749 1149 804 1197 suis
827 1147 906 1197 cultis
929 1153 999 1197 ortas
1023 1149 1108 1199 vineis
1130 1151 1213 1213 pratis
1237 1150 1336 1213 campis
1359 1149 1432 1198 silvis
1456 1152 1531 1214 aquis
1555 1155 1579 1199 et
1602 1152 1666 1199 rivis
1689 1152 1795 1215 pascuis
1818 1150 1871 1199 cul-

231 1255 287 1299 tum
309 1250 351 1299 rel
374 1251 511 1311 incultum,
535 1252 624 1300 omnia
645 1258 672 1300 et
693 1253 720 1299 iu
744 1251 866 1299 omnibus
888 1250 1001 1314 qualiter
1024 1245 1128 1315 ττττρτεθ
1149 1251 1248 1317 legitur
1269 1252 1317 1300 tibi
1342 1251 1452 1301 ecclesie
1475 1257 1565 1302 sancto
1588 1253 1667 1302 Flore
1690 1254 1718 1301 in
1739 1255 1871 1319 integrum

231 1350 307 1400 trado
331 1357 357 1400 et
378 1351 467 1401 iudico
489 1369 537 1418 pro
560 1355 653 1403 mercis
676 1359 703 1403 et
724 1353 839 1403 remedio
862 1354 949 1403 anime
971 1369 1028 1404 mee
1050 1337 1099 1403 etf
1119 1359 1251 1418 antepono
1274 1355 1322 1404 tibi
1346 1356 1405 1419 ipsa
1427 1370 1489 1404 casa
1507 1362 1533 1406 ct
1551 1362 1620 1406 sorte
1636 1372 1702 1421 quas
1718 1361 1797 1406 autea
1811 1356 1871 1405 dedi

232 1454 327 1504 Altuso
351 1461 376 1504 et
398 1455 510 1505 Iohanni
538 1458 683 1522 germanis,
710 1458 842 1507 constituo
866 1459 915 1507 tibi
937 1459 995 1521 ipsa
1018 1471 1079 1506 casa
1101 1472 1167 1521 quas
1189 1462 1269 1507 antea
1290 1463 1362 1507 recta
1384 1458 1440 1507 stret
1461 1474 1509 1523 per
1530 1460 1663 1524 quondam
1686 1460 1782 1511 Austro
1806 1475 1871 1509 mas·

183 1554 214 1601 10
232 1559 310 1619 sario,
335 1563 361 1607 et
382 1552 437 1606 ing
457 1560 517 1622 ipsa
538 1560 617 1608 vinea
639 1557 690 1608 tine
713 1561 770 1623 ipsa
786 1560 894 1610 Carraia
916 1566 942 1610 et
964 1559 1016 1610 fine
1038 1562 1096 1623 ipso
1112 1560 1241 1609 Lauando
1263 1575 1329 1625 quus
1352 1566 1431 1611 autea
1448 1561 1508 1611 dedi
1523 1546 1723 1628 Hildeganulell
1745 1564 1872 1628 genitrice

232 1675 291 1709 mea
313 1662 359 1725 qui
382 1676 463 1724 supra
486 1661 629 1723 Uuillelmi‚
653 1668 680 1712 et
701 1665 760 1728 ipsa
781 1664 854 1728 petia
876 1663 907 1713 de
929 1668 1000 1713 terra
1022 1664 1048 1711 in
1071 1662 1218 1713 avocabulo
1241 1663 1329 1713 Forne
1352 1669 1378 1712 et
1400 1679 1454 1712 uua
1475 1667 1548 1728 petia
1569 1665 1601 1715 de
1624 1671 1694 1715 terra
1716 1668 1743 1715 in
1762 1666 1872 1730 Campo-

232 1764 285 1814 luci
308 1765 340 1814 de
363 1765 509 1814 modiorum
527 1748 586 1828 ¹seu,
610 1772 636 1817 et
659 1772 790 1831 antepono
813 1768 862 1816 tibi
885 1768 943 1830 ipsa
965 1780 1027 1815 casa
1049 1771 1076 1815 ot
1098 1770 1168 1815 sorte
1190 1781 1242 1831 que
1263 1766 1342 1815 modo
1360 1768 1461 1832 regitur
1479 1783 1525 1831 per
1541 1768 1610 1819 Urso
1625 1769 1779 1819 Patriniene
1794 1785 1872 1833 quem

232 1867 282 1915 tibi
305 1849 399 1917 dabo‘
419 1868 472 1917 alia
494 1874 563 1918 sorte
587 1876 613 1919 et
636 1871 714 1920 rebus
736 1870 808 1936 quod
831 1885 912 1934 snpra
932 1869 1039 1936 legitur,
1070 1884 1121 1934 quo
1144 1873 1207 1917 sunt
1227 1870 1255 1916 in
1278 1869 1365 1918 casale
1386 1869 1548 1935 Patrignone
1571 1876 1597 1920 ct
1618 1873 1645 1920 iu
1669 1871 1824 1936 Campoluci
1847 1877 1873 1920 et

232 1971 260 2018 in
283 1969 410 2021 Cisiliano
434 1978 460 2021 et
481 1987 528 2035 per
551 1974 606 2021 suis
628 1972 780 2034 vocabulis,
808 1974 859 2023 tibi
886 1974 963 2022 beate
985 1972 1064 2022 Flore
1093 1973 1121 2020 iu
1149 1973 1281 2036 integrum
1308 1970 1383 2019 trado
1406 1976 1432 2020 ot
1454 1971 1543 2020 iudico
1566 1988 1613 2036 pro
1636 1989 1721 2022 merce
1745 1980 1771 2023 et
1792 1989 1873 2023 reme·

184 2074 213 2121 15
233 2072 305 2122 dium
328 2075 415 2123 anime
438 2090 494 2124 mee
516 2073 551 2124 ad
572 2080 645 2124 tuam
672 2077 860 2140 proprietatem
889 2075 1035 2137 abendam,
1064 2079 1158 2138 exepto
1189 2074 1367 2138 suprascripto
1394 2075 1550 2138 anteposito.
1590 2075 1645 2124 Aut
1674 2057 1714 2124 sii
1743 2076 1814 2125 ullus
1841 2076 1873 2125 de

232 2175 374 2225 heredibus
403 2178 467 2226 meis
495 2179 618 2227 incontra
639 2178 710 2228 hunc
736 2195 822 2228 meum
844 2179 991 2228 iudicatum
1012 2177 1055 2226 vel
1078 2160 1225 2241 dispositi¹1
1247 2179 1285 2227 ire
1307 2179 1457 2242 inrumpere
1480 2184 1526 2227 urit
1548 2178 1676 2229 disfacere
1700 2186 1747 2229 aut
1767 2186 1873 2229 conteu-

234 2278 294 2328 dere
317 2284 364 2328 aut
385 2279 524 2330 molestare
547 2286 593 2330 arrt
615 2282 732 2331 minuere
756 2282 788 2332 de
811 2283 990 2347 suprascripto
1018 2297 1075 2330 moo
1105 2281 1221 2330 iudicato
1233 2264 1249 2343 ¹,
1278 2285 1342 2330 tuuc
1371 2277 1617 2346 eomprpremittom
1647 2299 1695 2348 ego
1726 2285 1770 2348 qui
1794 2300 1875 2348 snpra

233 2381 392 2431 Uuillelmus
416 2383 544 2433 diaconus
567 2401 627 2434 cum
648 2387 713 2435 meis
736 2385 845 2435 heredes
867 2387 916 2435 tibi
939 2386 1016 2435 beate
1039 2389 1129 2434 sancte
1146 2384 1224 2434 Flore
1241 2389 1267 2435 et
1282 2384 1316 2432 ad
1331 2390 1391 2433 tuos
1413 2388 1526 2433 rectores
1549 2386 1729 2448 suprascripta
1750 2401 1792 2435 res
1814 2401 1873 2434 cum

234 2469 362 2536 omnemb
385 2485 495 2536 edificiis
517 2488 572 2536 suis
595 2503 674 2553 super
696 2504 723 2538 se
747 2489 855 2538 abentes
877 2489 975 2539 ibidem
999 2489 1025 2537 in
1048 2487 1194 2550 propineuo
1217 2486 1276 2536 loc-o
1294 2487 1321 2534 in
1340 2485 1459 2550 duplum.
1496 2486 1567 2535 Ecce
1582 2502 1661 2551 quam
1677 2503 1736 2537 mea
1750 2488 1874 2538 voluutas

183 2585 217 2632 20
235 2586 284 2637 deo
307 2589 394 2652 gratia
414 2588 536 2652 implevi,
565 2589 636 2639 unde
658 2590 729 2639 hunc
751 2605 837 2639 meum
859 2590 977 2639 iudicato
1000 2590 1034 2638 ad
1056 2605 1097 2639 me
1120 2590 1204 2651 lacni,
1233 2588 1346 2653 qualiter
1369 2604 1449 2653 supra
1474 2589 1586 2654 legitur,
1615 2590 1700 2639 Aritio
1723 2592 1825 2641 notario
1849 2595 1876 2641 et

234 2690 342 2738 scabino
371 2691 485 2741 scribere
513 2694 624 2756 rogavit.
668 2693 763 2742 Actum
792 2694 876 2743 Aritio
905 2692 1025 2742 feliciter.
1069 2693 1128 2758 Ego
1151 2691 1310 2742 Uuillelmus
1332 2692 1460 2741 diaconus
1483 2693 1511 2742 in
1533 2708 1585 2742 unc
1608 2696 1734 2759 scriptum
1756 2695 1874 2744 iudicato

234 2792 268 2841 ad
290 2810 331 2843 me
354 2794 425 2843 facto
448 2810 527 2844 mauu
550 2811 609 2844 mea
632 2796 785 2861 subscripsi.
830 2798 884 2846 Leo
907 2797 1014 2846 humilis
1037 2795 1239 2846 archidiaconus
1261 2801 1369 2861 rogatus
1391 2795 1425 2844 ad
1447 2795 1592 2857 Uuillelmo
1621 2799 1695 2846 testis
1721 2799 1874 2862 subscripsi.

234 2896 292 2960 Ego
315 2896 448 2946 Gerolimc
472 2903 580 2961 rogatus
603 2897 636 2946 ad
659 2898 802 2949 Uuillolmo
826 2901 900 2948 testis
922 2900 1075 2963 subscripsi.
1120 2898 1230 2963 Signum
1252 2915 1345 2949 manus
1368 2900 1475 2962 Luponi
1490 2905 1516 2948 et
1531 2899 1620 2964 Ugoni
1641 2895 1727 2950 roitin
1750 2901 1784 2950 ad
1799 2902 1875 2952 Uuil-

233 2998 312 3048 lelmo
341 2999 452 3048 diucouo
475 3007 563 3051 testes.
608 3001 667 3065 Ego
689 3002 773 3050 dritio
797 3004 900 3051 notario
923 3007 950 3051 ot
972 3003 1079 3052 scavino
1102 3002 1174 3051 lrune
1196 3004 1322 3067 scriptum
1345 3004 1462 3054 iudicato
1486 2987 1594 3069 scripub
1618 3009 1644 3054 et
1666 3006 1796 3070 complevi
1818 3005 1875 3054 feli·

183 3097 216 3144 25
235 3104 306 3152 citer.
350 3086 552 3152 Monimemb
580 3090 688 3172 ipsum
718 3098 884 3153 ostensum
912 3099 944 3154 et
972 3089 1014 3154 ab
1045 3089 1157 3155 ordine
1185 3089 1288 3173 lecto,
1323 3093 1513 3175 interrogati
1544 3103 1618 3157 sunt
1648 3095 1709 3177 ipsi
1737 3094 1875 3157 domnus

234 3190 349 3254 Petrus
372 3189 477 3254 abbas
501 3200 532 3255 ot
554 3189 692 3254 Arnulfo
715 3191 815 3256 iudex
841 3203 979 3257 avocato
1007 3215 1066 3256 suo
1095 3203 1126 3257 et
1154 3194 1257 3277 ipsius
1286 3196 1492 3276 monasterii,
1528 3216 1585 3279 pro
1617 3197 1686 3279 quit
1713 3198 1876 3260 monimen

235 3294 340 3376 ipsum
370 3292 566 3357 ostenderat.
613 3292 677 3373 Qui
701 3293 868 3358 dixerunt:
905 3295 1000 3359 ‘Vere
1022 3296 1095 3360 ideo
1119 3295 1170 3359 his
1192 3299 1309 3362 vestris
1332 3296 1537 3382 presentibus
1560 3299 1657 3362 istum
1681 3301 1876 3363 ostensimus

235 3397 413 3475 monimen,
450 3406 485 3460 ut
513 3420 572 3460 nec
603 3397 755 3483 quislibet
784 3397 880 3463 horno
905 3398 1012 3464 dicere
1035 3401 1139 3483 possit
1162 3400 1250 3485 quod
1273 3422 1333 3463 nos
1356 3422 1429 3463 eum
1453 3397 1550 3462 silens
1574 3409 1629 3463 aut
1653 3399 1801 3465 ocultans
1825 3400 1877 3464 vel

235 3498 462 3564 conludiosum
485 3501 528 3565 ad
551 3512 643 3586 parte
666 3502 768 3586 ipsius
792 3503 978 3566 monasterii
1004 3502 1207 3566 abuisscmus
1231 3512 1287 3566 aut
1310 3503 1558 3566 detinuissemus
1582 3510 1615 3565 et
1636 3512 1758 3567 munc⁰
1790 3506 1877 3567 casis

185 3617 219 3665 30
236 3612 268 3665 et
293 3601 390 3667 rebus
419 3602 484 3666 illis
514 3625 576 3688 que
605 3605 639 3667 in
667 3603 782 3668 eedem
810 3604 927 3688 legitur
954 3603 1170 3686 monememb,
1200 3607 1311 3669 iustat’
1339 3606 1402 3668 ista
1430 3604 1593 3683 monimen
1622 3627 1682 3668 nos
1711 3606 1754 3669 ad
1785 3616 1877 3691 parte

235 3706 336 3789 ipsius
361 3708 537 3771 monasteri
561 3717 672 3771 sancte
695 3707 795 3771 Flora
819 3708 953 3773 abemus
977 3719 1008 3772 et
1031 3707 1212 3773 detinemus
1235 3711 1477 3792 proprietatem,
1502 3716 1534 3771 et
1558 3711 1584 3772 si
1606 3707 1758 3793 quislibet
1779 3708 1876 3773 homo

236 3807 393 3872 adversus
416 3831 475 3874 nos
500 3833 556 3875 scu
579 3810 736 3874 adversus
759 3822 850 3895 partc
874 3811 1010 3897 predicti
1034 3813 1221 3877 monasterii
1245 3809 1362 3874 exinde
1385 3809 1500 3894 aliquit
1523 3811 1631 3874 dicere
1654 3810 1708 3874 vul
1721 3820 1744 3891 ⁸1,
1771 3812 1876 3894 parati

237 3911 446 3976 sumusinde
470 3913 649 3977 iuratione
673 3913 895 3995 standumst,
930 3913 1018 3999 quod
1041 3913 1113 3998 plus
1136 3925 1200 3995 cst,
1234 3914 1396 3997 querimus
1426 3923 1462 3976 ut
1490 3912 1602 3976 dicant
1629 3913 1690 3975 iste
1718 3912 1878 3977 Rodulfus

236 4013 303 4077 filio
320 4014 484 4099 quondam
502 4013 637 4080 Sassoni
661 4017 716 4099 qui
738 4016 790 4080 hic
814 4015 857 4080 ad
879 4038 1012 4100 presens
1035 4027 1094 4098 est,
1118 4018 1144 4080 si
1168 4017 1330 4080 monimen
1353 4015 1461 4099 ipsum
1484 4037 1583 4099 quarn
1600 4015 1653 4078 hic
1673 4017 1878 4097 ostensimus,

186 4128 218 4176 35
236 4116 357 4181 bonum
382 4128 414 4182 et
436 4140 530 4182 verus
554 4128 603 4183 est
624 4118 677 4182 vel
702 4121 728 4182 si
752 4118 846 4183 nobis
870 4129 926 4183 aut
948 4122 1031 4204 parti
1056 4118 1192 4204 predicti
1220 4118 1406 4182 monasterii
1430 4118 1495 4180 iam
1519 4115 1596 4180 dicti
1620 4120 1705 4180 casis
1728 4117 1878 4182 strabus

238 4242 300 4305 que
328 4222 360 4284 in
389 4244 427 4284 co
457 4222 573 4306 legitur
601 4224 774 4304 monimen,
805 4222 1031 4287 contradicere
1059 4231 1117 4286 aut
1139 4230 1275 4306 suptrar
1298 4219 1380 4283 vull
1402 4240 1445 4283 an
1469 4220 1556 4283 non!
1591 4217 1645 4283 Ad
1666 4220 1725 4283 hec
1747 4241 1878 4304 respon·

239 4322 318 4386 dens
348 4324 417 4407 ipsc
447 4323 589 4388 Rodulfe
621 4324 711 4389 dixet
740 4333 772 4389 et
800 4324 987 4408 professus:
1024 4324 1118 4388 ‘Vere
1147 4324 1310 4388 monimen
1339 4323 1445 4406 ipsum
1476 4342 1573 4405 quam
1603 4321 1655 4384 hic
1688 4324 1879 4404 ostensistis,

237 4424 359 4489 bonum
382 4436 414 4489 et
435 4449 548 4491 verum
570 4438 619 4492 est
641 4436 673 4492 et
696 4429 805 4491 omnia
827 4429 904 4491 item
927 4450 1038 4491 verum
1062 4437 1110 4491 est
1134 4428 1218 4490 sicut
1239 4428 1273 4489 in
1296 4447 1334 4488 ee
1357 4423 1491 4507 legitur,
1521 4434 1554 4486 ct
1582 4422 1676 4487 vobis
1705 4445 1765 4486 nec
1795 4426 1879 4508 parti

238 4526 374 4612 predicti
404 4531 591 4593 monasterii
623 4539 734 4595 sancte
762 4528 859 4594 Flore
887 4532 953 4592 iarn
984 4529 1079 4592 dictis
1109 4529 1195 4593 casis
1225 4536 1256 4591 et
1286 4525 1436 4590 omnibus
1466 4523 1563 4589 rebus
1592 4525 1624 4587 in
1648 4525 1779 4588 easdem
1806 4524 1879 4588 loce

187 4642 221 4690 40
239 4630 348 4695 casale
372 4628 588 4715 Galengnano
612 4633 698 4696 etin
722 4631 831 4696 casale
855 4630 1011 4695 Cisiliano
1035 4630 1332 4695 etiuPatriniene
1355 4630 1474 4714 quein
1497 4650 1534 4691 eo
1562 4628 1679 4712 legitur
1706 4630 1879 4709 monimen,

239 4755 305 4798 non
328 4733 517 4797 contradico
541 4757 601 4798 nec
624 4735 848 4799 contradicere
872 4757 989 4819 quere,
1025 4736 1102 4819 quia
1124 4755 1198 4797 cum
1220 4732 1292 4817 lege
1314 4753 1380 4797 nou
1404 4752 1594 4815 possumus,
1629 4753 1666 4795 eo
1698 4732 1785 4816 quod
1815 4732 1881 4794 iam

240 4838 334 4902 dictis
357 4840 442 4902 casis
462 4848 494 4901 ct
508 4838 605 4903 rebus
628 4841 768 4924 propriis
791 4838 926 4923 predicti
950 4839 1138 4903 monasterii
1162 4846 1237 4900 sunt
1259 4845 1291 4900 et
1313 4857 1384 4899 esse
1408 4833 1599 4898 debetcum
1622 4833 1703 4917 lege,
1728 4844 1760 4898 et
1782 4833 1880 4898 nichil

240 4939 316 5003 mihi
340 4942 478 5024 pertinet
500 4940 543 5003 ad
567 4940 729 5005 abendum
752 4963 812 5004 nec
834 4942 1064 5026 requirendum
1086 4941 1274 5025 nequircre²³
1298 4937 1400 5002 debeo
1424 4961 1497 5002 cum
1520 4937 1611 5020 lege.²
1647 4937 1691 5000 Et
1707 4935 1883 5022 spopondit

241 5066 275 5107 se
297 5043 367 5126 ipse
389 5042 549 5108 Rodulfus
573 5055 605 5107 ct
627 5044 737 5107 'leuzo
762 5054 794 5107 ct
814 5042 953 5107 Girardo
977 5044 1051 5108 filiis
1075 5043 1165 5108 suist
1187 5042 1343 5107 adversus
1366 5042 1480 5105 Petrus
1504 5039 1608 5104 abbas
1631 5049 1663 5103 et
1685 5039 1729 5102 ad
1744 5038 1880 5103 Amulio

189 5261 221 5309 45
325 5265 383 5320 400.
411 5268 435 5334 c)
452 5266 508 5318 bier
534 5268 589 5319 und
613 5273 702 5334 τρᾶέττ
727 5285 775 5334 sup
804 5269 939 5335 abpelrttnt
1042 5266 1158 5333 timeor
1181 5266 1269 5317 Bucar
1290 5282 1339 5316 eoa
1363 5263 1555 5314 conarere
1656 5263 1683 5329 g)
1702 5277 1778 5312 τττυοτ
1795 5262 1883 5313 Baras

410 5353 459 5387 oon
482 5341 501 5388 4
521 5337 573 5391 con.
599 5339 687 5388 Breite
798 5338 825 5399 bl
844 5338 907 5389 oder
932 5337 1101 5402 Hildcgande
1209 5337 1228 5395 i)
1247 5340 1307 5384 τέττα
1333 5333 1378 5383 dee
1403 5332 1521 5383 dbliclrea
1547 5335 1568 5381 si
1594 5348 1643 5397 ego
1667 5335 1723 5397 ipae
1746 5337 1792 5380 aut
1811 5332 1882 5381 ullus

411 5406 439 5467 ir)
457 5407 607 5472 uldispositi
619 5407 651 5468 A,
669 5407 724 5456 alre
738 5407 779 5457 vcl
793 5407 858 5457 otae
871 5403 1136 5469 Abbrinnnpszeieden
1147 5403 1202 5453 aad
1220 5404 1340 5468 dispositi
1358 5407 1419 5451 stctt
1437 5402 1592 5466 dispositum
1680 5402 1699 5459 l)
1717 5417 1748 5448 aa
1760 5403 1884 5464 ετραπτττ

411 5479 598 5542 presumpserit
700 5478 737 5539 m)
755 5475 842 5525 litem
858 5475 924 5525 aocb
940 5474 1116 5538 mastrucae«
1132 5469 1400 5535 Atmmnqmaten
1416 5469 1478 5519 ater
1501 5475 1590 5518 cratem
1608 5486 1632 5518 m
1735 5470 1764 5532 n)
1783 5469 1806 5519 A
1824 5473 1884 5517 τέττέέ

413 5545 499 5608 regin,
523 5546 607 5610 rogati
708 5547 734 5609 ο)
753 5544 776 5594 Α
793 5550 854 5594 τέαέέ
871 5560 955 5606 nunc,
979 5557 1005 5592 ετ
1016 5541 1085 5605 Ῑοίρέ
1102 5556 1159 5591 eom
1178 5538 1313 5591 Sebreiber
1330 5537 1410 5601 refert
1426 5537 1541 5602 petilqter
1559 5538 1637 5587 rebus
1736 5543 1763 5602 p)
1783 5538 1805 5586 A
1823 5542 1884 5586 τέττα

190 5609 223 5656 50
413 5614 486 5662 iuxta
566 5616 592 5677 q)
611 5612 633 5664 A
652 5619 713 5664 τέττα
730 5615 788 5663 vult
868 5616 890 5674 τ)
908 5612 930 5662 Α
948 5616 1009 5661 τέττα
1027 5609 1179 5660 subtrahere
1261 5609 1283 5671 s)
1300 5605 1322 5657 A
1340 5612 1400 5657 τέττέέ
1418 5624 1467 5656 uec
1486 5609 1589 5671 quirerc
1670 5608 1690 5669 t)
1710 5608 1837 5658 etTeuzo
1850 5632 1883 5641 -

412 5682 466 5729 suis
484 5696 534 5730 eon
551 5682 662 5732 auderes
677 5681 864 5747 pleicbscitiqw
881 5680 963 5731 Hand
979 5679 1041 5729 uter
1057 5678 1104 5729 der
1122 5676 1190 5727 Zeile
1208 5676 1402 5740 mosomum.

294 5781 485 5829 masmunster.
500 5788 518 5831 1.
1622 5781 1662 5841 69
