4298 6414
221 431 264 495 60
816 435 1266 493 KAISERURKUNDEN.

219 621 318 684 etiam
347 630 379 683 et
408 618 566 683 aedificiis
594 620 689 683 terris
722 617 819 682 cultis
849 628 881 681 et
910 616 1040 682 incultis
1073 619 1162 702 agris
1195 617 1298 701 pratis
1331 615 1482 700 campis⁸
1514 614 1648 698 pascuis
1683 611 1776 676 silvis
1808 614 1869 676 viis

219 735 251 788 et
275 726 371 788 inviis
394 722 537 787 exitibus
559 745 599 786 ac
622 721 781 786 reditibus
804 724 961 807 quaesitis
983 731 1017 784 et
1038 719 1254 806 inquirendis,
1291 718 1332 784 ob
1361 729 1514 782 aeternae
1544 717 1713 781 felicitatis
1735 716 1868 780 retribu-

219 829 341 892 tionem
363 827 572 891 aeternaliter
594 828 628 890 in
650 828 883 911 proprietatem
906 824 1110 888 donavimus.
1148 824 1308 887 Iussimus
1323 845 1452 908 quoque
1472 821 1534 886 hoc
1558 831 1773 906 praeceptum
1796 820 1868 884 iude

219 929 397 1012 conscribi,
421 940 581 1016 quatenus
604 930 773 1015 praefatae
796 930 904 993 resin
927 928 999 992 loco
1023 929 1078 1013 qni
1101 927 1220 991 dicitur
1241 926 1444 991 Thiotenhof
1463 927 1545 989 sitae
1568 924 1613 988 ad
1634 923 1865 988 monachorum

219 1033 299 1098 inibi
322 1034 453 1099 domino
478 1036 685 1098 servientium
709 1036 833 1098 victum
855 1043 888 1096 et
908 1033 1062 1095 vestitum
1078 1028 1311 1116 perpetualiter
1324 1030 1516 1094 consistant.
1550 1027 1595 1091 Et
1608 1037 1646 1091 ut
1660 1026 1723 1091 hoe
1740 1037 1894 1091 nostroes

219 1141 424 1203 auctoritatis
447 1148 659 1225 praeceptum
681 1138 805 1202 firmius
828 1137 949 1202 nostris
971 1136 1152 1220 futurisque
1175 1133 1377 1220 temporibus
1406 1131 1582 1214 habeatur,
1611 1129 1735 1195 annulo
1759 1140 1865 1196 nostro

220 1241 335 1306 subtus
358 1241 464 1306 illudl'
486 1243 633 1326 insigniri
656 1242 893 1328 praecepimus.

324 1395 460 1481 Signum
484 1396 606 1461 domini
629 1397 765 1461 Henrici
788 1397 985 1461 serenissimi
1008 1396 1105 1480 regis.

323 1518 437 1585 Simon
459 1521 606 1585 notarius
628 1519 779 1583 advieem
801 1516 968 1582 Hiltiberti
990 1515 1267 1600 archicappellani
1290 1515 1502 1599 recognovi.⁰

323 1675 412 1738 Data
428 1693 464 1739 11.
479 1675 546 1739 kal.
563 1674 617 1738 iul.
634 1697 720 1739 anno
735 1696 813 1738 vero
830 1673 1013 1738 dominicae
1031 1673 1265 1736 incarnationis
1287 1686 1483 1751 Dccccxxx,
1507 1669 1619 1734 indict.
1637 1685 1688 1750 111,
1712 1690 1800 1732 anno
1815 1689 1865 1729 au·
1885 1692 1907 1738 10

221 1787 286 1842 tem
310 1780 506 1844 serenissimi
528 1780 615 1863 regis
638 1780 784 1843 Heinrici
807 1794 860 1859 xl,
883 1787 993 1841 actum
1016 1774 1114 1857 Aliti3
1136 1777 1169 1839 in
1192 1775 1244 1839 dei
1267 1777 1398 1840 nomine
1420 1774 1557 1838 feliciter
1579 1794 1686 1837 amen.

1017 2018 1079 2094 25.

221 2174 395 2247 Heinrich
421 2175 582 2272 bestdtipt
606 2172 685 2245 dem
712 2173 858 2246 Klostec
884 2172 1054 2272 Hersfeld
1079 2172 1137 2244 die
1166 2171 1387 2243 hrrueiinitlit.

1314 2312 1507 2372 Wullbouscn
1530 2315 1593 2370 930
1616 2310 1778 2370 December
1800 2316 1831 2370 1.

325 2502 479 2573 Abscbrist
502 2501 685 2560 Scbniiuclcs
713 2519 770 2559 uus
792 2501 855 2559 dem
879 2501 965 2559 Euda
993 2501 1044 2558 des
1072 2504 1121 2559 18.
1146 2500 1199 2559 Jb.
1231 2501 1261 2557 in
1290 2500 1392 2558 dassen
1413 2499 1669 2572 Deplomutorium
1691 2501 1870 2558 Bassiacum
1888 2519 1915 2565 15

325 2607 382 2664 Bri.
400 2613 417 2665 1
444 2609 476 2664 ia
493 2605 546 2663 der
561 2604 836 2663 qudcsbibliotlicl·
850 2623 889 2662 cu
904 2605 1020 2673 Kusscl,
1044 2622 1101 2661 {iris
1124 2604 1238 2661 (initials
1258 2606 1288 2661 iu
1304 2605 1412 2662 Kusscl
1433 2604 1630 2675 befiudlicirem
1651 2604 1790 2676 Oripiuul
1810 2604 1870 2682 (A).

324 2765 438 2838 Iiouiey
460 2766 493 2821 in
514 2762 589 2821 Actu
613 2764 708 2821 Polot.
734 2768 763 2832 7,
787 2765 850 2821 126
873 2767 907 2818 η’)
930 2764 970 2818 16
993 2761 1065 2833 ary.
1089 2762 1164 2818 ncicb
1187 2760 1379 2833 Mittbciluup
1402 2759 1585 2819 Scituriuckcs
1609 2759 1674 2839 (0).
1700 2793 1738 2802 -
1768 2761 1873 2820 Wenck

325 2869 409 2926 Hess
434 2867 645 2940 Iioadcspcscb.
669 2862 711 2936 3⁶,
734 2869 776 2924 25
799 2871 834 2922 πθ
847 2869 891 2924 27
912 2883 969 2923 otis
992 2869 1077 2924 1798
1100 2867 1131 2921 in
1154 2864 1261 2922 Kusscl
1282 2865 1480 2935 bcfirullicberu
1501 2864 1637 2937 Oripiml
1654 2862 1718 2940 (B).
1739 2898 1776 2907 -
1796 2865 1872 2922 Boii-

324 2990 387 3029 nier
408 2972 480 3043 ch.
505 2974 555 3029 55.
583 3004 620 3012 -
646 2969 774 3042 Stunipf
791 2970 863 3042 Rcy.
887 2974 939 3029 29.

325 3128 386 3186 Mit
408 3127 583 3186 Einscliluss
605 3126 655 3185 des
677 3125 840 3185 Protololls
862 3125 1007 3183 wortliche
1031 3124 1253 3196 il'icdcritoluup
1275 3142 1329 3181 con
1352 3122 1422 3181 DH.
1447 3127 1476 3182 9.
1887 3154 1917 3201 20

327 3315 411 3396 (C.)²
433 3315 472 3378 In
494 3315 623 3378 nomine
647 3322 781 3377 sanctae
804 3321 837 3376 et
858 3310 1047 3376 individuae
1069 3312 1233 3375 trinitatis.
1268 3312 1442 3375 Heinricus
1459 3311 1570 3375 divina
1586 3311 1715 3375 favente
1733 3311 1872 3376 clemen·

222 3422 268 3485 tia
289 3443 359 3484 rex,
447 3434 558 3484 Noverit
572 3435 690 3484 omniurn
705 3432 821 3483 fidelium
837 3437 987 3481 nostrorum
1003 3433 1181 3495 praesentium
1196 3431 1297 3481 scilieet
1312 3438 1339 3480 et
1353 3431 1502 3480 futurorum
1521 3431 1659 3492 industria,
1682 3432 1746 3495 quia
1768 3431 1872 3480 fautore

222 3540 338 3589 omnium
355 3538 460 3588 Christo
481 3540 596 3602 propitio
618 3539 693 3603 regni
714 3535 896 3603 gubernacula
920 3537 1097 3600 suscepimus,
1121 3537 1240 3600 inprimis
1256 3534 1379 3585 volumus
1400 3535 1449 3585 deo
1471 3534 1586 3585 donante
1608 3536 1725 3585 onmium
1748 3535 1872 3585 aeclesia-

223 3662 280 3695 rum
295 3645 354 3693 iura
369 3643 438 3693 infra
453 3658 534 3708 regna
549 3649 640 3693 nostra
655 3642 764 3692 tirmiter
780 3641 906 3690 stabilire.
941 3640 1018 3690 Unde
1034 3641 1143 3690 veniens
1158 3641 1199 3688 vir
1213 3640 1373 3689 venerabilis
1388 3623 1550 3688 Burellart
1565 3639 1649 3688 abbas
1664 3638 1697 3688 de
1712 3641 1873 3689 monasterio

223 3746 408 3798 Herolvesfeld
426 3754 579 3810 nuncupato
595 3746 666 3811 quod
682 3752 721 3796 est
743 3749 923 3796 constructum
939 3745 966 3792 in
984 3744 1084 3793 honore
1102 3752 1252 3793 sauctorum
1268 3743 1449 3808 apostolorum
1465 3741 1579 3791 Simonis
1594 3742 1696 3792 scilicet
1711 3749 1737 3792 et
1752 3725 1873 3793 Tatbeil'
1890 3749 1919 3797 25

224 3853 361 3916 sanctique
378 3850 506 3900 Wicberti
522 3850 689 3911 confessoris,
706 3866 765 3898 cnm
782 3848 984 3897 inmunitatibus
1000 3862 1016 3896 a
1032 3832 1268 3916 gloriosissimo
1292 3848 1343 3896 sibi
1359 3847 1459 3897 Karolo
1475 3849 1631 3910 imperatore
1646 3849 1755 3912 suisque
1771 3863 1874 3898 sueces-

224 3957 330 4006 soribus
345 3955 478 4004 concessis
493 3955 622 4019 expetivit
644 3953 810 4002 clernentianr
826 3953 899 4017 regni
919 3953 1001 4000 nostri
1020 3950 1129 4000 emrdem
1148 3951 1199 3999 sibi
1217 3967 1233 3999 a
1252 3951 1329 4000 uobis
1349 3951 1452 4016 sibique
1474 3945 1609 4000 subditisc
1631 3951 1768 4001 monacbis
1790 3954 1874 4001 inmu—

223 4061 333 4109 nitatem
355 4057 510 4109 iuconvnlse
532 4056 650 4106 concedi.
696 4055 774 4117 Quod
797 4062 823 4105 et
845 4053 1005 4118 complacuit
1027 4055 1105 4103 uobis
1127 4054 1258 4119 simulque
1281 4057 1398 4104 omnium
1421 4054 1539 4104 fidelium
1562 4063 1711 4104 nostrorum
1738 4056 1873 4105 consultui

223 4163 449 4227 decrevimusque,
472 4162 549 4210 sicuti
574 4159 612 4209 illi
634 4160 746 4224 predicti
767 4165 947 4208 antecessores
967 4160 1050 4208 nostri
1069 4158 1211 4207 salubriter
1229 4165 1424 4220 concesserunt,
1437 4174 1495 4229 „pro
1514 4161 1613 4208 aeterni
1629 4160 1699 4224 regis
1714 4174 1804 4209 amore
1819 4161 1873 4209 ani·

223 4283 333 4333 maeque
349 4272 455 4315 nostrae
470 4265 585 4315 remedio
601 4266 800 4329 inperpetuum
816 4280 863 4328 per
878 4265 965 4311 onmia
981 4279 1134 4312 concessum
1150 4278 1311 4326 permanere.
1349 4263 1384 4311 Et
1400 4269 1429 4311 nt
1444 4262 1508 4311 haec
1525 4265 1654 4312 autoritas
1669 4269 1760 4312 nostra
1775 4263 1874 4313 tirmior
1891 4265 1921 4314 30

223 4371 353 4421 habeatur
368 4375 394 4419 ct
409 4386 457 4434 per
477 4375 596 4433 tempora
617 4368 711 4418 melius
732 4372 916 4429 conservetur,
939 4381 1019 4416 mann
1041 4372 1132 4416 nostra
1146 4367 1241 4415 subtus
1256 4383 1313 4416 eam
1330 4366 1491 4416 finnavimus
1506 4371 1533 4415 et
1547 4366 1628 4416 anulo
1644 4371 1734 4416 nostro
1752 4367 1874 4432 insigniri

224 4477 358 4524 iussimus.

327 4612 463 4697 Signum
487 4611 598 4676 domni
621 4612 767 4677 Heinrici
791 4613 856 4694 (Μ.)
882 4613 1077 4677 serenissimi
1101 4613 1197 4697 regis.

327 4732 481 4796 Folcmar
502 4733 649 4796 notarius
671 4732 820 4798 advicsm
844 4731 1313 4818 Hiltiberti,archicappellani
1336 4732 1512 4816 recognovi
1535 4740 1568 4795 et
1592 4731 1675 4812 (SR.)

328 4888 418 4952 Data
440 4887 507 4952 kal.
532 4888 601 4952 dee.
624 4911 710 4953 anno
734 4890 968 4954 incarnationis
997 4887 1144 4954 domini*¹
1173 4903 1372 4970 Dccccxxx,
1407 4886 1517 4951 indict.
1542 4905 1597 4968 111,
1632 4910 1718 4952 anno
1741 4899 1876 4955 autem‘
1892 4898 1924 4945 35

225 4993 316 5077 regni
344 4993 483 5077 piissimi
509 4993 595 5076 regis
626 4992 772 5056 Heinrici
799 4991 889 5076 xus,
923 5002 1032 5058 actum
1055 4996 1089 5057 in
1111 4991 1351 5076 Uualh[usa]⁸;
1384 4992 1417 5054 in
1441 4988 1561 5055 Christi
1583 4993 1714 5056 nomine
1737 4993 1874 5058 feliciter

225 5092 357 5160 amen.¹²

327 5282 370 5337 24.
397 5282 506 5351 [Ublirz]
593 5285 621 5345 a)
639 5301 670 5335 ac
688 5286 842 5352 propriisA
930 5288 957 5348 b)
977 5285 1083 5338 illucA
1169 5290 1194 5349 c)
1213 5289 1248 5338 Et
1265 5289 1308 5338 hic
1327 5285 1496 5353 appendebat
1513 5285 1647 5351 quondam
1665 5286 1784 5354 sigillum
1802 5286 1834 5339 A.

328 5402 370 5456 25.
398 5405 498 5472 [Gross]
596 5407 623 5467 a)
642 5407 675 5468 B,
687 5406 757 5469 seblt
777 5407 844 5457 init
944 5409 972 5468 b)
992 5407 1025 5467 B,
1044 5407 1198 5458 TlratheiA
1297 5408 1323 5474 c)
1342 5407 1448 5456 subtilis
1467 5404 1498 5465 A,
1517 5406 1620 5456 snbdtis
1639 5407 1665 5456 B
1756 5407 1785 5469 d)
1803 5425 1874 5460 anuo

398 5493 432 5541 ab
451 5479 565 5543 inserui—s
578 5491 610 5550 A,
629 5510 653 5543 a.
672 5494 706 5542 ab
724 5495 918 5544 incantacionis
932 5494 965 5554 B,
984 5511 1009 5542 a.
1027 5493 1061 5543 ab
1080 5497 1261 5544 incarnatione
1280 5494 1419 5545 dominio
1496 5497 1522 5551 ci
1535 5492 1604 5557 fehlt
1622 5495 1649 5541 iu
1670 5493 1694 5543 0
1771 5496 1793 5555 f)
1803 5494 1875 5559 sebit
1892 5501 1926 5549 io

398 5560 474 5677 qqnss
488 5562 679 5692 qqffhieitnirbd
696 5561 758 5611 siber
775 5562 824 5611 dos
840 5561 1047 5613 durcbrtricbens
1066 5570 1153 5613 antem
1168 5569 1260 5627 perstat
1339 5573 1367 5628 g)
1387 5565 1466 5614 Uuul.
1484 5563 1542 5626 AB,
1561 5560 1688 5612 wirino
1754 5564 1783 5623 b)
1801 5568 1829 5615 in
1843 5593 1874 5602 -
