4298 6414
851 459 1082 517 HEINRICH
1104 461 1127 515 Ι.
1152 457 1341 514 927-928.

1073 643 1132 716 17.

296 791 446 897 Heinrich
462 791 614 866 sclaeukt
638 792 717 865 dem
744 793 887 866 Kloster
912 792 951 869 S.
979 795 1100 867 Alban
1128 796 1183 867 bei
1209 795 1336 869 Mainz
1361 798 1438 869 sein
1464 795 1538 871 Get
1563 776 1603 869 in
1629 797 1821 870 Kostbeim.

1430 921 1538 977 Maias
1559 923 1624 980 927
1647 921 1803 978 December
1823 924 1874 982 29.

376 1105 527 1178 Absclrrist
542 1107 736 1180 Kiadliaqers
757 1124 812 1166 aas
835 1108 901 1166 dan
919 1107 1006 1166 Eride
1028 1107 1077 1165 des
1100 1112 1150 1166 18.
1170 1107 1222 1167 Jb.
1247 1110 1280 1165 ia
1301 1107 1403 1167 dassen
1419 1107 1593 1182 Saninalanp
1608 1109 1665 1167 Bd.
1682 1114 1746 1169 137
1762 1128 1795 1182 p.
1813 1113 1854 1168 34
1877 1111 1918 1167 im

375 1211 401 1267 lc.
426 1210 629 1269 Siuatsurcbiv
649 1230 689 1270 aa
711 1213 850 1270 Mbnster
874 1210 937 1290 (A).
969 1245 1010 1254 —
1039 1210 1193 1282 Absrlrrist
1216 1211 1328 1270 Seirotts
1351 1230 1406 1271 aas
1430 1213 1495 1270 dein
1517 1212 1643 1286 Ariana
1664 1215 1712 1272 des
1736 1219 1785 1273 19.
1810 1213 1861 1273 Jb.
1886 1217 1919 1271 in

376 1314 476 1373 dessen
499 1315 569 1373 DD.
593 1316 776 1389 Rinyraaira
798 1315 856 1374 Bd.
882 1319 897 1373 1
921 1320 955 1372 n⁰
978 1315 1149 1374 171818
1171 1314 1348 1373 Hubrlsrlrrn
1372 1315 1545 1389 sarmium
1567 1335 1606 1374 aa
1629 1317 1804 1390 Miltcnberq
1828 1315 1890 1394 (Β).

378 1453 460 1525 Voyel
482 1454 601 1511 Besclrr.
624 1472 680 1511 von
701 1453 824 1513 Nessea
847 1458 909 1512 173
932 1454 979 1510 rit.
1004 1470 1060 1510 (aas
1082 1449 1112 1510 A
1133 1471 1173 1510 aa
1196 1458 1267 1513 928.
1292 1487 1334 1495 -
1362 1453 1562 1511 Friedemuaa
1584 1455 1616 1510 ia
1639 1452 1749 1512 Arellio
1770 1454 1826 1524 fiir
1847 1454 1917 1511 lass.

378 1557 479 1643 Garat
503 1561 531 1626 6,
555 1560 576 1615 8
597 1564 632 1613 n⁰
654 1562 673 1615 9
703 1559 750 1615 cit.
774 1574 830 1614 aas
853 1554 882 1613 A
903 1574 944 1612 aa
966 1560 1038 1615 928.
1062 1590 1103 1598 -
1133 1558 1231 1616 Wuita
1253 1557 1358 1615 Jahrb.
1383 1556 1422 1614 11.
1448 1561 1471 1611 1.
1494 1561 1553 1615 121
1579 1555 1668 1614 Aram.
1692 1555 1850 1616 281811.
1877 1591 1919 1599 —

374 1659 501 1717 Bolemer
522 1658 598 1717 Aeta
619 1660 721 1743 selecta
744 1665 760 1717 1
785 1666 820 1716 a⁰
842 1664 859 1717 1
884 1676 940 1716 trus
963 1657 992 1715 A
1013 1677 1053 1715 aa
1076 1662 1148 1719 928.
1172 1693 1214 1701 -
1238 1659 1365 1731 Sturrrpf
1382 1661 1454 1732 Ray.
1478 1665 1529 1720 20.

373 1797 431 1854 Dic
452 1797 593 1870 Fossam]
615 1797 687 1856 laissi
709 1794 771 1867 aas
790 1796 852 1857 SD.
876 1797 921 1853 als
944 1796 1080 1854 11118181
1101 1797 1261 1855 srbliesscn.

475 1982 514 2047 In
537 1984 667 2047 nomine
691 1991 825 2046 sanetae
848 1991 880 2045 et
902 1982 1089 2046 individuae
1106 1983 1270 2046 trinitatis.
1295 1980 1457 2045 Hernicus
1473 1981 1584 2046 divina
1600 1982 1730 2047 favente
1746 1983 1918 2048 clementia

289 2111 340 2151 rex.
419 2087 557 2152 Noverit
580 2088 723 2150 omnium
746 2085 891 2149 fidelium
914 2096 1098 2150 nostrorum
1122 2088 1319 2170 presentium
1343 2084 1468 2149 scilicet
1490 2095 1523 2148 et
1545 2086 1724 2151 futurorum
1747 2086 1917 2168 industria,

288 2189 408 2274 qualiter
429 2212 491 2253 nos
515 2188 557 2254 ob
581 2191 797 2254 interventum
819 2188 965 2253 fidelium
987 2199 1181 2269 nostrorum,
1205 2188 1381 2253 Hildiberti
1404 2187 1557 2252 videlieet
1571 2188 1762 2273 Maguntinc
1781 2189 1918 2254 ecclesie
2023 2194 2027 2203 “

287 2293 465 2358 venerabilis
494 2293 734 2378 archiepiscopi
762 2317 822 2358 nec
854 2316 919 2356 non
949 2292 1086 2356 Hattoni
1117 2291 1225 2355 dilecti
1256 2292 1384 2356 comitis
1413 2292 1533 2374 nostri,
1568 2291 1727 2377 quasdam
1755 2315 1808 2356 res
1838 2293 1917 2356 iuris

250 2405 273 2451 15
285 2373 388 2479 nisui,
424 2398 457 2462 id
486 2407 537 2461 est
565 2397 713 2482 predium
742 2406 889 2462 nostrum
918 2396 951 2459 in
974 2394 1053 2459 villa
1076 2416 1137 2479 que
1161 2394 1280 2458 dicitur
1302 2391 1460 2477 (lucisne,
1494 2395 1635 2479 inpage
1660 2392 1918 2479 Ounigissundra

285 2502 324 2563 eui
349 2501 516 2585 predictus
544 2500 648 2564 Hatto
679 2523 811 2585 preesse
840 2500 1055 2585 conspicitur,
1090 2520 1164 2562 eum
1194 2497 1344 2562 omnibus
1374 2499 1440 2561 suis
1472 2499 1675 2582 pertinentiis
1703 2501 1736 2562 in
1767 2497 1917 2563 domibus

283 2605 354 2667 areis
372 2606 460 2689 agris
477 2605 581 2668 vineis
605 2603 696 2667 silvis
720 2605 823 2688 pratis
846 2604 971 2687 campis
996 2602 1127 2686 pascuis
1150 2603 1243 2686 aquis
1266 2623 1466 2685 aquarumve
1490 2600 1681 2665 decursibus
1704 2604 1798 2667 terris
1821 2602 1917 2665 cultis

282 2716 306 2769 et
325 2706 456 2770 incultis
477 2709 541 2771 viis
564 2716 597 2770 ct
619 2707 716 2773 inviis
738 2706 882 2770 exitibus
906 2714 938 2768 et
960 2703 1142 2768 redditibus
1165 2705 1300 2788 quesitis
1324 2713 1356 2767 ct
1385 2704 1584 2790 inquirendis
1608 2714 1640 2768 et
1663 2707 1748 2769 omni
1774 2700 1916 2769 irtilitate

280 2832 331 2893 que
352 2810 397 2873 ad
421 2811 506 2875 idem
530 2810 679 2895 predium
702 2810 863 2895 pertinere
886 2807 1075 2890 dinoscitur,
1099 2808 1159 2871 deo
1185 2817 1363 2892 sanctoque
1378 2806 1508 2872 Albano
1524 2788 1616 2871 ¹infra
1632 2809 1765 2871 civitate
1780 2808 1917 2892 Magun-

242 2915 336 2977 101188
360 2936 417 2976 seu
440 2915 510 2976 eius
534 2912 671 2976 ecclesie
695 2912 756 2976 hac
779 2921 893 2976 nostra
914 2909 1074 2995 imperiali
1097 2897 1343 2974 munificentia¹¹
1371 2909 1549 2974 liberaliter
1578 2911 1741 2975 offerimus
1764 2921 1796 2975 et
1818 2911 1917 2976 tradi-

276 3015 374 3079 dimus
397 3026 555 3101 perpetuo
579 3015 823 3100 possidendum.
856 3015 901 3078 Et
923 3023 959 3078 ut
980 3013 1043 3078 hoc
1066 3015 1271 3078 auctoritatis
1294 3024 1404 3079 nostre
1428 3015 1548 3079 donum
1572 3015 1677 3079 eidem
1700 3014 1836 3079 ecclesie
1859 3037 1917 3100 per

275 3141 461 3183 successura
484 3129 632 3205 tempora
654 3120 782 3183 firmum
806 3127 936 3182 1888881
959 3127 991 3182 81
1013 3116 1259 3199 inconvulsum,
1294 3117 1379 3181 hane
1408 3126 1533 3182 cartam
1556 3119 1718 3183 conscribi
1741 3115 1773 3182 et
1795 3119 1915 3183 annulo

273 3233 378 3286 nostro
403 3223 550 3307 insigniri
573 3223 789 3308 precepimus.

368 3360 459 3423 Data
482 3378 528 3423 1v.
551 3359 618 3423 kal.
642 3361 780 3424 ianuarii
803 3381 889 3423 anno
913 3360 1146 3423 incarnationis
1169 3358 1291 3423 domini
1315 3376 1554 3442 Dccccxxvul,
1578 3360 1755 3424 indictione
1777 3378 1805 3440 1,
1829 3383 1914 3424 anno

232 3472 256 3519 15
270 3465 356 3548 regni
379 3486 458 3528 vero
482 3465 568 3548 regis
592 3464 725 3528 Henriei
750 3481 830 3545 V1113
853 3472 962 3527 aetum
985 3464 1171 3548 Maguntie3
1194 3464 1226 3527 in
1250 3462 1301 3526 dei
1325 3464 1464 3527 nomine.

1061 3670 1121 3744 18.

269 3823 441 3897 Heinricb
467 3823 607 3897 seltealet
633 3825 698 3897 der
717 3823 975 3895 Ministerialin
997 3822 1185 3920 Willibarp
1204 3823 1441 3920 Besitaunpen
1465 3824 1504 3894 ira
1522 3823 1697 3904 Eaebova
1714 3822 1794 3895 rand
1811 3822 1914 3893 Men-

265 3945 361 4041 dedi‘·
1426 3981 1598 4038 Dorirnurul
1620 3984 1683 4042 928
1708 3981 1799 4054 April
1821 3985 1870 4039 13.

371 4172 620 4245 Oriciaaldrplem
642 4174 684 4230 im
706 4172 733 4230 lt.
759 4172 960 4231 bimdsurebiv
980 4190 1021 4229 ru
1043 4171 1147 4230 Berlin
1172 4168 1234 4246 (A).

221 4313 249 4360 30
367 4307 1061 4385 Κ811881Α81.0811111111.48028881188
1084 4312 1156 4376 927,
1180 4309 1235 4364 nait
1259 4304 1476 4378 vl1.id.april.
1500 4338 1541 4346 --
1563 4307 1660 4364 Erutb
1676 4304 1737 4364 01).
1760 4307 1912 4382 Quodliab.
2004 4346 2007 4353 -

365 4416 389 4470 2
408 4419 481 4472 892
501 4431 557 4470 (aas
580 4411 610 4470 A
630 4432 671 4470 aa
693 4418 757 4473 927
778 4415 832 4470 mit
855 4414 940 4471 aas.
965 4447 1006 4456 -
1028 4413 1156 4470 Bdbrner
1178 4412 1249 4484 Rea.
1274 4414 1316 4467 18
1338 4428 1378 4467 aa
1400 4412 1472 4468 927,
1496 4443 1538 4451 —
1561 4409 1690 4481 Stampt'
1708 4411 1779 4482 Rea.
1802 4414 1854 4470 21.

370 4549 503 4620 Vert'assi
526 4550 589 4608 uml
609 4552 790 4623 qcsrbrieberr
811 4569 867 4607 roa
890 4550 1000 4609 Simon.

366 4738 426 4817 (C.)
448 4732 463 4814 1
484 4736 523 4800 Ι8
538 4737 668 4800 nominc
686 4746 818 4800 sanctae
835 4745 867 4800 et
882 4735 1069 4800 individuae
1086 4736 1250 4799 trinitatis.
1280 4734 1454 4798 Heinricus
1471 4734 1583 4797 divina
1599 4735 1728 4798 favente
1741 4734 1912 4799 elementia

264 4863 331 4904 rex.
420 4839 579 4903 Noverint
603 4862 714 4903 omnes
737 4838 849 4903 fideles
873 4839 975 4903 nostri
999 4847 1187 4922 praesentes
1211 4838 1337 4902 scilicet
1359 4847 1390 4902 et
1413 4838 1511 4902 futuri
1519 4888 1527 4921 ,
1563 4840 1640 4923 quia
1668 4838 1912 4924 1188888ξί8-

219 4964 249 5012 35
265 4951 447 5006 terventum
469 4940 672 5005 Mahthildae
695 4964 792 5006 carae
814 4943 963 5026 coniugis
986 4951 1117 5005 nostrae
1140 4941 1366 5026 Vuilliburgae
1389 4942 1476 5006 fideli
1496 4953 1632 5007 nostrae
1653 4941 1855 5006 ministeriali
1879 4943 1910 5005 in

265 5049 422 5112 comitatu
444 5046 606 5109 Fridariei
629 5047 663 5109 in
685 5046 764 5110 villa
787 5046 947 5110 Enehcua
970 5045 1058 5109 dicta
1081 5045 1185 5109 hobas
1209 5054 1275 5109 tres
1298 5055 1331 5109 et
1353 5047 1385 5109 in
1407 5044 1486 5108 villa
1509 5045 1661 5129 Mengide
1688 5043 1794 5108 hobae
1816 5045 1911 5108 unius

265 5150 345 5214 duas
375 5158 510 5234 partesl
540 5170 614 5213 cum
643 5147 812 5213 curtilibus
841 5150 999 5214 aediliciis
1028 5148 1200 5231 mancipiis
1230 5149 1324 5212 terris
1351 5147 1447 5211 cultis
1477 5157 1509 5211 et
1537 5147 1667 5211 incultis
1697 5148 1785 5230 agris
1808 5148 1911 5231 pratis

265 5256 390 5338 campis
420 5253 553 5338 pascuis
582 5252 673 5315 silvis
701 5254 796 5336 aquis
825 5274 1025 5336 aquarumve
1054 5250 1245 5316 decursibus
1269 5252 1330 5314 viis
1353 5259 1386 5313 et
1408 5251 1503 5313 inviis
1527 5248 1668 5314 exitibus
1692 5271 1730 5312 ae
1753 5248 1911 5313 reditibus

265 5360 420 5443 quaesitis
443 5367 476 5421 et
498 5357 698 5442 inquirendis
727 5357 940 5441 omnibusque
968 5355 1066 5420 rebus
1094 5356 1222 5439 magnis
1252 5376 1291 5417 ae
1320 5356 1431 5438 parvis
1460 5353 1503 5417 ad
1532 5352 1664 5418 easdem
1693 5351 1797 5416 hobas
1827 5355 1911 5417 iuste

220 5478 250 5525 40
265 5460 471 5546 legitimeque
500 5460 737 5545 pertinentibus
767 5458 975 5524 aeternaliter
1003 5461 1036 5522 in
1066 5460 1233 5543 proprium
1263 5458 1465 5522 donavimus.
1502 5456 1661 5521 Iussimus
1690 5477 1818 5541 quoque
1848 5455 1910 5519 hoe

368 5647 407 5702 17.
434 5647 667 5716 [Philippi-Folia]
770 5650 796 5711 a)
816 5650 1012 5699 munificentiae
1031 5647 1062 5699 A.

261 5800 265 5807 .
368 5750 407 5806 18.
435 5750 541 5819 [sichel]
644 5756 670 5815 a)
690 5754 811 5818 aorriyirt
832 5769 881 5804 aru
903 5753 1000 5805 hobam
1015 5751 1021 5821 Ι
1036 5754 1180 5804 dimidiam.
