<?xml version="1.0" encoding="UTF-8"?>
<!DOCTYPE html PUBLIC "-//W3C//DTD XHTML 1.0 Transitional//EN"
    "http://www.w3.org/TR/xhtml1/DTD/xhtml1-transitional.dtd">
<html xmlns="http://www.w3.org/1999/xhtml" xml:lang="en" lang="en">
 <head>
  <title>
</title>
<meta http-equiv="Content-Type" content="text/html;charset=utf-8" />
  <meta name='ocr-system' content='tesseract 3.04.00' />
  <meta name='ocr-capabilities' content='ocr_page ocr_carea ocr_par ocr_line ocrx_word'/>
</head>
<body>
  <div class='ocr_page' id='page_1' title='image "./conradiiheinric00ottogoog/conradiiheinric00ottogoog_0523.png"; bbox 0 0 4298 6414; ppageno 0'>
   <div class='ocr_carea' id='block_1_1' title="bbox 952 108 1904 173">
    <p class='ocr_par' dir='ltr' id='par_1_1' title="bbox 952 108 1904 173">
     <span class='ocr_line' id='line_1_1' title="bbox 952 108 1904 173; baseline 0.003 -3"><span class='ocrx_word' id='word_1_1' title='bbox 952 112 1076 171; x_wconf 89' lang='grc' dir='ltr'><strong>ΟΤΤΟ</strong></span> <span class='ocrx_word' id='word_1_2' title='bbox 1099 114 1122 168; x_wconf 92' lang='grc' dir='ltr'><strong>Ι.</strong></span> <span class='ocrx_word' id='word_1_3' title='bbox 1148 110 1218 168; x_wconf 85' lang='grc'><em>968.</em></span> <span class='ocrx_word' id='word_1_4' title='bbox 1842 108 1904 173; x_wconf 90' lang='grc'><strong>491</strong></span> 
     </span>
    </p>
   </div>
   <div class='ocr_carea' id='block_1_2' title="bbox 222 291 1905 1002">
    <p class='ocr_par' dir='ltr' id='par_1_2' title="bbox 222 291 1905 1002">
     <span class='ocr_line' id='line_1_2' title="bbox 260 291 1905 384; baseline 0.005 -28"><span class='ocrx_word' id='word_1_5' title='bbox 260 294 448 359; x_wconf 76' lang='lat' dir='ltr'><strong>nominatae</strong></span> <span class='ocrx_word' id='word_1_6' title='bbox 470 292 631 359; x_wconf 90' lang='lat' dir='ltr'><strong>eeclesiae</strong></span> <span class='ocrx_word' id='word_1_7' title='bbox 653 291 907 380; x_wconf 82' lang='lat' dir='ltr'><strong>pertinentibusi</strong></span> <span class='ocrx_word' id='word_1_8' title='bbox 930 302 962 358; x_wconf 88' lang='lat' dir='ltr'><strong>et</strong></span> <span class='ocrx_word' id='word_1_9' title='bbox 985 315 1069 378; x_wconf 92' lang='lat' dir='ltr'><strong>qnae</strong></span> <span class='ocrx_word' id='word_1_10' title='bbox 1092 295 1253 378; x_wconf 90' lang='lat' dir='ltr'><strong>pertinere</strong></span> <span class='ocrx_word' id='word_1_11' title='bbox 1273 294 1433 377; x_wconf 89' lang='lat' dir='ltr'><strong>videntur,</strong></span> <span class='ocrx_word' id='word_1_12' title='bbox 1457 294 1516 359; x_wconf 69' lang='lat' dir='ltr'><strong>utlt</strong></span> <span class='ocrx_word' id='word_1_13' title='bbox 1539 297 1648 361; x_wconf 89' lang='lat' dir='ltr'><strong>omnia</strong></span> <span class='ocrx_word' id='word_1_14' title='bbox 1662 299 1695 361; x_wconf 94' lang='lat' dir='ltr'><strong>in</strong></span> <span class='ocrx_word' id='word_1_15' title='bbox 1712 300 1905 384; x_wconf 89' lang='lat' dir='ltr'><strong>episcopatu</strong></span> 
     </span>
     <span class='ocr_line' id='line_1_3' title="bbox 262 396 1903 484; baseline 0.003 -23"><span class='ocrx_word' id='word_1_16' title='bbox 262 418 319 462; x_wconf 87' lang='lat' dir='ltr'><strong>ssu</strong></span> <span class='ocrx_word' id='word_1_17' title='bbox 340 396 508 462; x_wconf 88' lang='lat' dir='ltr'><strong>Iohannes</strong></span> <span class='ocrx_word' id='word_1_18' title='bbox 536 397 659 464; x_wconf 86' lang='lat' dir='ltr'><strong>ibidem</strong></span> <span class='ocrx_word' id='word_1_19' title='bbox 685 401 859 483; x_wconf 90' lang='lat' dir='ltr'><strong>episcopus</strong></span> <span class='ocrx_word' id='word_1_20' title='bbox 882 397 934 462; x_wconf 91' lang='lat' dir='ltr'><strong>vel</strong></span> <span class='ocrx_word' id='word_1_21' title='bbox 958 419 1165 462; x_wconf 79' lang='lat' dir='ltr'><strong>successores</strong></span> <span class='ocrx_word' id='word_1_22' title='bbox 1189 399 1238 461; x_wconf 87' lang='lat' dir='ltr'><strong>sui</strong></span> <span class='ocrx_word' id='word_1_23' title='bbox 1260 400 1387 484; x_wconf 79' lang='lat' dir='ltr'><strong>ipsique</strong></span> <span class='ocrx_word' id='word_1_24' title='bbox 1410 401 1559 463; x_wconf 87' lang='lat' dir='ltr'><strong>canonici</strong></span> <span class='ocrx_word' id='word_1_25' title='bbox 1583 399 1643 464; x_wconf 85' lang='lat' dir='ltr'><strong>sub</strong></span> <span class='ocrx_word' id='word_1_26' title='bbox 1667 403 1767 465; x_wconf 88' lang='lat' dir='ltr'><strong>nostri</strong></span> <span class='ocrx_word' id='word_1_27' title='bbox 1791 401 1903 467; x_wconf 90' lang='lat' dir='ltr'><strong>mund·</strong></span> 
     </span>
     <span class='ocr_line' id='line_1_4' title="bbox 262 497 1905 585; baseline 0.004 -22"><span class='ocrx_word' id='word_1_28' title='bbox 262 497 353 565; x_wconf 84' lang='lat' dir='ltr'><strong>bnrdi</strong></span> <span class='ocrx_word' id='word_1_29' title='bbox 377 501 515 566; x_wconf 89' lang='lat' dir='ltr'><strong>tuitione</strong></span> <span class='ocrx_word' id='word_1_30' title='bbox 538 501 590 565; x_wconf 89' lang='lat' dir='ltr'><strong>vel</strong></span> <span class='ocrx_word' id='word_1_31' title='bbox 614 501 801 567; x_wconf 83' lang='lat' dir='ltr'><strong>defensione</strong></span> <span class='ocrx_word' id='word_1_32' title='bbox 827 498 1039 585; x_wconf 81' lang='lat' dir='ltr'><strong>[possideant]</strong></span> <span class='ocrx_word' id='word_1_33' title='bbox 1064 521 1137 564; x_wconf 92' lang='lat' dir='ltr'><strong>cum</strong></span> <span class='ocrx_word' id='word_1_34' title='bbox 1162 500 1311 565; x_wconf 90' lang='lat' dir='ltr'><strong>omnibus</strong></span> <span class='ocrx_word' id='word_1_35' title='bbox 1335 523 1446 565; x_wconf 88' lang='lat' dir='ltr'><strong>earum</strong></span> <span class='ocrx_word' id='word_1_36' title='bbox 1469 501 1724 567; x_wconf 84' lang='lat' dir='ltr'><strong>exhibitionibus</strong></span> <span class='ocrx_word' id='word_1_37' title='bbox 1748 514 1779 568; x_wconf 89' lang='lat' dir='ltr'><strong>et</strong></span> <span class='ocrx_word' id='word_1_38' title='bbox 1800 504 1905 569; x_wconf 89' lang='lat' dir='ltr'><strong>redhi-</strong></span> 
     </span>
     <span class='ocr_line' id='line_1_5' title="bbox 262 601 1902 690; baseline 0.001 -21"><span class='ocrx_word' id='word_1_39' title='bbox 262 603 439 670; x_wconf 85' lang='lat' dir='ltr'><strong>bitionibus</strong></span> <span class='ocrx_word' id='word_1_40' title='bbox 462 613 495 669; x_wconf 92' lang='lat' dir='ltr'><strong>et</strong></span> <span class='ocrx_word' id='word_1_41' title='bbox 516 607 683 690; x_wconf 86' lang='lat' dir='ltr'><strong>utriusque</strong></span> <span class='ocrx_word' id='word_1_42' title='bbox 706 626 805 669; x_wconf 87' lang='lat' dir='ltr'><strong>sexus</strong></span> <span class='ocrx_word' id='word_1_43' title='bbox 827 601 960 668; x_wconf 83' lang='lat' dir='ltr'><strong>familiis</strong></span> <span class='ocrx_word' id='word_1_44' title='bbox 984 605 1085 666; x_wconf 88' lang='lat' dir='ltr'><strong>servis</strong></span> <span class='ocrx_word' id='word_1_45' title='bbox 1108 602 1235 666; x_wconf 88' lang='lat' dir='ltr'><strong>ancillis</strong></span> <span class='ocrx_word' id='word_1_46' title='bbox 1259 603 1398 668; x_wconf 89' lang='lat' dir='ltr'><strong>aldionis</strong></span> <span class='ocrx_word' id='word_1_47' title='bbox 1415 614 1446 668; x_wconf 91' lang='lat' dir='ltr'><strong>et</strong></span> <span class='ocrx_word' id='word_1_48' title='bbox 1462 604 1612 669; x_wconf 90' lang='lat' dir='ltr'><strong>aldiabus</strong></span> <span class='ocrx_word' id='word_1_49' title='bbox 1627 605 1795 670; x_wconf 88' lang='lat' dir='ltr'><strong>libellariis</strong></span> <span class='ocrx_word' id='word_1_50' title='bbox 1811 607 1902 672; x_wconf 89' lang='lat' dir='ltr'><strong>char-</strong></span> 
     </span>
     <span class='ocr_line' id='line_1_6' title="bbox 222 705 1904 796; baseline 0.005 -28"><span class='ocrx_word' id='word_1_51' title='bbox 222 717 249 767; x_wconf 73' lang='lat'><strong>5</strong></span> <span class='ocrx_word' id='word_1_52' title='bbox 266 707 386 772; x_wconf 86' lang='lat' dir='ltr'><strong>tulariis</strong></span> <span class='ocrx_word' id='word_1_53' title='bbox 415 709 572 794; x_wconf 87' lang='lat' dir='ltr'><strong>precariis</strong></span> <span class='ocrx_word' id='word_1_54' title='bbox 600 718 634 773; x_wconf 91' lang='lat' dir='ltr'><strong>et</strong></span> <span class='ocrx_word' id='word_1_55' title='bbox 660 706 848 793; x_wconf 87' lang='lat' dir='ltr'><strong>praestariis</strong></span> <span class='ocrx_word' id='word_1_56' title='bbox 878 705 1095 771; x_wconf 84' lang='lat' dir='ltr'><strong>residentibus</strong></span> <span class='ocrx_word' id='word_1_57' title='bbox 1124 718 1156 770; x_wconf 89' lang='lat' dir='ltr'><strong>et</strong></span> <span class='ocrx_word' id='word_1_58' title='bbox 1185 706 1469 772; x_wconf 82' lang='lat' dir='ltr'><strong>commendatoriis</strong></span> <span class='ocrx_word' id='word_1_59' title='bbox 1493 718 1622 772; x_wconf 90' lang='lat' dir='ltr'><strong>etcum</strong></span> <span class='ocrx_word' id='word_1_60' title='bbox 1646 710 1904 796; x_wconf 88' lang='lat' dir='ltr'><strong>omnibusquae</strong></span> 
     </span>
     <span class='ocr_line' id='line_1_7' title="bbox 265 809 1903 896; baseline 0.001 -21"><span class='ocrx_word' id='word_1_61' title='bbox 265 832 345 876; x_wconf 90' lang='lat' dir='ltr'><strong>nune</strong></span> <span class='ocrx_word' id='word_1_62' title='bbox 362 811 548 896; x_wconf 89' lang='lat' dir='ltr'><strong>praelibata</strong></span> <span class='ocrx_word' id='word_1_63' title='bbox 564 811 704 877; x_wconf 88' lang='lat' dir='ltr'><strong>ecclesia</strong></span> <span class='ocrx_word' id='word_1_64' title='bbox 719 810 772 875; x_wconf 92' lang='lat' dir='ltr'><strong>vel</strong></span> <span class='ocrx_word' id='word_1_65' title='bbox 794 811 951 875; x_wconf 90' lang='lat' dir='ltr'><strong>canonice</strong></span> <span class='ocrx_word' id='word_1_66' title='bbox 974 819 1061 874; x_wconf 89' lang='lat' dir='ltr'><strong>tenet</strong></span> <span class='ocrx_word' id='word_1_67' title='bbox 1082 809 1134 873; x_wconf 90' lang='lat' dir='ltr'><strong>vel</strong></span> <span class='ocrx_word' id='word_1_68' title='bbox 1157 812 1290 874; x_wconf 88' lang='lat' dir='ltr'><strong>inantea</strong></span> <span class='ocrx_word' id='word_1_69' title='bbox 1314 809 1374 874; x_wconf 91' lang='lat' dir='ltr'><strong>dee</strong></span> <span class='ocrx_word' id='word_1_70' title='bbox 1399 812 1539 895; x_wconf 88' lang='lat' dir='ltr'><strong>propitio</strong></span> <span class='ocrx_word' id='word_1_71' title='bbox 1564 813 1730 896; x_wconf 80' lang='lat' dir='ltr'><strong>acquirere</strong></span> <span class='ocrx_word' id='word_1_72' title='bbox 1753 815 1903 896; x_wconf 90' lang='lat' dir='ltr'><strong>potuerit,</strong></span> 
     </span>
     <span class='ocr_line' id='line_1_8' title="bbox 267 911 1904 1002; baseline 0.002 -25"><span class='ocrx_word' id='word_1_73' title='bbox 267 936 299 977; x_wconf 88' lang='lat' dir='ltr'><strong>ea</strong></span> <span class='ocrx_word' id='word_1_74' title='bbox 325 916 456 980; x_wconf 83' lang='lat' dir='ltr'><strong>ratione</strong></span> <span class='ocrx_word' id='word_1_75' title='bbox 483 913 638 979; x_wconf 89' lang='lat' dir='ltr'><strong>videlicet</strong></span> <span class='ocrx_word' id='word_1_76' title='bbox 666 923 702 978; x_wconf 92' lang='lat' dir='ltr'><strong>nt</strong></span> <span class='ocrx_word' id='word_1_77' title='bbox 729 913 848 979; x_wconf 89' lang='lat' dir='ltr'><strong>amodo</strong></span> <span class='ocrx_word' id='word_1_78' title='bbox 877 916 1009 978; x_wconf 88' lang='lat' dir='ltr'><strong>inantea</strong></span> <span class='ocrx_word' id='word_1_79' title='bbox 1037 911 1146 978; x_wconf 91' lang='lat' dir='ltr'><strong>nullus</strong></span> <span class='ocrx_word' id='word_1_80' title='bbox 1177 913 1244 977; x_wconf 88' lang='lat' dir='ltr'><strong>dux</strong></span> <span class='ocrx_word' id='word_1_81' title='bbox 1274 913 1417 979; x_wconf 88' lang='lat' dir='ltr'><strong>marchio</strong></span> <span class='ocrx_word' id='word_1_82' title='bbox 1448 936 1558 979; x_wconf 90' lang='lat' dir='ltr'><strong>comes</strong></span> <span class='ocrx_word' id='word_1_83' title='bbox 1587 917 1769 980; x_wconf 86' lang='lat' dir='ltr'><strong>vicecomes</strong></span> <span class='ocrx_word' id='word_1_84' title='bbox 1799 938 1904 1002; x_wconf 90' lang='lat' dir='ltr'><strong>neque</strong></span> 
     </span>
    </p>
   </div>
   <div class='ocr_carea' id='block_1_3' title="bbox 206 1016 1905 2034">
    <p class='ocr_par' dir='ltr' id='par_1_3' title="bbox 206 1016 1905 2034">
     <span class='ocr_line' id='line_1_9' title="bbox 264 1016 1904 1104; baseline 0.001 -21"><span class='ocrx_word' id='word_1_85' title='bbox 264 1017 425 1103; x_wconf 82' lang='lat' dir='ltr'><strong>gastaldio</strong></span> <span class='ocrx_word' id='word_1_86' title='bbox 450 1041 507 1084; x_wconf 88' lang='lat' dir='ltr'><strong>seu</strong></span> <span class='ocrx_word' id='word_1_87' title='bbox 530 1018 666 1104; x_wconf 89' lang='lat' dir='ltr'><strong>quilibet</strong></span> <span class='ocrx_word' id='word_1_88' title='bbox 687 1021 733 1083; x_wconf 90' lang='lat' dir='ltr'><strong>rei</strong></span> <span class='ocrx_word' id='word_1_89' title='bbox 757 1016 909 1103; x_wconf 89' lang='lat' dir='ltr'><strong>publicae</strong></span> <span class='ocrx_word' id='word_1_90' title='bbox 933 1028 1069 1082; x_wconf 90' lang='lat' dir='ltr'><strong>exactor</strong></span> <span class='ocrx_word' id='word_1_91' title='bbox 1091 1039 1148 1081; x_wconf 91' lang='lat' dir='ltr'><strong>seu</strong></span> <span class='ocrx_word' id='word_1_92' title='bbox 1171 1039 1383 1103; x_wconf 90' lang='lat' dir='ltr'><strong>quaecunque</strong></span> <span class='ocrx_word' id='word_1_93' title='bbox 1406 1038 1525 1099; x_wconf 87' lang='lat' dir='ltr'><strong>magna</strong></span> <span class='ocrx_word' id='word_1_94' title='bbox 1543 1019 1744 1103; x_wconf 87' lang='lat' dir='ltr'><strong>remissaque</strong></span> <span class='ocrx_word' id='word_1_95' title='bbox 1762 1041 1904 1103; x_wconf 89' lang='lat' dir='ltr'><strong>persona</strong></span> 
     </span>
     <span class='ocr_line' id='line_1_10' title="bbox 262 1118 1903 1207; baseline 0 -20"><span class='ocrx_word' id='word_1_96' title='bbox 262 1120 451 1207; x_wconf 78' lang='lat' dir='ltr'><strong>praedictae</strong></span> <span class='ocrx_word' id='word_1_97' title='bbox 472 1122 633 1187; x_wconf 90' lang='lat' dir='ltr'><strong>Pennensi</strong></span> <span class='ocrx_word' id='word_1_98' title='bbox 655 1121 812 1186; x_wconf 88' lang='lat' dir='ltr'><strong>eeclesiae</strong></span> <span class='ocrx_word' id='word_1_99' title='bbox 836 1131 869 1185; x_wconf 91' lang='lat' dir='ltr'><strong>et</strong></span> <span class='ocrx_word' id='word_1_100' title='bbox 890 1122 1056 1185; x_wconf 89' lang='lat' dir='ltr'><strong>canonicis</strong></span> <span class='ocrx_word' id='word_1_101' title='bbox 1080 1144 1132 1185; x_wconf 90' lang='lat' dir='ltr'><strong>res</strong></span> <span class='ocrx_word' id='word_1_102' title='bbox 1159 1123 1192 1185; x_wconf 92' lang='lat' dir='ltr'><strong>in</strong></span> <span class='ocrx_word' id='word_1_103' title='bbox 1221 1143 1315 1184; x_wconf 86' lang='lat' dir='ltr'><strong>snam</strong></span> <span class='ocrx_word' id='word_1_104' title='bbox 1344 1118 1557 1204; x_wconf 83' lang='lat' dir='ltr'><strong>potestatem¹</strong></span> <span class='ocrx_word' id='word_1_105' title='bbox 1587 1142 1744 1205; x_wconf 88' lang='lat' dir='ltr'><strong>usurpare</strong></span> <span class='ocrx_word' id='word_1_106' title='bbox 1772 1144 1903 1206; x_wconf 88' lang='lat' dir='ltr'><strong>praesu·</strong></span> 
     </span>
     <span class='ocr_line' id='line_1_11' title="bbox 206 1222 1903 1294; baseline -0.002 -1"><span class='ocrx_word' id='word_1_107' title='bbox 206 1242 244 1294; x_wconf 85' lang='grc' dir='ltr'><strong>ιο</strong></span> <span class='ocrx_word' id='word_1_108' title='bbox 257 1235 330 1292; x_wconf 90' lang='lat' dir='ltr'><strong>mat</strong></span> <span class='ocrx_word' id='word_1_109' title='bbox 359 1248 421 1290; x_wconf 90' lang='lat' dir='ltr'><strong>nee</strong></span> <span class='ocrx_word' id='word_1_110' title='bbox 449 1225 572 1291; x_wconf 89' lang='lat' dir='ltr'><strong>liberos</strong></span> <span class='ocrx_word' id='word_1_111' title='bbox 599 1234 632 1289; x_wconf 87' lang='lat' dir='ltr'><strong>et</strong></span> <span class='ocrx_word' id='word_1_112' title='bbox 661 1223 799 1289; x_wconf 78' lang='lat' dir='ltr'><strong>ancillas</strong></span> <span class='ocrx_word' id='word_1_113' title='bbox 827 1222 975 1288; x_wconf 89' lang='lat' dir='ltr'><strong>aldiones</strong></span> <span class='ocrx_word' id='word_1_114' title='bbox 1007 1232 1040 1288; x_wconf 88' lang='lat' dir='ltr'><strong>et</strong></span> <span class='ocrx_word' id='word_1_115' title='bbox 1065 1223 1215 1288; x_wconf 87' lang='lat' dir='ltr'><strong>aldianas</strong></span> <span class='ocrx_word' id='word_1_116' title='bbox 1247 1223 1368 1287; x_wconf 91' lang='lat' dir='ltr'><strong>ibidem</strong></span> <span class='ocrx_word' id='word_1_117' title='bbox 1399 1232 1638 1288; x_wconf 89' lang='lat' dir='ltr'><strong>commorantes</strong></span> <span class='ocrx_word' id='word_1_118' title='bbox 1669 1224 1841 1289; x_wconf 81' lang='lat' dir='ltr'><strong>molestare</strong></span> <span class='ocrx_word' id='word_1_119' title='bbox 1869 1227 1903 1289; x_wconf 93' lang='lat' dir='ltr'><strong>in</strong></span> 
     </span>
     <span class='ocr_line' id='line_1_12' title="bbox 254 1326 1903 1414; baseline -0.002 -20"><span class='ocrx_word' id='word_1_120' title='bbox 254 1350 383 1413; x_wconf 85' lang='lat' dir='ltr'><strong>magne</strong></span> <span class='ocrx_word' id='word_1_121' title='bbox 406 1329 458 1394; x_wconf 91' lang='lat' dir='ltr'><strong>vel</strong></span> <span class='ocrx_word' id='word_1_122' title='bbox 481 1332 514 1393; x_wconf 89' lang='lat' dir='ltr'><strong>in</strong></span> <span class='ocrx_word' id='word_1_123' title='bbox 539 1351 640 1414; x_wconf 89' lang='lat' dir='ltr'><strong>parve</strong></span> <span class='ocrx_word' id='word_1_124' title='bbox 664 1336 852 1413; x_wconf 88' lang='lat' dir='ltr'><strong>praesumat</strong></span> <span class='ocrx_word' id='word_1_125' title='bbox 872 1348 977 1411; x_wconf 87' lang='lat' dir='ltr'><strong>neque</strong></span> <span class='ocrx_word' id='word_1_126' title='bbox 1001 1326 1044 1389; x_wconf 90' lang='lat' dir='ltr'><strong>ad</strong></span> <span class='ocrx_word' id='word_1_127' title='bbox 1067 1326 1222 1411; x_wconf 89' lang='lat' dir='ltr'><strong>placitum</strong></span> <span class='ocrx_word' id='word_1_128' title='bbox 1247 1347 1358 1391; x_wconf 79' lang='lat' dir='ltr'><strong>comm</strong></span> <span class='ocrx_word' id='word_1_129' title='bbox 1381 1327 1426 1390; x_wconf 90' lang='lat' dir='ltr'><strong>ire</strong></span> <span class='ocrx_word' id='word_1_130' title='bbox 1450 1336 1548 1410; x_wconf 86' lang='lat' dir='ltr'><strong>cogat</strong></span> <span class='ocrx_word' id='word_1_131' title='bbox 1570 1348 1675 1411; x_wconf 91' lang='lat' dir='ltr'><strong>neque</strong></span> <span class='ocrx_word' id='word_1_132' title='bbox 1695 1327 1734 1390; x_wconf 90' lang='lat' dir='ltr'><strong>de</strong></span> <span class='ocrx_word' id='word_1_133' title='bbox 1755 1326 1903 1391; x_wconf 86' lang='lat' dir='ltr'><strong>omnibus</strong></span> 
     </span>
     <span class='ocr_line' id='line_1_13' title="bbox 252 1428 1905 1519; baseline -0.001 -23"><span class='ocrx_word' id='word_1_134' title='bbox 252 1455 347 1519; x_wconf 90' lang='lat' dir='ltr'><strong>quae</strong></span> <span class='ocrx_word' id='word_1_135' title='bbox 364 1432 534 1518; x_wconf 90' lang='lat' dir='ltr'><strong>possident</strong></span> <span class='ocrx_word' id='word_1_136' title='bbox 552 1432 722 1497; x_wconf 86' lang='lat' dir='ltr'><strong>disvestire</strong></span> <span class='ocrx_word' id='word_1_137' title='bbox 740 1439 933 1515; x_wconf 90' lang='lat' dir='ltr'><strong>attemptent</strong></span> <span class='ocrx_word' id='word_1_138' title='bbox 950 1451 1011 1493; x_wconf 89' lang='lat' dir='ltr'><strong>nec</strong></span> <span class='ocrx_word' id='word_1_139' title='bbox 1028 1428 1185 1514; x_wconf 89' lang='lat' dir='ltr'><strong>placitum</strong></span> <span class='ocrx_word' id='word_1_140' title='bbox 1207 1428 1401 1513; x_wconf 84' lang='lat' dir='ltr'><strong>supradictis</strong></span> <span class='ocrx_word' id='word_1_141' title='bbox 1421 1428 1517 1494; x_wconf 89' lang='lat' dir='ltr'><strong>rebus</strong></span> <span class='ocrx_word' id='word_1_142' title='bbox 1532 1477 1539 1492; x_wconf 92' lang='lat'><strong>.</strong></span> <span class='ocrx_word' id='word_1_143' title='bbox 1554 1479 1561 1494; x_wconf 94' lang='lat'><strong>.</strong></span> <span class='ocrx_word' id='word_1_144' title='bbox 1575 1479 1582 1493; x_wconf 94' lang='lat'><strong>.</strong></span> <span class='ocrx_word' id='word_1_145' title='bbox 1597 1479 1603 1494; x_wconf 93' lang='lat'><strong>.</strong></span> <span class='ocrx_word' id='word_1_146' title='bbox 1617 1439 1637 1467; x_wconf 70' lang='lat' dir='ltr'><strong>m</strong></span> <span class='ocrx_word' id='word_1_147' title='bbox 1667 1428 1700 1493; x_wconf 87' lang='lat' dir='ltr'><strong>Si</strong></span> <span class='ocrx_word' id='word_1_148' title='bbox 1718 1432 1790 1515; x_wconf 92' lang='lat' dir='ltr'><strong>quis</strong></span> <span class='ocrx_word' id='word_1_149' title='bbox 1805 1431 1905 1513; x_wconf 86' lang='lat' dir='ltr'><strong>igitur</strong></span> 
     </span>
     <span class='ocr_line' id='line_1_14' title="bbox 251 1531 1904 1619; baseline -0.001 -19"><span class='ocrx_word' id='word_1_150' title='bbox 251 1536 519 1601; x_wconf 84' lang='lat' dir='ltr'><strong>confirmationis</strong></span> <span class='ocrx_word' id='word_1_151' title='bbox 551 1534 667 1618; x_wconf 86' lang='lat' dir='ltr'><strong>[huius]</strong></span> <span class='ocrx_word' id='word_1_152' title='bbox 698 1536 862 1619; x_wconf 79' lang='lat' dir='ltr'><strong>praecepti</strong></span> <span class='ocrx_word' id='word_1_153' title='bbox 886 1556 943 1597; x_wconf 92' lang='lat' dir='ltr'><strong>sen</strong></span> <span class='ocrx_word' id='word_1_154' title='bbox 966 1534 1124 1597; x_wconf 90' lang='lat' dir='ltr'><strong>cessionis</strong></span> <span class='ocrx_word' id='word_1_155' title='bbox 1147 1531 1344 1597; x_wconf 83' lang='lat' dir='ltr'><strong>rnundburdi</strong></span> <span class='ocrx_word' id='word_1_156' title='bbox 1375 1531 1514 1597; x_wconf 86' lang='lat' dir='ltr'><strong>violator</strong></span> <span class='ocrx_word' id='word_1_157' title='bbox 1543 1535 1701 1615; x_wconf 86' lang='lat' dir='ltr'><strong>extiterit,</strong></span> <span class='ocrx_word' id='word_1_158' title='bbox 1731 1533 1904 1618; x_wconf 88' lang='lat' dir='ltr'><strong>culpabilis</strong></span> 
     </span>
     <span class='ocr_line' id='line_1_15' title="bbox 251 1635 1903 1722; baseline -0.002 -17"><span class='ocrx_word' id='word_1_159' title='bbox 251 1638 390 1705; x_wconf 79' lang='lat' dir='ltr'><strong>solvere</strong></span> <span class='ocrx_word' id='word_1_160' title='bbox 413 1648 549 1722; x_wconf 86' lang='lat' dir='ltr'><strong>cogatur</strong></span> <span class='ocrx_word' id='word_1_161' title='bbox 570 1637 658 1703; x_wconf 90' lang='lat' dir='ltr'><strong>mille</strong></span> <span class='ocrx_word' id='word_1_162' title='bbox 679 1637 780 1702; x_wconf 89' lang='lat' dir='ltr'><strong>libras</strong></span> <span class='ocrx_word' id='word_1_163' title='bbox 804 1639 873 1702; x_wconf 90' lang='lat' dir='ltr'><strong>auri</strong></span> <span class='ocrx_word' id='word_1_164' title='bbox 898 1637 1029 1720; x_wconf 85' lang='lat' dir='ltr'><strong>optimi,</strong></span> <span class='ocrx_word' id='word_1_165' title='bbox 1063 1635 1270 1699; x_wconf 90' lang='lat' dir='ltr'><strong>medietatem</strong></span> <span class='ocrx_word' id='word_1_166' title='bbox 1298 1657 1447 1699; x_wconf 87' lang='lat' dir='ltr'><strong>camerae</strong></span> <span class='ocrx_word' id='word_1_167' title='bbox 1475 1646 1606 1700; x_wconf 89' lang='lat' dir='ltr'><strong>nestrae</strong></span> <span class='ocrx_word' id='word_1_168' title='bbox 1638 1646 1670 1700; x_wconf 89' lang='lat' dir='ltr'><strong>et</strong></span> <span class='ocrx_word' id='word_1_169' title='bbox 1698 1636 1903 1701; x_wconf 89' lang='lat' dir='ltr'><strong>medietatem</strong></span> 
     </span>
     <span class='ocr_line' id='line_1_16' title="bbox 206 1741 1903 1831; baseline 0.001 -26"><span class='ocrx_word' id='word_1_170' title='bbox 206 1766 220 1813; x_wconf 80' lang='lat'><strong>5</strong></span> <span class='ocrx_word' id='word_1_171' title='bbox 252 1751 493 1831; x_wconf 87' lang='lat' dir='ltr'><strong>praenarratae</strong></span> <span class='ocrx_word' id='word_1_172' title='bbox 515 1742 677 1807; x_wconf 88' lang='lat' dir='ltr'><strong>Pennensi</strong></span> <span class='ocrx_word' id='word_1_173' title='bbox 700 1741 837 1825; x_wconf 75' lang='lat' dir='ltr'><strong>ecclesie</strong></span> <span class='ocrx_word' id='word_1_174' title='bbox 860 1751 957 1826; x_wconf 91' lang='lat' dir='ltr'><strong>atque</strong></span> <span class='ocrx_word' id='word_1_175' title='bbox 980 1741 1118 1805; x_wconf 88' lang='lat' dir='ltr'><strong>Iohanni</strong></span> <span class='ocrx_word' id='word_1_176' title='bbox 1141 1742 1296 1824; x_wconf 88' lang='lat' dir='ltr'><strong>episcopo</strong></span> <span class='ocrx_word' id='word_1_177' title='bbox 1320 1752 1352 1804; x_wconf 89' lang='lat' dir='ltr'><strong>et</strong></span> <span class='ocrx_word' id='word_1_178' title='bbox 1374 1743 1541 1805; x_wconf 88' lang='lat' dir='ltr'><strong>canonicis</strong></span> <span class='ocrx_word' id='word_1_179' title='bbox 1572 1763 1747 1827; x_wconf 90' lang='lat' dir='ltr'><strong>eorumque</strong></span> <span class='ocrx_word' id='word_1_180' title='bbox 1777 1763 1903 1806; x_wconf 89' lang='lat' dir='ltr'><strong>succes-</strong></span> 
     </span>
     <span class='ocr_line' id='line_1_17' title="bbox 255 1843 1903 1932; baseline -0.002 -20"><span class='ocrx_word' id='word_1_181' title='bbox 255 1846 390 1912; x_wconf 82' lang='lat' dir='ltr'><strong>soribus</strong></span> <span class='ocrx_word' id='word_1_182' title='bbox 414 1847 468 1932; x_wconf 91' lang='lat' dir='ltr'><strong>qui</strong></span> <span class='ocrx_word' id='word_1_183' title='bbox 491 1868 551 1931; x_wconf 92' lang='lat' dir='ltr'><strong>pre</strong></span> <span class='ocrx_word' id='word_1_184' title='bbox 574 1855 720 1930; x_wconf 86' lang='lat' dir='ltr'><strong>tempore</strong></span> <span class='ocrx_word' id='word_1_185' title='bbox 742 1846 871 1909; x_wconf 91' lang='lat' dir='ltr'><strong>fuerint.</strong></span> <span class='ocrx_word' id='word_1_186' title='bbox 918 1843 1015 1924; x_wconf 74' lang='lat' dir='ltr'><strong>Quod</strong></span> <span class='ocrx_word' id='word_1_187' title='bbox 1036 1854 1072 1908; x_wconf 88' lang='lat' dir='ltr'><strong>ut</strong></span> <span class='ocrx_word' id='word_1_188' title='bbox 1093 1846 1201 1907; x_wconf 88' lang='lat' dir='ltr'><strong>verius</strong></span> <span class='ocrx_word' id='word_1_189' title='bbox 1225 1843 1378 1907; x_wconf 91' lang='lat' dir='ltr'><strong>credatur</strong></span> <span class='ocrx_word' id='word_1_190' title='bbox 1401 1843 1651 1930; x_wconf 84' lang='lat' dir='ltr'><strong>diligentiusque</strong></span> <span class='ocrx_word' id='word_1_191' title='bbox 1681 1844 1722 1909; x_wconf 88' lang='lat' dir='ltr'><strong>ab</strong></span> <span class='ocrx_word' id='word_1_192' title='bbox 1754 1844 1903 1909; x_wconf 92' lang='lat' dir='ltr'><strong>omnibus</strong></span> 
     </span>
     <span class='ocr_line' id='line_1_18' title="bbox 258 1947 1780 2034; baseline -0.001 -20"><span class='ocrx_word' id='word_1_193' title='bbox 258 1948 462 2032; x_wconf 85' lang='lat' dir='ltr'><strong>observetur,</strong></span> <span class='ocrx_word' id='word_1_194' title='bbox 485 1971 585 2014; x_wconf 90' lang='lat' dir='ltr'><strong>manu</strong></span> <span class='ocrx_word' id='word_1_195' title='bbox 607 1951 739 2034; x_wconf 87' lang='lat' dir='ltr'><strong>propria</strong></span> <span class='ocrx_word' id='word_1_196' title='bbox 761 1947 953 2015; x_wconf 87' lang='lat' dir='ltr'><strong>roborantes</strong></span> <span class='ocrx_word' id='word_1_197' title='bbox 966 1959 980 1987; x_wconf 82' lang='lat'><strong>¹¹</strong></span> <span class='ocrx_word' id='word_1_198' title='bbox 1003 1947 1113 2013; x_wconf 88' lang='lat' dir='ltr'><strong>annuli</strong></span> <span class='ocrx_word' id='word_1_199' title='bbox 1136 1949 1239 2012; x_wconf 89' lang='lat' dir='ltr'><strong>nostri</strong></span> <span class='ocrx_word' id='word_1_200' title='bbox 1263 1950 1355 2032; x_wconf 86' lang='lat' dir='ltr'><strong>signe</strong></span> <span class='ocrx_word' id='word_1_201' title='bbox 1379 1949 1598 2032; x_wconf 88' lang='lat' dir='ltr'><strong>praecipimus</strong></span> <span class='ocrx_word' id='word_1_202' title='bbox 1621 1948 1780 2013; x_wconf 88' lang='lat' dir='ltr'><strong>reborari.</strong></span> 
     </span>
    </p>
   </div>
   <div class='ocr_carea' id='block_1_4' title="bbox 364 2086 1724 2274">
    <p class='ocr_par' dir='ltr' id='par_1_4' title="bbox 364 2086 1724 2274">
     <span class='ocr_line' id='line_1_19' title="bbox 365 2086 1266 2172; baseline -0.006 -20"><span class='ocrx_word' id='word_1_203' title='bbox 365 2087 502 2172; x_wconf 81' lang='lat' dir='ltr'><strong>Signum</strong></span> <span class='ocrx_word' id='word_1_204' title='bbox 526 2086 648 2152; x_wconf 89' lang='lat' dir='ltr'><strong>demini</strong></span> <span class='ocrx_word' id='word_1_205' title='bbox 672 2086 802 2152; x_wconf 89' lang='lat' dir='ltr'><strong>Ottonis</strong></span> <span class='ocrx_word' id='word_1_206' title='bbox 827 2087 892 2167; x_wconf 87' lang='lat' dir='ltr'>(M.)</span> <span class='ocrx_word' id='word_1_207' title='bbox 916 2087 1027 2170; x_wconf 85' lang='lat' dir='ltr'><strong>magni</strong></span> <span class='ocrx_word' id='word_1_208' title='bbox 1050 2087 1266 2171; x_wconf 88' lang='lat' dir='ltr'><strong>imperatoris.</strong></span> 
     </span>
     <span class='ocr_line' id='line_1_20' title="bbox 364 2187 1724 2274; baseline -0.002 -18"><span class='ocrx_word' id='word_1_209' title='bbox 364 2190 559 2256; x_wconf 89' lang='lat' dir='ltr'><strong>Ambrosius</strong></span> <span class='ocrx_word' id='word_1_210' title='bbox 582 2188 797 2254; x_wconf 89' lang='lat' dir='ltr'><strong>cancellarius</strong></span> <span class='ocrx_word' id='word_1_211' title='bbox 820 2189 968 2255; x_wconf 88' lang='lat' dir='ltr'><strong>advicem</strong></span> <span class='ocrx_word' id='word_1_212' title='bbox 994 2187 1156 2274; x_wconf 80' lang='lat' dir='ltr'><strong>[Huberti]</strong></span> <span class='ocrx_word' id='word_1_213' title='bbox 1171 2198 1189 2226; x_wconf 72' lang='lat' dir='ltr'><strong>m</strong></span> <span class='ocrx_word' id='word_1_214' title='bbox 1213 2189 1359 2273; x_wconf 88' lang='lat' dir='ltr'><strong>episcopi</strong></span> <span class='ocrx_word' id='word_1_215' title='bbox 1381 2197 1414 2251; x_wconf 90' lang='lat' dir='ltr'><strong>et</strong></span> <span class='ocrx_word' id='word_1_216' title='bbox 1435 2187 1724 2253; x_wconf 87' lang='lat' dir='ltr'><strong>archicancellarii.</strong></span> 
     </span>
    </p>
   </div>
   <div class='ocr_carea' id='block_1_5' title="bbox 206 2325 1904 2619">
    <p class='ocr_par' dir='ltr' id='par_1_5' title="bbox 206 2325 1904 2619">
     <span class='ocr_line' id='line_1_21' title="bbox 206 2325 1904 2414; baseline -0.003 -20"><span class='ocrx_word' id='word_1_217' title='bbox 206 2337 229 2383; x_wconf 71' lang='grc' dir='ltr'><strong>ἱ)</strong></span> <span class='ocrx_word' id='word_1_218' title='bbox 363 2329 488 2394; x_wconf 85' lang='lat' dir='ltr'><strong>Datum</strong></span> <span class='ocrx_word' id='word_1_219' title='bbox 512 2337 627 2414; x_wconf 90' lang='lat' dir='ltr'><strong>quarto</strong></span> <span class='ocrx_word' id='word_1_220' title='bbox 654 2351 758 2393; x_wconf 87' lang='lat' dir='ltr'><strong>nonas</strong></span> <span class='ocrx_word' id='word_1_221' title='bbox 786 2327 885 2392; x_wconf 90' lang='lat' dir='ltr'><strong>madii</strong></span> <span class='ocrx_word' id='word_1_222' title='bbox 914 2348 1001 2392; x_wconf 89' lang='lat' dir='ltr'><strong>anno</strong></span> <span class='ocrx_word' id='word_1_223' title='bbox 1031 2326 1213 2391; x_wconf 88' lang='lat' dir='ltr'><strong>dominicae</strong></span> <span class='ocrx_word' id='word_1_224' title='bbox 1243 2327 1477 2389; x_wconf 88' lang='lat' dir='ltr'><strong>incarnationis</strong></span> <span class='ocrx_word' id='word_1_225' title='bbox 1505 2340 1743 2408; x_wconf 79' lang='lat' dir='ltr'><strong>nccccuxvlu,</strong></span> <span class='ocrx_word' id='word_1_226' title='bbox 1779 2325 1904 2410; x_wconf 88' lang='lat' dir='ltr'><strong>imperii</strong></span> 
     </span>
     <span class='ocr_line' id='line_1_22' title="bbox 259 2428 1903 2516; baseline 0.001 -27"><span class='ocrx_word' id='word_1_227' title='bbox 259 2449 341 2496; x_wconf 88' lang='lat' dir='ltr'><strong>vero</strong></span> <span class='ocrx_word' id='word_1_228' title='bbox 364 2430 488 2495; x_wconf 92' lang='lat' dir='ltr'><strong>demini</strong></span> <span class='ocrx_word' id='word_1_229' title='bbox 512 2429 642 2496; x_wconf 91' lang='lat' dir='ltr'><strong>Ottonis</strong></span> <span class='ocrx_word' id='word_1_230' title='bbox 665 2432 802 2516; x_wconf 88' lang='lat' dir='ltr'><strong>piissimi</strong></span> <span class='ocrx_word' id='word_1_231' title='bbox 825 2431 968 2493; x_wconf 87' lang='lat' dir='ltr'><strong>caesaris</strong></span> <span class='ocrx_word' id='word_1_232' title='bbox 992 2446 1059 2510; x_wconf 84' lang='lat' dir='ltr'><strong>vn,</strong></span> <span class='ocrx_word' id='word_1_233' title='bbox 1093 2428 1269 2493; x_wconf 89' lang='lat' dir='ltr'><strong>indictione</strong></span> <span class='ocrx_word' id='word_1_234' title='bbox 1292 2445 1346 2509; x_wconf 80' lang='lat' dir='ltr'><strong>x13</strong></span> <span class='ocrx_word' id='word_1_235' title='bbox 1381 2438 1489 2493; x_wconf 89' lang='lat' dir='ltr'><strong>actum</strong></span> <span class='ocrx_word' id='word_1_236' title='bbox 1515 2428 1549 2491; x_wconf 91' lang='lat' dir='ltr'><strong>in</strong></span> <span class='ocrx_word' id='word_1_237' title='bbox 1571 2430 1727 2493; x_wconf 87' lang='lat' dir='ltr'><strong>comitatu</strong></span> <span class='ocrx_word' id='word_1_238' title='bbox 1750 2429 1903 2492; x_wconf 91' lang='lat' dir='ltr'><strong>Pinnensi</strong></span> 
     </span>
     <span class='ocr_line' id='line_1_23' title="bbox 252 2529 1580 2619; baseline -0.002 -23"><span class='ocrx_word' id='word_1_239' title='bbox 252 2529 356 2599; x_wconf 86' lang='lat' dir='ltr'><strong>iuxta</strong></span> <span class='ocrx_word' id='word_1_240' title='bbox 376 2533 498 2600; x_wconf 90' lang='lat' dir='ltr'><strong>flumen</strong></span> <span class='ocrx_word' id='word_1_241' title='bbox 520 2533 608 2619; x_wconf 91' lang='lat' dir='ltr'><strong>qued</strong></span> <span class='ocrx_word' id='word_1_242' title='bbox 630 2544 837 2618; x_wconf 88' lang='lat' dir='ltr'><strong>nuncupatur</strong></span> <span class='ocrx_word' id='word_1_243' title='bbox 858 2532 1008 2615; x_wconf 78' lang='lat' dir='ltr'><strong>Ricaria3</strong></span> <span class='ocrx_word' id='word_1_244' title='bbox 1032 2534 1065 2596; x_wconf 91' lang='lat' dir='ltr'><strong>in</strong></span> <span class='ocrx_word' id='word_1_245' title='bbox 1088 2531 1140 2597; x_wconf 89' lang='lat' dir='ltr'><strong>dei</strong></span> <span class='ocrx_word' id='word_1_246' title='bbox 1163 2533 1293 2596; x_wconf 88' lang='lat' dir='ltr'><strong>nomine</strong></span> <span class='ocrx_word' id='word_1_247' title='bbox 1314 2531 1453 2596; x_wconf 84' lang='lat' dir='ltr'><strong>feliciter</strong></span> <span class='ocrx_word' id='word_1_248' title='bbox 1475 2553 1580 2596; x_wconf 88' lang='lat' dir='ltr'><strong>amen.</strong></span> 
     </span>
    </p>
   </div>
   <div class='ocr_carea' id='block_1_6' title="bbox 1042 2786 1126 2862">
    <p class='ocr_par' dir='ltr' id='par_1_6' title="bbox 1042 2786 1126 2862">
     <span class='ocr_line' id='line_1_24' title="bbox 1042 2786 1126 2862; baseline 0.012 -2"><span class='ocrx_word' id='word_1_249' title='bbox 1042 2786 1126 2862; x_wconf 84' lang='lat'><strong>358.</strong></span> 
     </span>
    </p>
   </div>
   <div class='ocr_carea' id='block_1_7' title="bbox 251 2942 1903 3045">
    <p class='ocr_par' dir='ltr' id='par_1_7' title="bbox 251 2942 1903 3045">
     <span class='ocr_line' id='line_1_25' title="bbox 251 2942 1903 3045; baseline -0.002 -25"><span class='ocrx_word' id='word_1_250' title='bbox 251 2945 352 3021; x_wconf 80' lang='lat' dir='ltr'><strong>Otto</strong></span> <span class='ocrx_word' id='word_1_251' title='bbox 379 2946 624 3022; x_wconf 66' lang='lat' dir='ltr'><strong>solaturam</strong></span> <span class='ocrx_word' id='word_1_252' title='bbox 649 2971 730 3018; x_wconf 82' lang='lat' dir='ltr'><strong>eom</strong></span> <span class='ocrx_word' id='word_1_253' title='bbox 757 2943 899 3043; x_wconf 76' lang='lat' dir='ltr'><strong>Grafea</strong></span> <span class='ocrx_word' id='word_1_254' title='bbox 926 2944 1139 3019; x_wconf 81' lang='lat' dir='ltr'><strong>Wichmeuu</strong></span> <span class='ocrx_word' id='word_1_255' title='bbox 1162 2946 1404 3045; x_wconf 69' lang='lat' dir='ltr'><strong>popelladeteu</strong></span> <span class='ocrx_word' id='word_1_256' title='bbox 1425 2944 1571 3018; x_wconf 82' lang='lat' dir='ltr'><strong>Kloster</strong></span> <span class='ocrx_word' id='word_1_257' title='bbox 1592 2942 1701 3015; x_wconf 82' lang='lat' dir='ltr'><strong>Ellea</strong></span> <span class='ocrx_word' id='word_1_258' title='bbox 1723 2969 1797 3016; x_wconf 87' lang='lat' dir='ltr'><strong>was</strong></span> <span class='ocrx_word' id='word_1_259' title='bbox 1825 2943 1903 3016; x_wconf 83' lang='lat' dir='ltr'><strong>der-</strong></span> 
     </span>
    </p>
   </div>
   <div class='ocr_carea' id='block_1_8' title="bbox 231 3064 1860 3260">
    <p class='ocr_par' dir='ltr' id='par_1_8' title="bbox 231 3064 1860 3260">
     <span class='ocr_line' id='line_1_26' title="bbox 231 3064 1817 3155; baseline -0.003 -16"><span class='ocrx_word' id='word_1_260' title='bbox 231 3068 352 3142; x_wconf 77' lang='lat' dir='ltr'><strong>selle</strong></span> <span class='ocrx_word' id='word_1_261' title='bbox 378 3068 494 3141; x_wconf 73' lang='lat' dir='ltr'><strong>hister</strong></span> <span class='ocrx_word' id='word_1_262' title='bbox 520 3068 560 3140; x_wconf 81' lang='lat' dir='ltr'><strong>iu</strong></span> <span class='ocrx_word' id='word_1_263' title='bbox 586 3066 669 3155; x_wconf 71' lang='lat' dir='ltr'><strong>Uele,</strong></span> <span class='ocrx_word' id='word_1_264' title='bbox 698 3066 966 3140; x_wconf 80' lang='lat' dir='ltr'><strong>Nerdiuclslaat</strong></span> <span class='ocrx_word' id='word_1_265' title='bbox 990 3066 1070 3138; x_wconf 84' lang='lat' dir='ltr'><strong>aad</strong></span> <span class='ocrx_word' id='word_1_266' title='bbox 1094 3066 1291 3139; x_wconf 82' lang='lat' dir='ltr'><strong>Hamelaat</strong></span> <span class='ocrx_word' id='word_1_267' title='bbox 1314 3092 1359 3140; x_wconf 83' lang='lat' dir='ltr'><strong>eu</strong></span> <span class='ocrx_word' id='word_1_268' title='bbox 1385 3065 1507 3138; x_wconf 86' lang='lat' dir='ltr'><strong>Lehea</strong></span> <span class='ocrx_word' id='word_1_269' title='bbox 1534 3064 1688 3136; x_wconf 84' lang='lat' dir='ltr'><strong>besessea</strong></span> <span class='ocrx_word' id='word_1_270' title='bbox 1713 3064 1817 3135; x_wconf 80' lang='lat' dir='ltr'><strong>balta</strong></span> 
     </span>
     <span class='ocr_line' id='line_1_27' title="bbox 1485 3185 1860 3260; baseline -0.005 -15"><span class='ocrx_word' id='word_1_271' title='bbox 1485 3187 1599 3260; x_wconf 71' lang='lat' dir='ltr'><strong>saeua</strong></span> <span class='ocrx_word' id='word_1_272' title='bbox 1621 3189 1684 3247; x_wconf 84' lang='lat' dir='ltr'><strong>ses</strong></span> <span class='ocrx_word' id='word_1_273' title='bbox 1707 3185 1786 3245; x_wconf 71' lang='lat' dir='ltr'><strong>June</strong></span> <span class='ocrx_word' id='word_1_274' title='bbox 1808 3188 1860 3247; x_wconf 81' lang='lat'><strong>29.</strong></span> 
     </span>
    </p>
   </div>
   <div class='ocr_carea' id='block_1_9' title="bbox 366 3365 1905 3767">
    <p class='ocr_par' dir='ltr' id='par_1_9' title="bbox 366 3365 1905 3767">
     <span class='ocr_line' id='line_1_28' title="bbox 366 3365 1904 3447; baseline -0.005 -9"><span class='ocrx_word' id='word_1_275' title='bbox 366 3365 576 3438; x_wconf 77' lang='lat' dir='ltr'><strong>Precessaleteu</strong></span> <span class='ocrx_word' id='word_1_276' title='bbox 598 3376 647 3437; x_wconf 84' lang='lat' dir='ltr'><strong>des</strong></span> <span class='ocrx_word' id='word_1_277' title='bbox 671 3375 776 3447; x_wconf 74' lang='lat' dir='ltr'><strong>Sllstes</strong></span> <span class='ocrx_word' id='word_1_278' title='bbox 791 3376 885 3434; x_wconf 83' lang='lat' dir='ltr'><strong>Elteu</strong></span> <span class='ocrx_word' id='word_1_279' title='bbox 906 3393 971 3434; x_wconf 73' lang='lat' dir='ltr'><strong>eous</strong></span> <span class='ocrx_word' id='word_1_280' title='bbox 993 3375 1025 3435; x_wconf 84' lang='lat' dir='ltr'><strong>J.</strong></span> <span class='ocrx_word' id='word_1_281' title='bbox 1043 3379 1127 3435; x_wconf 81' lang='grc'><strong><em>1180</em></strong></span> <span class='ocrx_word' id='word_1_282' title='bbox 1150 3376 1173 3445; x_wconf 77' lang='lat' dir='ltr'><strong>s.</strong></span> <span class='ocrx_word' id='word_1_283' title='bbox 1192 3380 1235 3436; x_wconf 86' lang='grc'><strong>32</strong></span> <span class='ocrx_word' id='word_1_284' title='bbox 1256 3378 1299 3434; x_wconf 78' lang='lat' dir='ltr'><strong>lea</strong></span> <span class='ocrx_word' id='word_1_285' title='bbox 1320 3375 1347 3433; x_wconf 80' lang='lat' dir='ltr'><strong>lt.</strong></span> <span class='ocrx_word' id='word_1_286' title='bbox 1366 3375 1567 3434; x_wconf 82' lang='lat' dir='ltr'><strong>Staalsarelie</strong></span> <span class='ocrx_word' id='word_1_287' title='bbox 1580 3392 1621 3432; x_wconf 75' lang='lat' dir='ltr'><strong>eu</strong></span> <span class='ocrx_word' id='word_1_288' title='bbox 1635 3371 1824 3442; x_wconf 75' lang='lat' dir='ltr'><strong>Dusselrlerf,</strong></span> <span class='ocrx_word' id='word_1_289' title='bbox 1848 3389 1904 3431; x_wconf 88' lang='lat' dir='ltr'><strong>aus</strong></span> 
     </span>
     <span class='ocr_line' id='line_1_29' title="bbox 368 3474 1905 3555; baseline -0.005 -14"><span class='ocrx_word' id='word_1_290' title='bbox 368 3483 433 3541; x_wconf 76' lang='lat' dir='ltr'><strong>deut</strong></span> <span class='ocrx_word' id='word_1_291' title='bbox 454 3485 529 3555; x_wconf 76' lang='lat' dir='ltr'><strong>jetel</strong></span> <span class='ocrx_word' id='word_1_292' title='bbox 554 3481 636 3538; x_wconf 74' lang='lat' dir='ltr'><strong>uiolet</strong></span> <span class='ocrx_word' id='word_1_293' title='bbox 662 3481 744 3538; x_wconf 83' lang='lat' dir='ltr'><strong>mehr</strong></span> <span class='ocrx_word' id='word_1_294' title='bbox 772 3479 984 3550; x_wconf 74' lang='lat' dir='ltr'><strong>euffiudbareu</strong></span> <span class='ocrx_word' id='word_1_295' title='bbox 1015 3479 1211 3551; x_wconf 76' lang='lat' dir='ltr'><strong>Traussumpt</strong></span> <span class='ocrx_word' id='word_1_296' title='bbox 1239 3496 1303 3536; x_wconf 86' lang='lat' dir='ltr'><strong>eom</strong></span> <span class='ocrx_word' id='word_1_297' title='bbox 1324 3483 1376 3539; x_wconf 89' lang='grc'><strong>22.</strong></span> <span class='ocrx_word' id='word_1_298' title='bbox 1401 3478 1491 3551; x_wconf 78' lang='lat' dir='ltr'><strong>April</strong></span> <span class='ocrx_word' id='word_1_299' title='bbox 1512 3480 1597 3537; x_wconf 85' lang='grc'><strong>1480</strong></span> <span class='ocrx_word' id='word_1_300' title='bbox 1622 3474 1683 3553; x_wconf 88' lang='lat' dir='ltr'><strong>(A).</strong></span> <span class='ocrx_word' id='word_1_301' title='bbox 1707 3508 1749 3518; x_wconf 92' lang='lat'><em>-</em></span> <span class='ocrx_word' id='word_1_302' title='bbox 1770 3475 1905 3534; x_wconf 75' lang='lat' dir='ltr'><strong>Vidimus</strong></span> 
     </span>
     <span class='ocr_line' id='line_1_30' title="bbox 367 3579 1905 3652; baseline -0.004 -8"><span class='ocrx_word' id='word_1_303' title='bbox 367 3587 416 3646; x_wconf 83' lang='lat' dir='ltr'><strong>eles</strong></span> <span class='ocrx_word' id='word_1_304' title='bbox 438 3586 550 3645; x_wconf 87' lang='lat' dir='ltr'><strong>Notars</strong></span> <span class='ocrx_word' id='word_1_305' title='bbox 572 3584 677 3644; x_wconf 78' lang='lat' dir='ltr'><strong>Frena</strong></span> <span class='ocrx_word' id='word_1_306' title='bbox 699 3584 821 3644; x_wconf 80' lang='lat' dir='ltr'><strong>Seluler</strong></span> <span class='ocrx_word' id='word_1_307' title='bbox 848 3600 904 3641; x_wconf 88' lang='lat' dir='ltr'><strong>aus</strong></span> <span class='ocrx_word' id='word_1_308' title='bbox 933 3583 998 3641; x_wconf 78' lang='lat' dir='ltr'><strong>deus</strong></span> <span class='ocrx_word' id='word_1_309' title='bbox 1026 3583 1112 3641; x_wconf 74' lang='lat' dir='ltr'><strong>Erscle</strong></span> <span class='ocrx_word' id='word_1_310' title='bbox 1141 3582 1192 3640; x_wconf 85' lang='lat' dir='ltr'><strong>des</strong></span> <span class='ocrx_word' id='word_1_311' title='bbox 1220 3586 1269 3641; x_wconf 86' lang='lat'><strong>17.</strong></span> <span class='ocrx_word' id='word_1_312' title='bbox 1295 3580 1347 3640; x_wconf 76' lang='lat' dir='ltr'><strong>Jle.</strong></span> <span class='ocrx_word' id='word_1_313' title='bbox 1377 3581 1501 3652; x_wconf 77' lang='lat' dir='ltr'><strong>eleale,</strong></span> <span class='ocrx_word' id='word_1_314' title='bbox 1531 3597 1587 3640; x_wconf 88' lang='lat' dir='ltr'><strong>aus</strong></span> <span class='ocrx_word' id='word_1_315' title='bbox 1610 3579 1771 3638; x_wconf 83' lang='lat' dir='ltr'><strong>demselbeu</strong></span> <span class='ocrx_word' id='word_1_316' title='bbox 1796 3580 1905 3638; x_wconf 67' lang='lat' dir='ltr'><strong>uuus-</strong></span> 
     </span>
     <span class='ocr_line' id='line_1_31' title="bbox 366 3688 547 3767; baseline -0.006 -19"><span class='ocrx_word' id='word_1_317' title='bbox 366 3694 466 3762; x_wconf 80' lang='lat' dir='ltr'><strong>sumpt</strong></span> <span class='ocrx_word' id='word_1_318' title='bbox 488 3688 547 3767; x_wconf 88' lang='grc' dir='ltr'>(Β).</span> 
     </span>
    </p>
   </div>
   <div class='ocr_carea' id='block_1_10' title="bbox 366 3816 1907 4512">
    <p class='ocr_par' dir='ltr' id='par_1_10' title="bbox 366 3816 1907 4512">
     <span class='ocr_line' id='line_1_32' title="bbox 371 3816 1906 3897; baseline -0.008 -10"><span class='ocrx_word' id='word_1_319' title='bbox 371 3826 510 3887; x_wconf 77' lang='lat' dir='ltr'><strong>Gelenius</strong></span> <span class='ocrx_word' id='word_1_320' title='bbox 530 3825 643 3884; x_wconf 81' lang='lat' dir='ltr'><strong>Viudea</strong></span> <span class='ocrx_word' id='word_1_321' title='bbox 666 3841 689 3883; x_wconf 90' lang='lat' dir='ltr'><strong>s.</strong></span> <span class='ocrx_word' id='word_1_322' title='bbox 713 3824 907 3897; x_wconf 65' lang='lat' dir='ltr'><strong>Erqclbertus</strong></span> <span class='ocrx_word' id='word_1_323' title='bbox 929 3823 994 3881; x_wconf 85' lang='lat'><strong>357</strong></span> <span class='ocrx_word' id='word_1_324' title='bbox 1016 3821 1062 3879; x_wconf 86' lang='lat' dir='ltr'><strong>cit.</strong></span> <span class='ocrx_word' id='word_1_325' title='bbox 1087 3851 1129 3862; x_wconf 92' lang='lat'>-</span> <span class='ocrx_word' id='word_1_326' title='bbox 1153 3821 1322 3878; x_wconf 75' lang='lat' dir='ltr'><strong>Matthaeus</strong></span> <span class='ocrx_word' id='word_1_327' title='bbox 1345 3819 1446 3878; x_wconf 77' lang='lat' dir='ltr'><strong>Fuurl.</strong></span> <span class='ocrx_word' id='word_1_328' title='bbox 1464 3819 1528 3878; x_wconf 90' lang='lat' dir='ltr'><strong>eccl.</strong></span> <span class='ocrx_word' id='word_1_329' title='bbox 1550 3818 1701 3879; x_wconf 84' lang='lat' dir='ltr'><strong>Ultratect.</strong></span> <span class='ocrx_word' id='word_1_330' title='bbox 1718 3821 1780 3877; x_wconf 84' lang='grc'><strong>321</strong></span> <span class='ocrx_word' id='word_1_331' title='bbox 1805 3834 1861 3876; x_wconf 85' lang='lat' dir='ltr'><strong>eus</strong></span> <span class='ocrx_word' id='word_1_332' title='bbox 1877 3816 1906 3875; x_wconf 93' lang='lat' dir='ltr'><strong>A</strong></span> 
     </span>
     <span class='ocr_line' id='line_1_33' title="bbox 366 3919 1907 4007; baseline -0.006 -19"><span class='ocrx_word' id='word_1_333' title='bbox 366 3928 418 4007; x_wconf 88' lang='lat' dir='ltr'><strong>(a).</strong></span> <span class='ocrx_word' id='word_1_334' title='bbox 442 3963 485 3971; x_wconf 85' lang='lat'>—</span> <span class='ocrx_word' id='word_1_335' title='bbox 507 3929 680 3986; x_wconf 76' lang='lat' dir='ltr'><strong>Matthaeus</strong></span> <span class='ocrx_word' id='word_1_336' title='bbox 695 3927 797 3985; x_wconf 75' lang='lat' dir='ltr'><strong>Furta.</strong></span> <span class='ocrx_word' id='word_1_337' title='bbox 815 3926 892 3984; x_wconf 87' lang='lat' dir='ltr'><strong>Holl.</strong></span> <span class='ocrx_word' id='word_1_338' title='bbox 909 3929 942 3984; x_wconf 81' lang='lat' dir='ltr'><strong>la</strong></span> <span class='ocrx_word' id='word_1_339' title='bbox 957 3926 1130 3984; x_wconf 77' lang='lat' dir='ltr'><strong>lllattlraeus</strong></span> <span class='ocrx_word' id='word_1_340' title='bbox 1145 3922 1290 3982; x_wconf 76' lang='lat' dir='ltr'><strong>Analecta</strong></span> <span class='ocrx_word' id='word_1_341' title='bbox 1305 3923 1348 3980; x_wconf 87' lang='lat' dir='ltr'><strong>ed.</strong></span> <span class='ocrx_word' id='word_1_342' title='bbox 1369 3932 1393 3993; x_wconf 87' lang='lat'><strong>1,</strong></span> <span class='ocrx_word' id='word_1_343' title='bbox 1411 3927 1439 3993; x_wconf 82' lang='lat' dir='ltr'><strong>e&#39;,</strong></span> <span class='ocrx_word' id='word_1_344' title='bbox 1457 3924 1497 3982; x_wconf 77' lang='lat'><strong>45</strong></span> <span class='ocrx_word' id='word_1_345' title='bbox 1520 3938 1577 3981; x_wconf 87' lang='lat' dir='ltr'><strong>aus</strong></span> <span class='ocrx_word' id='word_1_346' title='bbox 1593 3921 1619 3977; x_wconf 92' lang='lat' dir='ltr'><strong>A</strong></span> <span class='ocrx_word' id='word_1_347' title='bbox 1635 3919 1674 4000; x_wconf 85' lang='lat' dir='ltr'><strong>(b)</strong></span> <span class='ocrx_word' id='word_1_348' title='bbox 1692 3946 1729 3972; x_wconf 84' lang='grc'><strong>--</strong></span> <span class='ocrx_word' id='word_1_349' title='bbox 1747 3919 1907 4000; x_wconf 83' lang='lat' dir='ltr'><strong>(Heusseu)</strong></span> 
     </span>
     <span class='ocr_line' id='line_1_34' title="bbox 367 4025 1905 4106; baseline -0.006 -14"><span class='ocrx_word' id='word_1_350' title='bbox 367 4035 448 4094; x_wconf 84' lang='lat' dir='ltr'><strong>Hisl.</strong></span> <span class='ocrx_word' id='word_1_351' title='bbox 476 4034 563 4106; x_wconf 74' lang='lat' dir='ltr'><strong>episc.</strong></span> <span class='ocrx_word' id='word_1_352' title='bbox 593 4032 690 4105; x_wconf 76' lang='lat' dir='ltr'><strong>Belqil</strong></span> <span class='ocrx_word' id='word_1_353' title='bbox 712 4036 741 4102; x_wconf 87' lang='lat'><strong>1,</strong></span> <span class='ocrx_word' id='word_1_354' title='bbox 764 4034 838 4099; x_wconf 81' lang='grc'><strong>293,</strong></span> <span class='ocrx_word' id='word_1_355' title='bbox 865 4054 900 4081; x_wconf 64' lang='grc' dir='ltr'><strong>ῑ·</strong></span> <span class='ocrx_word' id='word_1_356' title='bbox 927 4029 1010 4086; x_wconf 81' lang='lat' dir='ltr'><strong>Loou</strong></span> <span class='ocrx_word' id='word_1_357' title='bbox 1032 4027 1148 4086; x_wconf 79' lang='lat' dir='ltr'><strong>Alauda</strong></span> <span class='ocrx_word' id='word_1_358' title='bbox 1170 4025 1364 4085; x_wconf 78' lang='lat' dir='ltr'><strong>Hollaudsclre</strong></span> <span class='ocrx_word' id='word_1_359' title='bbox 1392 4027 1645 4095; x_wconf 66' lang='grc'><strong><em>111310012203,</em></strong></span> <span class='ocrx_word' id='word_1_360' title='bbox 1671 4047 1710 4076; x_wconf 90' lang='grc'><strong>--</strong></span> <span class='ocrx_word' id='word_1_361' title='bbox 1734 4025 1905 4083; x_wconf 75' lang='lat' dir='ltr'><strong>Matthaeus</strong></span> 
     </span>
     <span class='ocr_line' id='line_1_35' title="bbox 366 4127 1904 4206; baseline -0.007 -10"><span class='ocrx_word' id='word_1_362' title='bbox 366 4137 510 4196; x_wconf 80' lang='lat' dir='ltr'><strong>Analecta</strong></span> <span class='ocrx_word' id='word_1_363' title='bbox 524 4136 567 4194; x_wconf 86' lang='lat' dir='ltr'><strong>ed.</strong></span> <span class='ocrx_word' id='word_1_364' title='bbox 586 4143 625 4206; x_wconf 86' lang='lat'><strong>11,</strong></span> <span class='ocrx_word' id='word_1_365' title='bbox 650 4140 680 4205; x_wconf 86' lang='lat'><strong>3,</strong></span> <span class='ocrx_word' id='word_1_366' title='bbox 697 4137 769 4205; x_wconf 86' lang='grc'><strong>454,</strong></span> <span class='ocrx_word' id='word_1_367' title='bbox 795 4155 834 4186; x_wconf 88' lang='lat'>=</span> <span class='ocrx_word' id='word_1_368' title='bbox 858 4132 995 4191; x_wconf 70' lang='lat' dir='ltr'><strong>Boudaia</strong></span> <span class='ocrx_word' id='word_1_369' title='bbox 1012 4129 1064 4190; x_wconf 75' lang='lat' dir='ltr'><strong>Gla.</strong></span> <span class='ocrx_word' id='word_1_370' title='bbox 1081 4131 1119 4190; x_wconf 91' lang='lat' dir='ltr'><strong>B.</strong></span> <span class='ocrx_word' id='word_1_371' title='bbox 1136 4148 1194 4189; x_wconf 83' lang='grc'><strong>000</strong></span> <span class='ocrx_word' id='word_1_372' title='bbox 1212 4128 1433 4198; x_wconf 77' lang='lat' dir='ltr'><strong>Gelderlaucl1‚</strong></span> <span class='ocrx_word' id='word_1_373' title='bbox 1452 4130 1494 4187; x_wconf 88' lang='grc'><strong>62</strong></span> <span class='ocrx_word' id='word_1_374' title='bbox 1514 4130 1614 4186; x_wconf 80' lang='lat' dir='ltr'><strong>u⁰53.</strong></span> <span class='ocrx_word' id='word_1_375' title='bbox 1638 4159 1680 4169; x_wconf 91' lang='lat'><em>-</em></span> <span class='ocrx_word' id='word_1_376' title='bbox 1702 4127 1809 4185; x_wconf 79' lang='lat' dir='ltr'><strong>Mteris</strong></span> <span class='ocrx_word' id='word_1_377' title='bbox 1824 4127 1904 4187; x_wconf 88' lang='lat' dir='ltr'><strong>Hell.</strong></span> 
     </span>
     <span class='ocr_line' id='line_1_36' title="bbox 370 4229 1905 4309; baseline -0.008 -9"><span class='ocrx_word' id='word_1_378' title='bbox 370 4239 422 4300; x_wconf 74' lang='lat' dir='ltr'><strong>Gla.</strong></span> <span class='ocrx_word' id='word_1_379' title='bbox 439 4241 478 4299; x_wconf 91' lang='lat' dir='ltr'><strong>B.</strong></span> <span class='ocrx_word' id='word_1_380' title='bbox 495 4245 524 4309; x_wconf 88' lang='lat'><strong>1,</strong></span> <span class='ocrx_word' id='word_1_381' title='bbox 541 4241 582 4299; x_wconf 86' lang='grc'><strong>45</strong></span> <span class='ocrx_word' id='word_1_382' title='bbox 599 4256 655 4297; x_wconf 82' lang='lat' dir='ltr'><strong>aus</strong></span> <span class='ocrx_word' id='word_1_383' title='bbox 670 4240 706 4297; x_wconf 85' lang='lat' dir='ltr'><strong>ab</strong></span> <span class='ocrx_word' id='word_1_384' title='bbox 721 4238 786 4296; x_wconf 81' lang='lat' dir='ltr'><strong>uad</strong></span> <span class='ocrx_word' id='word_1_385' title='bbox 800 4236 866 4296; x_wconf 79' lang='lat' dir='ltr'><strong>MS.</strong></span> <span class='ocrx_word' id='word_1_386' title='bbox 886 4259 923 4287; x_wconf 92' lang='lat'><strong><em>=</em></strong></span> <span class='ocrx_word' id='word_1_387' title='bbox 942 4235 1194 4306; x_wconf 71' lang='lat' dir='ltr'><strong>Sabaeaeteeaberp</strong></span> <span class='ocrx_word' id='word_1_388' title='bbox 1207 4232 1259 4292; x_wconf 79' lang='lat' dir='ltr'><strong>cl.</strong></span> <span class='ocrx_word' id='word_1_389' title='bbox 1273 4230 1309 4289; x_wconf 91' lang='lat' dir='ltr'><strong>B.</strong></span> <span class='ocrx_word' id='word_1_390' title='bbox 1327 4248 1384 4290; x_wconf 85' lang='lat' dir='ltr'><strong>eeu</strong></span> <span class='ocrx_word' id='word_1_391' title='bbox 1401 4230 1556 4289; x_wconf 81' lang='lat' dir='ltr'><strong>Vrieslaucl</strong></span> <span class='ocrx_word' id='word_1_392' title='bbox 1570 4234 1600 4299; x_wconf 87' lang='lat'><strong>1,</strong></span> <span class='ocrx_word' id='word_1_393' title='bbox 1617 4232 1667 4289; x_wconf 78' lang='lat'><strong>59.</strong></span> <span class='ocrx_word' id='word_1_394' title='bbox 1683 4262 1726 4270; x_wconf 93' lang='lat'><em>-</em></span> <span class='ocrx_word' id='word_1_395' title='bbox 1740 4229 1905 4288; x_wconf 74' lang='lat' dir='ltr'><strong>Laeoesblet</strong></span> 
     </span>
     <span class='ocr_line' id='line_1_37' title="bbox 367 4333 1905 4410; baseline -0.007 -8"><span class='ocrx_word' id='word_1_396' title='bbox 367 4343 571 4402; x_wconf 73' lang='lat' dir='ltr'><strong>Mederrlselu.</strong></span> <span class='ocrx_word' id='word_1_397' title='bbox 595 4342 657 4402; x_wconf 83' lang='grc' dir='ltr'><strong>ΠΒ.</strong></span> <span class='ocrx_word' id='word_1_398' title='bbox 682 4346 711 4410; x_wconf 86' lang='grc'><strong><em>1,</em></strong></span> <span class='ocrx_word' id='word_1_399' title='bbox 737 4342 777 4400; x_wconf 84' lang='grc'><strong>65</strong></span> <span class='ocrx_word' id='word_1_400' title='bbox 800 4345 833 4396; x_wconf 82' lang='lat' dir='ltr'><strong>u⁰</strong></span> <span class='ocrx_word' id='word_1_401' title='bbox 849 4343 911 4397; x_wconf 88' lang='grc'><strong>110</strong></span> <span class='ocrx_word' id='word_1_402' title='bbox 935 4354 990 4395; x_wconf 91' lang='lat' dir='ltr'><strong>aus</strong></span> <span class='ocrx_word' id='word_1_403' title='bbox 1013 4335 1042 4395; x_wconf 98' lang='lat' dir='ltr'><strong>A</strong></span> <span class='ocrx_word' id='word_1_404' title='bbox 1067 4362 1104 4388; x_wconf 77' lang='lat' dir='ltr'><em>z</em></span> <span class='ocrx_word' id='word_1_405' title='bbox 1131 4337 1228 4409; x_wconf 72' lang='lat' dir='ltr'><strong>Beryto</strong></span> <span class='ocrx_word' id='word_1_406' title='bbox 1245 4335 1307 4394; x_wconf 90' lang='lat' dir='ltr'><strong>OB.</strong></span> <span class='ocrx_word' id='word_1_407' title='bbox 1323 4352 1381 4393; x_wconf 83' lang='lat' dir='ltr'><strong>aaa</strong></span> <span class='ocrx_word' id='word_1_408' title='bbox 1396 4334 1526 4393; x_wconf 84' lang='lat' dir='ltr'><strong>Hellaud</strong></span> <span class='ocrx_word' id='word_1_409' title='bbox 1542 4339 1571 4404; x_wconf 84' lang='lat'><strong>1,</strong></span> <span class='ocrx_word' id='word_1_410' title='bbox 1588 4336 1630 4392; x_wconf 88' lang='grc'><strong>29</strong></span> <span class='ocrx_word' id='word_1_411' title='bbox 1653 4338 1687 4390; x_wconf 87' lang='lat' dir='ltr'><strong>u⁰</strong></span> <span class='ocrx_word' id='word_1_412' title='bbox 1703 4336 1753 4402; x_wconf 87' lang='grc'><strong>41,</strong></span> <span class='ocrx_word' id='word_1_413' title='bbox 1771 4355 1810 4384; x_wconf 94' lang='lat'><strong><em>=</em></strong></span> <span class='ocrx_word' id='word_1_414' title='bbox 1827 4333 1905 4392; x_wconf 88' lang='lat' dir='ltr'><strong>Sleet</strong></span> 
     </span>
     <span class='ocr_line' id='line_1_38' title="bbox 371 4437 1642 4512; baseline -0.01 -6"><span class='ocrx_word' id='word_1_415' title='bbox 371 4445 434 4506; x_wconf 90' lang='lat' dir='ltr'><strong>OB.</strong></span> <span class='ocrx_word' id='word_1_416' title='bbox 457 4464 515 4504; x_wconf 76' lang='lat' dir='ltr'><strong>suu</strong></span> <span class='ocrx_word' id='word_1_417' title='bbox 533 4445 619 4505; x_wconf 73' lang='grc' dir='ltr'><em>θεῖνε</em></span> <span class='ocrx_word' id='word_1_418' title='bbox 641 4447 684 4504; x_wconf 82' lang='grc'><strong>97</strong></span> <span class='ocrx_word' id='word_1_419' title='bbox 705 4449 739 4500; x_wconf 82' lang='grc' dir='ltr'><strong>0ο</strong></span> <span class='ocrx_word' id='word_1_420' title='bbox 761 4447 832 4502; x_wconf 84' lang='grc'><strong><em>103.</em></strong></span> <span class='ocrx_word' id='word_1_421' title='bbox 857 4474 898 4484; x_wconf 90' lang='grc'>-</span> <span class='ocrx_word' id='word_1_422' title='bbox 921 4442 1050 4499; x_wconf 77' lang='lat' dir='ltr'><strong>Belmer</strong></span> <span class='ocrx_word' id='word_1_423' title='bbox 1070 4441 1142 4512; x_wconf 71' lang='lat' dir='ltr'><strong>Rea.</strong></span> <span class='ocrx_word' id='word_1_424' title='bbox 1167 4442 1238 4498; x_wconf 76' lang='lat'><strong>346.</strong></span> <span class='ocrx_word' id='word_1_425' title='bbox 1262 4470 1304 4481; x_wconf 92' lang='lat'>—</span> <span class='ocrx_word' id='word_1_426' title='bbox 1328 4437 1456 4510; x_wconf 76' lang='lat' dir='ltr'><strong>Sluleps</strong></span> <span class='ocrx_word' id='word_1_427' title='bbox 1474 4437 1546 4508; x_wconf 69' lang='lat' dir='ltr'><strong>Rea.</strong></span> <span class='ocrx_word' id='word_1_428' title='bbox 1571 4439 1642 4494; x_wconf 82' lang='grc'><strong><em>446.</em></strong></span> 
     </span>
    </p>
   </div>
   <div class='ocr_carea' id='block_1_11' title="bbox 368 4569 1907 4953">
    <p class='ocr_par' dir='ltr' id='par_1_11' title="bbox 368 4569 1907 4953">
     <span class='ocr_line' id='line_1_39' title="bbox 373 4569 1907 4651; baseline -0.011 -7"><span class='ocrx_word' id='word_1_429' title='bbox 373 4583 621 4645; x_wconf 75' lang='lat' dir='ltr'><strong>Walrselretullell</strong></span> <span class='ocrx_word' id='word_1_430' title='bbox 642 4581 770 4651; x_wconf 76' lang='lat' dir='ltr'><strong>rerfasst</strong></span> <span class='ocrx_word' id='word_1_431' title='bbox 793 4598 848 4639; x_wconf 84' lang='lat' dir='ltr'><strong>reu</strong></span> <span class='ocrx_word' id='word_1_432' title='bbox 870 4581 955 4651; x_wconf 67' lang='lat' dir='ltr'><strong>WB„</strong></span> <span class='ocrx_word' id='word_1_433' title='bbox 980 4578 1100 4638; x_wconf 71' lang='lat' dir='ltr'><strong>acelaber</strong></span> <span class='ocrx_word' id='word_1_434' title='bbox 1122 4580 1167 4638; x_wconf 82' lang='lat' dir='ltr'><strong>bet</strong></span> <span class='ocrx_word' id='word_1_435' title='bbox 1189 4579 1299 4636; x_wconf 80' lang='lat' dir='ltr'><strong>selueru</strong></span> <span class='ocrx_word' id='word_1_436' title='bbox 1315 4577 1442 4636; x_wconf 78' lang='lat' dir='ltr'><strong>Etuler&#39;tt</strong></span> <span class='ocrx_word' id='word_1_437' title='bbox 1465 4576 1498 4632; x_wconf 82' lang='lat' dir='ltr'><strong>iu</strong></span> <span class='ocrx_word' id='word_1_438' title='bbox 1521 4573 1567 4632; x_wconf 83' lang='lat' dir='ltr'><strong>dle</strong></span> <span class='ocrx_word' id='word_1_439' title='bbox 1581 4571 1709 4630; x_wconf 81' lang='lat' dir='ltr'><strong>Kauela&#39;</strong></span> <span class='ocrx_word' id='word_1_440' title='bbox 1730 4573 1831 4630; x_wconf 82' lang='lat' dir='ltr'><strong>selaeu</strong></span> <span class='ocrx_word' id='word_1_441' title='bbox 1849 4569 1907 4630; x_wconf 81' lang='lat' dir='ltr'><strong>stu</strong></span> 
     </span>
     <span class='ocr_line' id='line_1_40' title="bbox 368 4673 1906 4758; baseline -0.01 -12"><span class='ocrx_word' id='word_1_442' title='bbox 368 4689 439 4747; x_wconf 73' lang='lat' dir='ltr'><strong>neele</strong></span> <span class='ocrx_word' id='word_1_443' title='bbox 466 4687 582 4744; x_wconf 68' lang='lat' dir='ltr'><strong>uiuae</strong></span> <span class='ocrx_word' id='word_1_444' title='bbox 610 4685 790 4758; x_wconf 75' lang='lat' dir='ltr'><strong>aessqcbllclet</strong></span> <span class='ocrx_word' id='word_1_445' title='bbox 818 4686 896 4742; x_wconf 72' lang='grc'><strong><em>110110</em></strong></span> <span class='ocrx_word' id='word_1_446' title='bbox 925 4683 987 4741; x_wconf 83' lang='lat' dir='ltr'><strong>uud</strong></span> <span class='ocrx_word' id='word_1_447' title='bbox 1015 4683 1077 4741; x_wconf 80' lang='lat' dir='ltr'><strong>siclt</strong></span> <span class='ocrx_word' id='word_1_448' title='bbox 1106 4684 1137 4739; x_wconf 82' lang='lat' dir='ltr'><strong>lu</strong></span> <span class='ocrx_word' id='word_1_449' title='bbox 1166 4681 1316 4738; x_wconf 76' lang='lat' dir='ltr'><strong>elueeluea</strong></span> <span class='ocrx_word' id='word_1_450' title='bbox 1344 4678 1536 4750; x_wconf 71' lang='lat' dir='ltr'><strong>Weuduupeu</strong></span> <span class='ocrx_word' id='word_1_451' title='bbox 1565 4694 1606 4733; x_wconf 84' lang='lat' dir='ltr'><strong>au</strong></span> <span class='ocrx_word' id='word_1_452' title='bbox 1633 4675 1681 4732; x_wconf 84' lang='lat' dir='ltr'><strong>dle</strong></span> <span class='ocrx_word' id='word_1_453' title='bbox 1709 4674 1828 4733; x_wconf 74' lang='lat' dir='ltr'><strong>Diuate</strong></span> <span class='ocrx_word' id='word_1_454' title='bbox 1854 4673 1906 4731; x_wconf 84' lang='lat' dir='ltr'><strong>der</strong></span> 
     </span>
     <span class='ocr_line' id='line_1_41' title="bbox 369 4775 1906 4863; baseline -0.01 -14"><span class='ocrx_word' id='word_1_455' title='bbox 369 4790 587 4863; x_wconf 74' lang='lat' dir='ltr'><strong>Mapdeburyer</strong></span> <span class='ocrx_word' id='word_1_456' title='bbox 608 4789 720 4847; x_wconf 87' lang='lat' dir='ltr'><strong>Notare</strong></span> <span class='ocrx_word' id='word_1_457' title='bbox 742 4787 898 4846; x_wconf 72' lang='lat' dir='ltr'><strong>aesculeae.</strong></span> <span class='ocrx_word' id='word_1_458' title='bbox 939 4786 1030 4845; x_wconf 80' lang='lat' dir='ltr'><strong>Ueber</strong></span> <span class='ocrx_word' id='word_1_459' title='bbox 1052 4781 1457 4857; x_wconf 59' lang='grc'><strong><em>1110110000081000888</em></strong></span> <span class='ocrx_word' id='word_1_460' title='bbox 1480 4780 1543 4839; x_wconf 84' lang='lat' dir='ltr'><strong>uad</strong></span> <span class='ocrx_word' id='word_1_461' title='bbox 1565 4781 1638 4838; x_wconf 81' lang='lat' dir='ltr'><strong>ll-ber</strong></span> <span class='ocrx_word' id='word_1_462' title='bbox 1660 4777 1715 4835; x_wconf 82' lang='lat' dir='ltr'><strong>deu</strong></span> <span class='ocrx_word' id='word_1_463' title='bbox 1731 4775 1836 4847; x_wconf 81' lang='lat' dir='ltr'><strong>Stlfter</strong></span> <span class='ocrx_word' id='word_1_464' title='bbox 1850 4793 1906 4834; x_wconf 78' lang='grc'><strong>000</strong></span> 
     </span>
     <span class='ocr_line' id='line_1_42' title="bbox 368 4890 969 4953; baseline -0.008 0"><span class='ocrx_word' id='word_1_465' title='bbox 368 4894 461 4953; x_wconf 81' lang='lat' dir='ltr'><strong>Elteu</strong></span> <span class='ocrx_word' id='word_1_466' title='bbox 481 4894 640 4952; x_wconf 81' lang='lat' dir='ltr'><strong>Dummler</strong></span> <span class='ocrx_word' id='word_1_467' title='bbox 662 4893 767 4952; x_wconf 79' lang='lat' dir='ltr'><strong>Jahrb.</strong></span> <span class='ocrx_word' id='word_1_468' title='bbox 796 4890 828 4950; x_wconf 93' lang='lat' dir='ltr'><strong>O.</strong></span> <span class='ocrx_word' id='word_1_469' title='bbox 849 4899 872 4950; x_wconf 86' lang='grc' dir='ltr'><strong>Ι,</strong></span> <span class='ocrx_word' id='word_1_470' title='bbox 897 4892 969 4950; x_wconf 86' lang='grc'><em>582.</em></span> 
     </span>
    </p>
   </div>
   <div class='ocr_carea' id='block_1_12' title="bbox 268 5083 1906 5285">
    <p class='ocr_par' dir='ltr' id='par_1_12' title="bbox 268 5083 1906 5285">
     <span class='ocr_line' id='line_1_43' title="bbox 471 5083 1904 5163; baseline -0.008 -4"><span class='ocrx_word' id='word_1_471' title='bbox 471 5095 510 5159; x_wconf 92' lang='lat' dir='ltr'><strong>In</strong></span> <span class='ocrx_word' id='word_1_472' title='bbox 533 5095 662 5159; x_wconf 89' lang='lat' dir='ltr'><strong>nemine</strong></span> <span class='ocrx_word' id='word_1_473' title='bbox 686 5101 797 5158; x_wconf 89' lang='lat' dir='ltr'><strong>sancte</strong></span> <span class='ocrx_word' id='word_1_474' title='bbox 820 5103 851 5157; x_wconf 90' lang='lat' dir='ltr'><strong>et</strong></span> <span class='ocrx_word' id='word_1_475' title='bbox 873 5091 1039 5156; x_wconf 90' lang='lat' dir='ltr'><strong>individue</strong></span> <span class='ocrx_word' id='word_1_476' title='bbox 1061 5090 1224 5163; x_wconf 87' lang='lat' dir='ltr'><strong>trinitatis.</strong></span> <span class='ocrx_word' id='word_1_477' title='bbox 1259 5085 1338 5151; x_wconf 89' lang='lat' dir='ltr'><strong>Otto</strong></span> <span class='ocrx_word' id='word_1_478' title='bbox 1361 5085 1473 5151; x_wconf 89' lang='lat' dir='ltr'><strong>divine</strong></span> <span class='ocrx_word' id='word_1_479' title='bbox 1494 5085 1626 5149; x_wconf 88' lang='lat' dir='ltr'><strong>favente</strong></span> <span class='ocrx_word' id='word_1_480' title='bbox 1648 5083 1826 5149; x_wconf 88' lang='lat' dir='ltr'><strong>clemencia</strong></span> <span class='ocrx_word' id='word_1_481' title='bbox 1848 5083 1904 5147; x_wconf 92' lang='lat' dir='ltr'><strong>im·</strong></span> 
     </span>
     <span class='ocr_line' id='line_1_44' title="bbox 268 5184 1906 5285; baseline -0.012 -17"><span class='ocrx_word' id='word_1_482' title='bbox 268 5211 397 5283; x_wconf 86' lang='lat' dir='ltr'><strong>perator</strong></span> <span class='ocrx_word' id='word_1_483' title='bbox 419 5209 587 5285; x_wconf 82' lang='lat' dir='ltr'><strong>augustus.</strong></span> <span class='ocrx_word' id='word_1_484' title='bbox 673 5197 832 5261; x_wconf 88' lang='lat' dir='ltr'><strong>Neverint</strong></span> <span class='ocrx_word' id='word_1_485' title='bbox 855 5218 966 5261; x_wconf 90' lang='lat' dir='ltr'><strong>omnes</strong></span> <span class='ocrx_word' id='word_1_486' title='bbox 988 5192 1100 5258; x_wconf 89' lang='lat' dir='ltr'><strong>fideles</strong></span> <span class='ocrx_word' id='word_1_487' title='bbox 1123 5194 1224 5257; x_wconf 87' lang='lat' dir='ltr'><strong>nestri</strong></span> <span class='ocrx_word' id='word_1_488' title='bbox 1247 5200 1414 5277; x_wconf 89' lang='lat' dir='ltr'><strong>presentes</strong></span> <span class='ocrx_word' id='word_1_489' title='bbox 1437 5187 1560 5254; x_wconf 91' lang='lat' dir='ltr'><strong>scilicet</strong></span> <span class='ocrx_word' id='word_1_490' title='bbox 1582 5197 1613 5252; x_wconf 89' lang='lat' dir='ltr'><strong>et</strong></span> <span class='ocrx_word' id='word_1_491' title='bbox 1635 5186 1744 5268; x_wconf 86' lang='lat' dir='ltr'><strong>futuri,</strong></span> <span class='ocrx_word' id='word_1_492' title='bbox 1767 5184 1906 5272; x_wconf 90' lang='lat' dir='ltr'><strong>qualiter</strong></span> 
     </span>
    </p>
   </div>
   <div class='ocr_carea' id='block_1_13' title="bbox 352 5375 1906 5543">
    <p class='ocr_par' dir='ltr' id='par_1_13' title="bbox 352 5375 1906 5543">
     <span class='ocr_line' id='line_1_45' title="bbox 352 5375 1906 5456; baseline -0.01 -13"><span class='ocrx_word' id='word_1_493' title='bbox 352 5388 410 5443; x_wconf 76' lang='lat'><strong>³⁵7.</strong></span> <span class='ocrx_word' id='word_1_494' title='bbox 436 5391 455 5456; x_wconf 92' lang='lat' dir='ltr'><strong>i)</strong></span> <span class='ocrx_word' id='word_1_495' title='bbox 475 5407 498 5441; x_wconf 87' lang='lat' dir='ltr'><strong>e.</strong></span> <span class='ocrx_word' id='word_1_496' title='bbox 511 5389 642 5456; x_wconf 88' lang='lat' dir='ltr'><strong>perventis</strong></span> <span class='ocrx_word' id='word_1_497' title='bbox 655 5386 716 5454; x_wconf 88' lang='lat' dir='ltr'><strong>p.A</strong></span> <span class='ocrx_word' id='word_1_498' title='bbox 785 5386 899 5450; x_wconf 68' lang='grc'><strong><em>10011</em></strong></span> <span class='ocrx_word' id='word_1_499' title='bbox 969 5388 988 5441; x_wconf 76' lang='lat' dir='ltr'><strong>ll</strong></span> <span class='ocrx_word' id='word_1_500' title='bbox 1007 5401 1069 5436; x_wconf 85' lang='lat' dir='ltr'><strong>suas</strong></span> <span class='ocrx_word' id='word_1_501' title='bbox 1087 5381 1272 5450; x_wconf 84' lang='lat' dir='ltr'><strong>potestatesA</strong></span> <span class='ocrx_word' id='word_1_502' title='bbox 1342 5385 1379 5445; x_wconf 84' lang='lat' dir='ltr'><strong>m)</strong></span> <span class='ocrx_word' id='word_1_503' title='bbox 1397 5379 1483 5432; x_wconf 73' lang='lat' dir='ltr'><strong>Lilake</strong></span> <span class='ocrx_word' id='word_1_504' title='bbox 1499 5380 1568 5430; x_wconf 78' lang='lat' dir='ltr'><strong>luA</strong></span> <span class='ocrx_word' id='word_1_505' title='bbox 1638 5379 1667 5442; x_wconf 84' lang='lat' dir='ltr'><strong>n)</strong></span> <span class='ocrx_word' id='word_1_506' title='bbox 1684 5379 1822 5428; x_wconf 86' lang='lat' dir='ltr'><strong>roboratas</strong></span> <span class='ocrx_word' id='word_1_507' title='bbox 1836 5381 1862 5426; x_wconf 91' lang='lat' dir='ltr'><strong>et</strong></span> <span class='ocrx_word' id='word_1_508' title='bbox 1873 5375 1906 5427; x_wconf 83' lang='lat' dir='ltr'><strong>A.</strong></span> 
     </span>
     <span class='ocr_line' id='line_1_46' title="bbox 1641 5479 1700 5543; baseline 0 0"><span class='ocrx_word' id='word_1_509' title='bbox 1641 5479 1700 5543; x_wconf 72' lang='lat'><strong>62*</strong></span> 
     </span>
    </p>
   </div>
   <div class='ocr_carea' id='block_1_14' title="bbox 0 0 2158 6404">
    <p class='ocr_par' dir='ltr' id='par_1_14' title="bbox 0 0 2158 6404">
     <span class='ocr_line' id='line_1_47' title="bbox 0 0 2158 6404; baseline 0 0"><span class='ocrx_word' id='word_1_510' title='bbox 0 0 2158 6404; x_wconf 95' lang='lat' dir='ltr'><strong> </strong></span> 
     </span>
    </p>
   </div>
  </div>
 </body>
</html>
