4500 6420
292 437 356 503 542
893 445 1340 503 KAlSERURKUNDEN.

292 628 417 707 fratres,
441 624 498 689 11111
521 623 686 710 quondam
702 623 851 705 Teutoni,
875 634 906 686 et
927 622 1002 687 Allo
1024 623 1111 688 lilius
1133 624 1299 708 quondam
1314 623 1471 709 Stephani
1488 632 1521 689 et
1535 623 1759 709 Raymbaldus
1775 634 1807 689 et
1822 622 1940 689 (101111-

292 730 374 793 mari
396 738 428 792 et
450 727 569 791 Tofaui
592 726 708 790 -isti
739 736 814 790 sunt
836 725 1031 809 Alammani,
1055 735 1087 790 et
1114 724 1219 792 Sanso
1250 727 1335 792 lilius
1357 727 1504 792 Remedii
1526 736 1558 791 et
1580 726 1795 793 Transaricus
1817 728 1941 792 -isti

292 840 367 896 sunt
389 827 522 911 Salichi,
547 827 738 894 Obteramni
760 837 793 892 et
816 825 1008 892 Conebezzo
1031 828 1119 894 filius
1143 829 1308 913 quondam
1323 828 1400 894 Aldi
1424 840 1456 893 et
1474 829 1637 914 Aynolfus
1660 830 1747 894 lilius
1770 829 1940 916 quondam

293 934 433 998 Trasoni
461 941 493 996 et
520 931 634 1017 reliqui
664 930 773 1015 plures
796 931 1043 995 circumstantes
1067 940 1098 994 et
1120 930 1308 996 residentes.
1352 932 1392 996 In
1414 933 1550 996 istorum
1574 933 1716 997 omnium
1738 933 1938 1017 presentiam

293 1037 381 1101 venit
408 1035 530 1101 Paulus
557 1034 687 1098 humilis
716 1033 821 1098 abbas
849 1038 891 1097 ex
918 1034 1114 1098 monasterio
1139 1037 1243 1099 sancti
1266 1034 1432 1099 Uineentii
1455 1032 1678 1100 deterritorio
1702 1033 1975 1101 Beneuentanot

294 1163 368 1206 cum
383 1140 578 1204 Transcrico
594 1137 681 1203 filius
697 1137 863 1224 quondam
879 1137 1003 1202 Ratteri
1021 1140 1075 1223 qui
1092 1145 1162 1203 erat
1177 1137 1376 1202 advocatore
1391 1159 1449 1202 suo
1466 1146 1498 1201 et
1514 1136 1678 1223 querelam
1693 1127 1817 1201 faciens
1839 1158 1940 1222 super

293 1241 448 1307 Erisinda
477 1252 509 1306 et
537 1240 710 1307 adversum
739 1239 965 1326 Raymbaldus
995 1250 1027 1305 et
1055 1239 1236 1305 Guimmari
1265 1251 1297 1306 ct
1327 1241 1444 1306 Tofani
1474 1242 1531 1306 11111
1555 1240 1721 1327 quondam
1743 1241 1882 1305 Teutoni
1904 1249 1940 1304 et

293 1344 466 1410 adversum
489 1343 697 1409 Tenderitum
720 1342 866 1407 et-Azzo
890 1353 922 1407 et
946 1341 1057 1407 Gezzo
1082 1353 1114 1406 et
1137 1343 1309 1409 Guaracco
1331 1344 1390 1409 filii
1413 1342 1601 1430 quondam‘
1622 1343 1802 1408 Adeltrude
1824 1352 1857 1407 et
1880 1342 1939 1407 ad-

293 1469 424 1512 versum
453 1445 581 1511 Guinisi
609 1445 695 1511 filius
724 1444 887 1531 quondam
918 1444 1075 1530 Stephani
1098 1456 1130 1509 et
1153 1445 1326 1511 adversum
1348 1447 1405 1511 filii
1429 1447 1595 1532 quondam
1616 1446 1757 1511 Maraldi
1781 1445 1821 1510 de
1842 1444 1938 1510 Paci·

293 1551 390 1635 glano
414 1560 446 1613 et
468 1549 642 1613 adversum
665 1547 722 1611 11111
746 1547 864 1632 Angeli
888 1549 928 1612 de
951 1546 1095 1613 Maliane
1120 1558 1151 1612 et
1175 1548 1347 1614 adversum
1368 1549 1576 1615 Aczomosca
1601 1558 1633 1614 et
1655 1548 1828 1614 adversum
1848 1548 1937 1613 11011-
1957 1564 1994 1611 10

293 1673 375 1716 zone
393 1652 433 1715 de
449 1651 677 1734 Transaquiss
699 1659 731 1714 et
753 1649 925 1715 adversum
942 1648 1118 1713 Linduinni
1142 1659 1174 1714 et
1189 1649 1280 1715 Aczo
1298 1652 1384 1717 filius
1400 1651 1566 1739 quondam
1581 1653 1686 1718 Leoni
1709 1662 1741 1717 et
1763 1653 1939 1717 adversum

293 1753 384 1818 Aczo
409 1751 609 1818 diaconuml
633 1763 664 1818 et
686 1752 860 1817 adversum
883 1751 1090 1818 Guibbaldus
1112 1753 1198 1817 filius
1222 1755 1387 1839 quondam
1409 1755 1569 1821 Ionammi
1593 1765 1625 1820 et
1646 1755 1819 1820 adversum
1838 1755 1938 1819 Lioto

293 1856 379 1921 filius
403 1853 587 1942 quondami
611 1854 786 1921 Gottefridi
809 1865 841 1918 et
863 1854 1035 1919 adversum
1057 1855 1161 1920 Liuzo
1185 1866 1218 1921 et
1240 1856 1413 1922 adversum
1428 1855 1693 1923 Tenderamuml
1716 1868 1747 1923 et
1763 1856 1939 1921 adversum

295 1960 479 2046 Stephanus
507 1970 539 2024 et
567 1958 739 2024 advorsum
767 1958 966 2023 Donnellum
996 1968 1027 2022 et
1055 1958 1228 2023 adversum
1250 1959 1414 2024 Temmari
1441 1971 1474 2025 et
1495 1960 1686 2044 Elperinum
1709 1970 1741 2025 et
1763 1960 1938 2024 adversum

294 2061 464 2128 Adelelmo
493 2061 579 2127 filius
608 2063 773 2148 quondam
796 2060 964 2126 Adelberti
987 2070 1020 2125 et
1041 2061 1215 2126 adversum
1238 2061 1400 2127 Iohannes
1429 2062 1513 2128 filius
1541 2062 1706 2148 quondam
1727 2061 1880 2126 Riccardi
1902 2072 1937 2127 et
1957 2077 1991 2123 10

295 2165 468 2231 adversum
491 2164 582 2229 Aczo
605 2165 691 2230 filius
714 2163 879 2250 quondam
903 2162 1055 2229 Gosmari
1079 2176 1111 2228 et
1134 2164 1308 2229 adversum
1336 2164 1428 2230 Aeno
1452 2175 1485 2229 et
1507 2167 1670 2248 germanis
1694 2166 1760 2231 suis
1784 2163 1938 2229 fratribus

297 2267 463 2354 quondam
496 2268 688 2332 Marsecane
718 2278 749 2330 et
772 2267 945 2332 adversum
968 2266 1024 2330 filii
1049 2268 1213 2351 quondam
1237 2268 1335 2332 Ermc
1357 2279 1389 2331 et
1411 2267 1584 2333 adversum
1607 2266 1746 2332 Gerizzo
1770 2277 1802 2332 et
1824 2267 1938 2332 adver-

295 2392 367 2435 sum
394 2369 578 2454 Guilgelmo
608 2381 640 2434 et
670 2368 842 2433 adversum
872 2367 1054 2453 Guanengo
1087 2379 1119 2434 et
1149 2369 1321 2435 adversum
1347 2371 1489 2455 Rayneri
1513 2380 1544 2434 et
1567 2367 1803 2435 Ramfredumh
1827 2379 1859 2433 et
1880 2370 1938 2434 ad-

294 2495 424 2538 versum
448 2472 633 2538 Gualterius
656 2483 688 2535 et
711 2469 884 2535 adversum
907 2469 1054 2536 Ursum¹¹
1076 2471 1249 2556 presbyter
1271 2481 1303 2536 et
1326 2474 1500 2537 adversum
1516 2472 1732 2539 Sabbatinum
1747 2473 1938 2556 magistrum

295 2586 326 2639 ct
348 2574 521 2640 adversum
542 2574 601 2639 11111
624 2573 719 2660 Appe
748 2574 788 2638 de
817 2575 896 2659 ipsis
925 2574 1021 2639 robus
1050 2576 1257 2659 proprietatis
1289 2586 1403 2639 sancto
1425 2575 1529 2640 Maris
1553 2575 1593 2640 de
1615 2574 1818 2660 Apinianici,
1848 2574 1991 2660 quodne

295 2677 425 2742 dicebat
448 2677 536 2762 quod
558 2677 726 2742 habuisset
748 2700 806 2762 per
829 2678 1029 2762 exscriptum
1051 2686 1083 2741 et
1105 2699 1163 2763 per
1186 2676 1337 2743 cartamlt
1367 2678 1465 2743 etad
1493 2679 1624 2743 tertium
1652 2678 1808 2763 placitum
1836 2677 1936 2743 recla-

294 2789 417 2845 matum
439 2789 470 2845 et
492 2788 756 2864 contempserunt
778 2781 899 2844 venire.
940 2780 1034 2843 Tunc
1064 2780 1303 2865 suprascriptus
1333 2778 1472 2845 domnus
1501 2781 1695 2863 imperator,
1725 2777 1801 2844 dum
1829 2779 1938 2844 taliter

294 2882 440 2947 audisset
468 2883 708 2967 suprascriptus
736 2881 857 2947 Paulus
886 2881 1015 2946 humilis
1045 2882 1148 2948 abbas
1178 2904 1252 2947 cum
1275 2884 1496 2968 suprascripto
1520 2883 1714 2948 Transarico
1739 2881 1937 2948 advocatore

296 3007 353 3049 suo
377 2985 592 3050 reclamantes
616 2995 648 3049 et
674 2984 834 3068 dicentes,
869 2985 1081 3068 interrogavit
1110 2988 1351 3070 suprascriptus
1380 2985 1497 3069 iudex,
1531 3009 1594 3072 que
1620 2985 1675 3050 lex
1704 2985 1744 3051 de
1774 2984 1836 3051 hoc
1865 3008 1936 3050 esse

295 3087 401 3154 debet.
446 3089 539 3153 Tunc
561 3089 685 3154 iudices
710 3090 903 3153 unanimiter
927 3088 1089 3170 dixerunt,
1114 3088 1200 3173 quod
1222 3088 1277 3153 lex
1300 3098 1370 3153 erat
1392 3090 1545 3153 investire
1567 3089 1706 3154 Paulum
1728 3087 1858 3154 humihs
1881 3088 1937 3154 ab·
1955 3103 1990 3152 st

292 3191 353 3257 bas
376 3204 409 3257 et
430 3192 626 3258 Transarico
651 3191 848 3257 advocatore
872 3213 930 3256 suo
955 3191 994 3255 de
1017 3192 1097 3275 ipsis
1120 3190 1217 3255 rebus
1240 3192 1467 3277 proprietatis,
1497 3191 1582 3256 unde
1612 3192 1871 3257 reclamaverant
1893 3192 1937 3257 ad

294 3316 370 3380 pars
398 3296 463 3359 iam
493 3294 571 3359 dicti
601 3297 787 3360 monasterii
817 3305 929 3359 sancte
959 3292 1063 3357 Mario
1091 3292 1152 3357 sibi
1182 3292 1373 3359 subiectum.
1417 3295 1511 3359 Tunc
1535 3294 1673 3360 domnus
1696 3294 1774 3361 Otto
1798 3316 1936 3379 magnus

294 3398 485 3482 imperator,
517 3396 593 3461 dum
616 3396 715 3461 talem
737 3396 893 3462 iudicium
915 3397 1076 3480 audisset,
1112 3398 1264 3481 dignatus
1287 3409 1337 3464 est
1360 3421 1417 3484 per
1439 3399 1559 3464 fustem
1582 3422 1677 3485 quern
1699 3402 1734 3464 in
1756 3421 1936 3465 manustra

294 3499 434 3582 tenebat,
457 3501 609 3565 investire
632 3499 753 3564 Paulus
776 3498 905 3564 humilis
929 3499 1033 3564 abbas
1057 3510 1089 3564 ot
1111 3501 1307 3566 Transarico
1330 3502 1530 3567 advocatore
1549 3525 1607 3568 suo
1625 3501 1667 3566 ad
1683 3525 1759 3588 pars
1775 3505 1842 3568 iarn
1858 3503 1936 3567 dicti

293 3605 480 3668 monasterii
505 3613 617 3667 sancte
639 3602 753 3685 Marie,
778 3611 810 3667 et
831 3625 890 3687 per
911 3605 1089 3668 iussionem
1113 3605 1223 3668 domni
1246 3607 1450 3690 imperatoris
1474 3606 1539 3670 iam
1563 3606 1668 3670 dictus
1693 3606 1830 3671 domnus
1853 3606 1935 3670 Pan·
1955 3622 1989 3670 30

294 3705 401 3770 dolfus
430 3709 583 3790 princeps
614 3705 681 3770 dux
710 3715 743 3769 et
771 3704 915 3769 marchio
946 3708 1032 3769 misit
1062 3705 1205 3772 bandum
1236 3730 1256 3771 a
1284 3717 1376 3792 parte
1400 3707 1509 3773 domni
1531 3710 1736 3792 imperatoris
1759 3718 1792 3773 et
1815 3707 1854 3773 de
1878 3731 1937 3773 sua

293 3820 395 3895 parte,
419 3819 454 3873 ut
477 3811 671 3894 quicumque
692 3809 799 3892 ipsum
821 3806 974 3871 abbatem
998 3819 1055 3875 aut
1078 3831 1283 3874 successores
1308 3833 1384 3874 snos
1408 3810 1473 3876 aud
1496 3813 1752 3896 suprascriptum
1776 3821 1936 3876 monaste·

293 3915 376 3977 rium
399 3911 569 3976 disvestire
591 3912 816 3997 presumserit,
851 3913 997 3976 mancosi
1021 3911 1084 3976 duo
1108 3911 1197 3975 milia
1220 3924 1434 3997 componant,
1469 3913 1643 3978 medietate
1672 3935 1799 3979 camere
1826 3914 1936 3978 domni

293 4016 497 4099 imperatoris
521 4023 553 4078 et
575 4012 748 4078 medietate
772 4015 994 4099 suprascripto
1019 4023 1132 4079 sancto
1156 4017 1364 4080 monasterio.
1408 4016 1452 4080 Et
1480 4017 1644 4081 firmatum
1673 4027 1723 4080 est
1744 4017 1778 4079 in
1800 4018 1936 4081 istorum

296 4120 437 4183 omnium
469 4117 634 4202 presentia
664 4118 970 4201 suprascriptorum.
1017 4116 1124 4197 Quam
1154 4128 1186 4181 et
1215 4140 1275 4201 ego
1299 4118 1394 4205 Lupo
1423 4117 1519 4183 licet¹
1548 4118 1701 4183 scabinus
1732 4129 1764 4182 et
1790 4121 1935 4184 notarius
1954 4142 1988 4189 35

293 4220 338 4285 ibi
362 4222 407 4286 101
431 4232 462 4286 01
484 4244 527 4284 ex
548 4222 691 4285 iussione
714 4221 824 4284 domni
847 4220 1052 4302 imperatoris
1081 4228 1112 4282 et
1144 4220 1323 4285 Pandolfus
1352 4223 1509 4307 principis
1540 4221 1608 4286 dux
1636 4231 1668 4286 et
1696 4221 1875 4286 marchioni
1905 4232 1937 4286 et

294 4348 336 4388 cx
366 4323 453 4388 dicto
483 4323 695 4409 suprascripti
725 4323 848 4387 iudices
880 4335 911 4387 et
938 4322 1102 4407 episcopis
1131 4334 1163 4387 ct
1185 4322 1359 4388 comitibus
1384 4325 1498 4407 scripsi
1521 4323 1607 4388 hunc
1630 4325 1779 4388 notitiam
1801 4324 1935 4388 iudicati

294 4430 326 4491 in
349 4450 435 4492 anno
459 4426 501 4491 ab
524 4428 747 4491 incarnatione
770 4425 880 4490 domni
904 4427 1005 4490 nostri
1028 4425 1103 4490 Iesu
1127 4424 1261 4508 Christi,
1295 4428 1371 4491 anni
1400 4434 1475 4490 sunt
1497 4428 1742 4509 nongentesimo
1766 4435 1935 4510 septuage-

294 4532 386 4613 simo,
409 4531 486 4595 anni
508 4531 634 4615 imperii
657 4531 767 4614 magni
792 4528 921 4594 Ottonis
943 4530 1150 4613 imperatoris
1180 4528 1375 4592 serenissimi
1398 4528 1527 4610 augusti
1551 4548 1637 4590 nono
1652 4536 1671 4564 ¹¹¹
1695 4538 1726 4591 et
1749 4526 1826 4591 Otto
1850 4526 1936 4591 filius

292 4634 361 4697 eius
376 4631 506 4697 insimul
528 4654 602 4696 cum
618 4653 656 4695 eo
672 4634 706 4695 in
722 4654 807 4697 anno
831 4634 926 4696 tertio
950 4643 982 4697 et
1004 4653 1115 4697 rncnse
1138 4631 1345 4717 septembrio,
1368 4653 1426 4716 per
1448 4630 1626 4695 indictione
1650 4640 1767 4716 quarta
1791 4630 1934 4711 decima3
1954 4653 1988 4699 10

292 4745 400 4800 actum
422 4736 455 4798 in
478 4734 580 4798 Marsi
605 4756 715 4798 mense
737 4733 914 4800 indictione
927 4746 940 4772 ¹¹
965 4738 1205 4821 suprascripto,
1228 4735 1364 4799 feliciter
1386 4757 1491 4799 amen.

396 4870 531 4956 Signum
554 4872 685 4936 Ezzeca
707 4893 817 4937 comes
839 4872 951 4957 palatii
974 4873 1019 4936 ibi
1042 4873 1097 4936 101.
1143 4872 1279 4958 Signum
1302 4871 1496 4938 Theoderici
1526 4871 1855 4936 00110101110110110110
1885 4894 1935 4935 00-

293 4974 391 5039 clesie
419 4975 566 5039 minister
592 4973 732 5040 humilis.
777 4975 912 5059 Signum
941 4974 1075 5039 Dodoni
1104 4997 1214 5040 comes
1241 4974 1365 5039 11111111.
1411 4974 1546 5059 Signum
1569 4975 1655 5038 Petri
1678 4996 1789 5038 comes
1812 4974 1856 5038 ibi
1879 4975 1935 5038 101.

293 5078 364 5160 Ego
385 5077 555 5142 Albericns
580 5087 691 5141 sancte
715 5077 899 5140 Marsicane
923 5077 1059 5142 ecclesie
1083 5077 1190 5162 presul
1213 5077 1259 5142 ibi
1281 5078 1338 5141 101.
1383 5078 1455 5161 Ego
1480 5075 1668 5142 Gualterius
1692 5078 1866 5161 episcopus
1890 5075 1934 5139 ibi

292 5179 349 5242 1111.
386 5180 459 5263 Ego
476 5178 688 5245 Grimoaldus
712 5181 884 5264 episcopus
908 5179 952 5243 ibi
976 5180 1032 5243 1111.
1070 5180 1142 5262 Ego
1159 5179 1320 5244 Iohannes
1336 5179 1440 5245 abbas
1455 5179 1500 5244 ibi
1518 5180 1572 5243 1111.
1611 5179 1682 5261 Ego
1700 5178 1814 5242 Petrus
1830 5178 1934 5242 abbas
1953 5197 1986 5243 10

293 5282 338 5345 ibi
360 5282 417 5345 1111.
462 5282 534 5365 Ego
563 5281 724 5346 Iohannes
753 5281 856 5347 abbas
886 5282 930 5347 ibi
953 5285 1008 5347 101.
1053 5283 1125 5365 Ego
1148 5281 1308 5348 Beraldus
1331 5304 1441 5347 comes
1468 5282 1513 5346 ibi
1536 5281 1592 5344 101.
1637 5281 1709 5363 Ego
1733 5281 1935 5364 Mapmardus

379 5448 437 5502 3118.
462 5452 483 5509 fl
504 5452 670 5517 quendamA
751 5456 779 5519 gl
798 5454 950 5503 Trasutcius
963 5453 993 5511 A,
1012 5453 1062 5517 syl.
1080 5454 1239 5504 Trasaccnm
1252 5452 1339 5515 cafS.
1349 5453 1488 5504 462219
1574 5452 1600 5516 b)
1622 5451 1743 5511 diaconu,
1762 5452 1935 5512 Tondeuunu,

464 5538 619 5599 110101101111,
648 5538 718 5588 Ursu
745 5538 808 5588 ohne
833 5537 1100 5603 Ablrr'tnanqrzcichcn
1202 5525 1369 5605 1)(1001ἶ111
1478 5539 1507 5601 k)
1525 5554 1572 5603 per
1594 5552 1625 5585 ra
1650 5535 1672 5583 A
1777 5536 1796 5601 l)
1814 5534 1937 5600 richtr'per

463 5603 656 5725 ppplhilsqpidem
675 5606 737 5657 oder·
755 5608 857 5657 scilicet
950 5614 985 5663 1111
997 5606 1067 5669 fehlt
1085 5609 1114 5655 in
1131 5606 1169 5669 Α,
1187 5612 1288 5672 &ptiust
1306 5624 1353 5657 aas
1371 5603 1496 5656 Dusae
1582 5610 1610 5663 n)
1629 5605 1693 5652 iulio
1713 5604 1734 5651 A
1823 5610 1849 5665 o)
1870 5607 1935 5655 llat·
1953 5682 1988 5730 50
