4298 6414
219 413 284 480 256
815 419 1268 479 KAISERURKUNDEN.

323 607 379 662 lini
402 607 480 664 Hist.
506 605 628 663 Visbecc.
654 605 682 662 5.
709 636 747 645 -
771 602 894 662 Erlord
917 602 979 661 01).
1003 601 1107 673 Westf.
1131 607 1161 672 1,
1185 604 1226 661 46
1248 608 1283 659 a⁰
1305 604 1347 661 57
1374 618 1431 659 aas
1458 599 1498 660 A.
1524 631 1564 644 -
1591 600 1730 660 deoas
1751 604 1822 676 Watt.
1888 608 1892 615 '

320 711 354 768 K
356 710 390 770 U.
406 713 437 780 2,
454 713 497 768 72
516 715 551 766 a⁰
565 712 607 768 80
622 725 679 767 aas
694 706 723 766 A
737 725 778 766 aa
793 709 865 767 954.
885 740 922 750 -
941 706 1028 765 Fors.
1046 708 1080 764 in
1094 704 1188 765 Siata
1204 705 1299 764 Beitr.
1320 722 1379 763 sur
1392 703 1477 777 Dipl.
1495 706 1525 774 6,
1544 701 1615 774 Tus.
1630 707 1662 764 2.
1680 737 1720 747 -
1735 704 1826 782 Stampf

322 814 394 886 Rep.
415 815 479 872 233
501 830 541 870 su
565 814 637 872 954.

323 951 515 1010 Genetriebca
536 967 592 1008 roa
609 949 677 1007 LB.
699 949 776 1007 nach
798 951 890 1007 anam
913 950 966 1007 der
985 943 1210 1006 corroboratos
1233 946 1454 1018 eratbebrcndm,
1476 946 1620 1005 vicum
1634 964 1690 1005 sua
1703 946 1756 1004 alm
1767 950 1827 1009 saltu

322 1051 522 1125 uafiqcsctrten
538 1050 686 1124 Oascepte.
720 1048 920 1121 Ausfalrrlich
941 1050 1115 1122 besprochen
1136 1051 1169 1106 in
1192 1048 1288 1109 Sickel
1308 1048 1403 1108 Beitr.
1428 1067 1487 1108 ear
1508 1049 1595 1123 Dipl.
1619 1052 1648 1120 6,
1671 1050 1859 1122 3621Laos

315 1156 420 1229 jedocls
443 1156 496 1213 der
517 1155 669 1215 schreibcr
688 1154 761 1211 aaa
783 1156 838 1211 mit
859 1153 913 1211 der
934 1152 1013 1226 Siple
1034 1151 1096 1211 130.
1120 1152 1282 1211 bezeictaet
1303 1152 1421 1211 worden
1445 1154 1493 1212 ist.

324 1343 383 1422 (Ο.)
413 1338 427 1423 ξ
452 1341 491 1405 In
513 1341 644 1405 nomine
668 1340 898 1424 omnipotentis
921 1337 972 1402 dei
997 1347 1029 1401 et
1051 1337 1224 1402 salvatoris
1245 1339 1349 1402 nostri
1375 1337 1451 1402 Iesu
1473 1334 1607 1402 Christi.
1654 1336 1729 1403 Otto
1749 1338 1834 1404 divina

219 1447 349 1509 favente
379 1445 551 1509 clementia
578 1467 647 1508 rex.
744 1443 866 1507 Notum
889 1443 931 1505 sit
954 1434 1104 1506 omnibus
1127 1440 1279 1507 fidelibus
1300 1443 1421 1506 nostris
1443 1451 1512 1506 tam
1539 1441 1741 1527 presentibus
1760 1465 1836 1528 qmm

220 1547 425 1625 absentibus,
457 1570 517 1612 nos
546 1545 718 1611 tradidisse
748 1544 879 1609 cuidam
907 1543 921 1628 ξ
946 1543 1131 1628 venerande
1160 1554 1306 1610 matrone
1331 1547 1462 1611 nomine
1485 1544 1689 1611 Helmburhc
1717 1547 1841 1631 predium

220 1651 310 1737 quod
331 1674 391 1715 nos
413 1649 585 1714 habuimus
608 1650 641 1712 in
663 1648 741 1712 villa
764 1671 826 1733 quq
849 1647 969 1712 dicitur
979 1647 1142 1730 Visobiki,
1165 1649 1234 1712 iure
1255 1647 1451 1714 hereditario
1474 1659 1507 1714 et
1528 1652 1563 1714 in
1585 1648 1661 1713 aliis
1683 1648 1760 1713 locis
1779 1667 1848 1735 quo·
1866 1645 1905 1694 ¹⁰

220 1778 291 1819 rum
312 1754 365 1818 bic
388 1755 520 1818 nomina
544 1751 654 1817 subter
676 1750 815 1815 collecta
837 1761 921 1815 sunt.
959 1750 1075 1836 Itaque
1097 1749 1212 1814 cadem
1227 1750 1423 1816 venerabilis
1440 1753 1626 1837 prescripta
1641 1751 1829 1816 Helmburho
1838 1753 1855 1781 ²

221 1869 336 1944 postea
359 1856 439 1921 adiit
460 1867 605 1920 nostram
628 1856 852 1935 serenitatem,
883 1875 1004 1937 rogans
1028 1855 1181 1939 quatinus
1203 1852 1457 1919 concederemus
1480 1853 1558 1933 sibi,
1582 1864 1620 1919 ut
1642 1855 1862 1940 congregatio·

219 1984 294 2025 nem
317 1959 613 2024 sanctimonialium
635 1958 747 2024 liceret
769 1977 969 2040 congregare
991 1956 1025 2020 in
1046 1955 1212 2020 antedicta
1235 1955 1313 2020 villa
1334 1955 1496 2021 Visobiki.
1538 1957 1636 2021 Hanc
1659 1958 1763 2043 ipsam
1782 1951 1870 2042 peti‘

219 2065 341 2127 tionem
363 2063 584 2131 concessimus
606 2062 640 2125 in
662 2062 793 2125 nomine
816 2058 937 2123 domini
960 2060 1062 2124 nostri
1086 2058 1161 2123 Iesu
1184 2057 1305 2124 Christi
1328 2071 1361 2125 et
1381 2083 1441 2146 pro
1465 2082 1577 2126 amore
1606 2070 1720 2124 sancte
1740 2059 1877 2124 manae

220 2166 427 2251 omniumque
456 2174 641 2229 sanctorum
671 2185 730 2248 pro
759 2161 967 2247 remedioque
993 2164 1176 2227 animarum
1197 2163 1364 2249 Rioperhti
1387 2164 1511 2229 domini
1534 2165 1585 2228 sui
1608 2173 1642 2228 et
1663 2162 1838 2228 Richarddi
1855 2149 1883 2190 ⁸

219 2279 252 2333 et
272 2268 430 2333 Aelfdehc
452 2268 510 2332 filii
534 2269 583 2331 sui
606 2289 666 2332 nee
689 2288 755 2331 non
778 2275 811 2330 et
832 2266 971 2330 aliorum
999 2288 1132 2332 suorum
1159 2268 1398 2352 proximorum.
1442 2267 1540 2331 Hanc
1568 2269 1669 2331 etiam
1696 2265 1761 2331 illis
1787 2285 1890 2332 com*

219 2372 364 2437 cedimus
387 2381 582 2457 potestatem
604 2380 641 2434 ut
662 2368 807 2434 habeant
829 2393 887 2435 seu
908 2371 992 2435 inter
1014 2393 1050 2435 se
1072 2372 1140 2434 sive
1169 2370 1301 2436 aliunde
1329 2371 1532 2438 abbatissam
1560 2371 1702 2458 eligendi
1728 2370 1899 2436 liberam

220 2497 259 2539 ao
282 2476 449 2561 propriam
470 2472 659 2538 facultatem
682 2483 714 2537 et
735 2482 771 2537 ut
792 2472 874 2538 nulli
896 2473 1034 2558 seculari
1058 2472 1202 2539 dominio
1228 2475 1292 2538 sint
1318 2474 1478 2559 subiecta,
1511 2485 1651 2560 excepto
1674 2485 1787 2541 nostro
1809 2462 1903 2561 qui

220 2599 331 2641 earum
354 2576 534 2641 advocatus
558 2598 597 2639 ac
619 2575 772 2641 defensor
794 2574 856 2640 deo
879 2585 1044 2641 annuente
1066 2576 1316 2643 essevolumus.
1351 2579 1572 2664 Pmcipientes
1594 2580 1697 2644 etiam
1718 2576 1902 2642 iubemuff

219 2691 256 2745 ut
277 2680 384 2746 nullus
407 2679 507 2744 iudex
528 2678 679 2765 publicus
701 2701 805 2764 neque
829 2679 982 2764 quislibet
1004 2702 1046 2744 ex
1069 2679 1242 2744 iudiciaria
1268 2691 1431 2766 potestate
1452 2683 1602 2747 homines
1624 2681 1773 2768 predicte
1793 2703 1905 2746 aoc‘

219 2783 318 2868 clesie
346 2782 465 2847 liberos
494 2805 550 2848 seu
579 2782 713 2848 colonos
742 2782 818 2846 litos
840 2791 898 2846 aut
920 2804 1032 2846 servos
1054 2783 1088 2846 in
1109 2781 1219 2867 aliquo
1243 2786 1373 2868 negotio
1396 2786 1516 2850 iniuste
1537 2783 1734 2870 distringere
1756 2806 1898 2870 presa*

220 2896 297 2969 mat,
320 2886 383 2950 nisi
405 2895 533 2950 tantum
555 2885 736 2950 advocatus
759 2884 823 2949 loci
846 2884 942 2949 illius.
977 2885 1068 2949 Haec
1092 2896 1168 2950 sunt
1190 2885 1303 2971 predia
1325 2909 1388 2972 quq
1405 2890 1569 2974 pertinent
1582 2887 1628 2953 ad
1643 2880 1896 2973 supradictam

219 2989 414 3054 aecclesiam
436 2988 603 3054 Visobiki:
635 2991 668 3052 in
698 2989 754 3052 illo
786 2988 859 3052 loco
888 3010 947 3051 sex
976 2989 1103 3052 mansi⁶
1131 2987 1218 3073 pleni
1230 2986 1254 3070 ἃ,
1287 2991 1421 3075 insuper
1450 2993 1550 3055 etiarn
1579 2993 1613 3055 in
1642 2991 1694 3056 his
1716 2989 1799 3056 locis
1819 2992 1883 3054 ita.

218 3095 409 3159 nominatis:
441 3092 676 3158 Vuendredesa
699 3111 721 3174 1,
743 3090 1076 3175 Vuigbaldeshusun⁶
1097 3109 1152 3155 1111
1175 3093 1289 3172 mansi,
1312 3093 1550 3158 Benneshusun
1571 3111 1585 3157 1
1608 3114 1753 3175 mansus,
1776 3091 1862 3157 Had-

219 3197 382 3262 deshusun
405 3215 417 3260 1
440 3219 589 3277 mansus,
618 3195 852 3260 Tiadanhusuu
874 3213 887 3258 1
909 3217 1059 3277 mansus,
1089 3192 1354 3259 Hainanhusun¹
1372 3215 1399 3260 11
1421 3197 1526 3261 mansi
1558 3206 1591 3261 et
1618 3198 1652 3261 in
1680 3196 1757 3262 aliis
1783 3196 1860 3261 locis

219 3301 263 3365 ad
285 3301 499 3365 ministerium
521 3298 679 3382 aecclesie
694 3297 845 3363 Visobiki
864 3315 993 3361 xxvnll
1016 3299 1121 3362 mansi
1144 3300 1179 3363 in
1200 3319 1286 3383 pago
1309 3298 1422 3364 Tilithi
1443 3301 1477 3364 in
1499 3302 1658 3365 comitatu
1679 3299 1861 3365 Hirimanm

220 3405 347 3468 comitis
369 3405 549 3488 iterumque
571 3403 605 3466 in
627 3423 713 3487 pago
736 3401 892 3467 Merstem
913 3405 947 3466 in
970 3405 1127 3468 comitatu
1148 3403 1294 3469 eiusdem
1317 3407 1444 3470 comitis
1460 3422 1526 3470 vm
1539 3406 1646 3470 mansi
1669 3416 1703 3470 et
1723 3406 1758 3470 in
1778 3425 1861 3491 pago

219 3507 370 3591 Laginga
398 3523 434 3569 vr
462 3507 567 3571 mansi
600 3506 635 3569 in
663 3506 819 3570 comitatu
846 3505 999 3571 Dodican
1028 3516 1061 3571 et
1089 3508 1123 3570 in
1155 3528 1241 3592 pago
1269 3507 1441 3572 Vuestfala
1469 3510 1504 3572 in
1531 3511 1690 3574 comitatu
1720 3508 1861 3573 Heinrici

219 3611 347 3674 comitis
371 3627 394 3672 x
417 3620 449 3674 et
471 3627 535 3673 vm
558 3609 664 3673 mansi
695 3620 728 3672 et
754 3610 787 3673 in
810 3612 965 3675 comitatu
988 3609 1224 3675 Hroduuerlres
1247 3629 1283 3673 m
1305 3613 1411 3676 mansi
1434 3621 1465 3676 ct
1487 3612 1520 3676 in
1543 3612 1622 3676 villa
1644 3635 1708 3698 que
1729 3621 1862 3676 vocatur

220 3711 463 3798 Hramnesberg
490 3731 518 3776 11
546 3713 666 3793 mansi,
700 3711 914 3797 Flabtthorpe
943 3732 955 3776 1
984 3736 1133 3796 mansus,
1167 3715 1201 3778 in
1229 3713 1339 3778 Auion
1361 3733 1415 3779 1111
1438 3718 1543 3780 mansi
1573 3725 1607 3779 et
1638 3717 1673 3780 in
1708 3716 1860 3780 comitatu

219 3815 429 3880 Vuirinhardi
452 3826 576 3881 curtem
599 3816 730 3879 nomine
752 3814 929 3880 Thuliberh
954 3834 974 3878 v
997 3819 1114 3883 mansi.

320 3951 334 4032 ἔ
357 3954 491 4038 Signum
514 3954 623 4019 domni
648 3953 780 4019 Ottonis
803 3955 1000 4018 serenissimi
1022 3956 1108 4037 regis
1130 3952 1144 4035 ξ
1165 3955 1254 4035 (MP.)

322 4054 336 4140 ξ
357 4058 522 4123 Liutulfus
544 4060 690 4125 notarius
714 4056 863 4123 advioem
884 4058 1049 4121 Brunonis
1072 4056 1349 4144 archicappellani
1370 4062 1558 4144 recognovi.
1580 4057 1595 4140 ξ
1616 4060 1860 4142 (81.1>.)⁸(sa)

321 4193 411 4257 Data
433 4211 496 4258 1111.
520 4194 592 4258 idus
616 4195 754 4259 ianuarii
778 4216 864 4258 anno
888 4193 1072 4259 dominicae
1101 4196 1335 4260 incarnationis
1364 4212 1568 4280 mccccuml,
1602 4197 1781 4264 indictione
1802 4213 1859 4275 vn,

219 4307 373 4381 regnante
396 4299 451 4382 pio
474 4320 550 4382 rege
573 4297 694 4363 Ottone
717 4320 803 4362 anno
826 4299 1002 4382 vigesimo,
1025 4308 1134 4362 actum
1155 4299 1352 4383 Brugkiem3
1374 4298 1513 4364 feliciter
1535 4301 1569 4364 in
1592 4298 1736 4365 domino.

999 4538 1085 4616 175.

229 4694 310 4772 Otto
327 4693 468 4769 sedauit
484 4693 548 4769 der
566 4693 808 4791 biscltoflichcn.
827 4693 958 4781 Kirchc
975 4720 1021 4769 zu
1042 4693 1144 4771 Char
1161 4693 1231 4768 deu.
1248 4693 1463 4793 Kooiqsbof
1473 4694 1597 4769 Zizers
1614 4692 1696 4769 aad
1708 4704 1862 4794 qestattet

218 4817 277 4890 iar
299 4819 358 4890 ein
379 4813 499 4914 Schiff
515 4815 591 4914 asaf
606 4815 685 4888 dena
707 4815 898 4888 Wullcusee
919 4840 966 4888 zu
986 4815 1115 4888 baltea.
1319 4852 1481 4927 pompm
1502 4854 1566 4914 955
1588 4852 1749 4913 Dm
1768 4855 1820 4914 23·

324 5042 571 5116 Oripr'ooldr‘plom
595 5043 636 5099 im
662 5042 890 5102 Germanisclcn
911 5042 1053 5101 Micam
1074 5059 1114 5099 ru
1136 5038 1330 5118 rutmoay(
1358 5040 1378 5119 ).

320 5181 486 5241 Bmsctias
509 5182 647 5253 aptam
667 5181 703 5238 dc
726 5197 770 5253 ep.
791 5180 890 5240 Germ.
913 5177 965 5239 24'
988 5182 1035 5237 cet.
1058 5212 1100 5222 —
1122 5178 1273 5237 Eicltlom
1294 5179 1396 5252 Epioe.
1414 5176 1495 5249 Gur,
1513 5179 1600 5251 prob.
1622 5181 1667 5238 26
1688 5184 1723 5236 ιιο
1742 5181 1786 5238 20
1807 5194 1862 5237 aus
1877 5191 1905 5240 tt

307 5347 363 5401 lu.
391 5347 499 5418 [Sickel]
603 5351 630 5412 a)
648 5348 787 5401 HelmbA
891 5350 920 5409 b)
939 5355 964 5401 et
981 5349 1125 5399 Richarddi
1147 5364 1198 5400 oon
1214 5349 1325 5398 oerdw
1344 5347 1428 5399 Hasd
1447 5347 1511 5398 ibor
1527 5346 1576 5398 dor
1592 5347 1663 5398 Zeila
1678 5346 1863 5414 mchqetccpm

389 5416 1862 5484 e)tB.aaseottoeunaadarttqemanse,mammamtqaaenmmmoofmamansi

389 5490 510 5553 σοι-ἠρῶ
526 5487 622 5551 sors-de,
641 5487 708 5538 auct
725 5491 873 5538 mansusin
885 5488 973 5538 Anien
990 5487 1083 5537 Μαι
1099 5486 1284 5552 woprunqlat
1300 5503 1394 5538 mansa
1410 5486 1466 5537 md
1482 5502 1533 5536 ιν
1550 5487 1746 5538 Benneshusun
1763 5499 1776 5538 1
1792 5502 1862 5537 man·

389 5553 1861 5622 suswscbonmdateyisacayoeehrietmtateiehmfflnostnclderdtbmyffitedtmt,

388 5624 1310 5688 awasassnsmdacsmamtnmmumsnmm
1412 5622 1905 5692 d)ytdetfnllrcorr.mplenett

390 5695 751 5757 c)rosortcm.mVnib
854 5693 1232 5757 bdormnnsssm
1333 5693 1710 5761 gmtlt’tlnmtatd
