4500 6420
996 443 1165 498 orror.
1190 440 1261 497 sce.
1433 392 1436 399 ’
1886 438 1944 500 ssi

306 620 381 684 (lom
409 636 577 685 unu-edimus
606 635 734 684 donamus
763 644 842 699 stipite
871 637 996 697 largimur
1024 644 1050 685 et
1078 637 1109 686 dc
1132 646 1221 686 nostro
1245 640 1300 687 iure
1324 646 1349 687 et
1372 639 1487 687 ‹lonrinio
1511 642 1537 688 in
1561 656 1650 689 eornm
1673 643 1714 689 ius
1738 650 1764 690 et
1786 632 1948 700 ‹ilolmiuium

307 740 413 788 oninino
436 737 644 786 transfundimus
666 753 697 787 ac
720 729 881 801 deleglamus
903 755 957 788 una
979 756 1038 788 eum
1065 742 1133 790 casis
1161 733 1341 800 sedilminibns
1369 743 1468 805 eampis
1498 734 1591 801 [terris]
1621 745 1705 793 vineis
1733 745 1816 807 pratis
1845 746 1949 807 pascuis

306 841 381 890 silvis
402 843 479 905 aqiris
501 856 681 906 aqrrnrumque
704 841 858 891 decursibus
881 842 1039 891 molendinis
1060 844 1251 906 piscationibus
1274 846 1407 893 montibus
1429 845 1544 894 vallibus
1568 847 1729 910 planitiebus
1751 850 1834 898 servis
1856 852 1883 897 et
1905 862 1949 896 an-

308 946 376 995 cillis
399 945 550 994 aldionibus
573 951 598 993 et
621 944 733 993 aldianis
756 946 910 1010 eirnetisque
934 946 1012 994 rebus
1035 951 1061 995 et
1084 945 1189 995 familiis
1211 948 1280 996 iuste
1303 953 1329 995 et
1351 948 1470 1013 legaliter
1495 949 1528 1018 ad
1551 951 1655 1000 easdem
1684 958 1769 1001 cortes
1797 951 1950 1015 pertiuenti-

273 1050 357 1098 bbus
380 1056 406 1098 et
428 1049 630 1112 respicientibus
661 1050 687 1096 in
717 1049 861 1113 integrum,
895 1056 1026 1112 qiratcnus
1052 1051 1172 1099 canonici
1195 1052 1223 1097 in
1245 1051 1356 1100 ecelesia
1379 1052 1449 1101 beati
1471 1053 1579 1101 Martini
1602 1054 1660 1102 deo·
1674 1055 1831 1104 famulantes
1854 1059 1881 1104 et
1903 1069 1950 1117 pro

258 1155 263 1190 ἓ
308 1153 446 1201 animabus
475 1139 621 1221 superius
644 1137 818 1200 nominatis
849 1160 874 1200 et
905 1168 951 1216 pro
984 1154 1059 1200 nobis
1088 1136 1183 1201 deum
1213 1158 1351 1201 exorantes
1377 1154 1492 1218 prefatas
1515 1162 1600 1206 cortes
1623 1173 1683 1206 cum
1706 1159 1828 1207 omnibus
1850 1157 1884 1206 ad
1906 1173 1951 1207 eas

309 1256 501 1320 pertinentibus
525 1257 551 1303 in
574 1257 704 1319 integrum
734 1239 797 1302 illis
824 1239 1034 1303 concedimus
1047 1249 1067 1319 ⁰,
1101 1262 1131 1304 ut
1153 1257 1267 1306 babeant
1291 1263 1397 1306 teneant
1419 1257 1578 1324 firmiterque
1601 1261 1761 1325 possideant.
1806 1261 1952 1311 Statuimus

308 1364 338 1407 ut
360 1360 499 1422 episeopus
522 1358 573 1406 loci
596 1357 695 1406 nullam
718 1373 850 1421 quoquam
873 1359 901 1405 in
924 1365 1040 1422 tempure
1070 1358 1101 1407 de
1128 1359 1236 1421 prefatis
1266 1361 1383 1410 cortibus
1412 1368 1568 1425 potestatem
1597 1363 1694 1413 habeat
1724 1380 1807 1429 neque
1836 1363 1897 1413 inde
1924 1379 1951 1412 se

253 1462 258 1473 '
309 1463 465 1510 intromittat
488 1461 538 1508 nisi
561 1460 594 1509 ad
617 1462 803 1509 canonicorum
827 1460 955 1509 arixilium
978 1467 1003 1509 et
1027 1461 1212 1522 salvationem,
1248 1469 1274 1510 et
1296 1464 1317 1509 si
1340 1463 1411 1527 qiiod
1434 1464 1502 1512 absit
1525 1481 1541 1512 a
1564 1469 1692 1529 potestate
1719 1481 1809 1515 eorum
1836 1465 1952 1530 prefatas

258 1564 290 1610 10
309 1570 394 1613 cortes
417 1580 476 1613 cum
499 1564 621 1612 omnibus
644 1562 677 1611 ad
701 1579 728 1611 se
750 1564 943 1626 pertinentibus
966 1565 1106 1628 episeopus
1128 1565 1179 1613 loci
1202 1571 1250 1614 arat
1271 1565 1342 1614 ullus
1359 1568 1465 1616 invasor
1480 1567 1570 1617 tulerit
1585 1573 1632 1617 aut
1647 1553 1770 1638 aliquld
1786 1568 1953 1628 subtraxerit,

309 1676 372 1717 tune
395 1668 537 1717 deveniant
559 1668 585 1715 iu
609 1684 625 1714 a
647 1673 803 1730 potestatem
826 1651 918 1715 (lucis
941 1659 974 1714 et
996 1650 1192 1715 marchionis
1216 1651 1306 1735 Luce.
1328 1654 1481 1737 civitatis,
1508 1670 1600 1719 tandiu
1624 1670 1708 1720 donec
1729 1670 1790 1719 talis
1813 1671 1953 1734 episeopus

309 1772 410 1820 venerit
440 1772 485 1834 qui
514 1770 629 1834 prefatas
661 1776 746 1819 cortes
775 1772 801 1817 in
830 1771 887 1818 iure
917 1777 943 1818 et
970 1775 1101 1834 potestate
1127 1770 1314 1819 canonicorum
1337 1787 1394 1821 esse
1417 1774 1558 1836 permittat.
1602 1774 1724 1838 Denique
1747 1779 1774 1823 et-
1795 1774 1899 1838 plebem
1921 1773 1953 1823 de

310 1874 477 1939 Sugrominio
501 1877 526 1923 in
550 1876 648 1924 bonore
671 1877 754 1924 saneti
778 1875 915 1923 Laurentii
946 1858 1122 1925 constructam
1153 1890 1230 1939 quam
1255 1875 1392 1925 conradus
1421 1860 1564 1925 eiusdem
1587 1862 1730 1925 civitatis
1759 1878 1899 1942 episcopus
1921 1893 1953 1926 ex

310 1984 384 2044 piarte
412 1980 538 2043 episcopii
568 1978 627 2027 loeo
655 1982 749 2042 quarte
777 1979 905 2041 portionis
934 1994 966 2028 ex
996 1978 1103 2028 decimis
1124 1978 1241 2043 predicte
1264 1980 1390 2044 canonice
1413 1981 1440 2027 in
1464 1995 1540 2028 usum
1564 1986 1590 2028 et
1612 1984 1745 2044 sumptum
1768 1981 1953 2030 canonicorum

261 2089 291 2134 lb
311 2098 356 2146 per
379 2082 504 2146 scriptum
527 2082 671 2141 concessit,
694 2095 740 2142 per
763 2081 812 2129 boc
835 2085 952 2129 ttoslrum
976 2086 1127 2145 preceptum
1151 2083 1334 2132 continuamus
1357 2090 1383 2133 et
1405 2085 1618 2145 corroboramus,
1645 2089 1790 2134 statuentes
1814 2090 1843 2133 ut
1865 2084 1954 2133 nullus

310 2186 493 2248 episcoporum
516 2183 624 2233 eundem
649 2183 751 2246 plebem
774 2197 791 2231 a
813 2189 942 2246 potestate
965 2187 1151 2234 canrrmcorum
1175 2186 1266 2236 tollere
1289 2194 1430 2250 presumat.
1474 2187 1514 2236 De
1537 2192 1624 2251 cetero
1647 2188 1729 2235 totius
1756 2187 1855 2236 ordinis
1878 2202 1955 2236 eano-

310 2288 384 2336 nicos
413 2287 596 2350 premensque
625 2290 710 2333 eones
740 2291 766 2332 et
793 2284 896 2348 plebem
926 2281 1023 2356 atque
1053 2294 1163 2336 omnes
1192 2272 1319 2338 illorum
1345 2275 1531 2338 offersiones
1559 2296 1778 2360 quascumque
1795 2274 1955 2338 bomines

310 2372 451 2457 religiosi
481 2396 539 2457 pro
569 2372 740 2436 animabus
771 2372 968 2456 pare[n]tum
997 2397 1128 2439 suorum
1157 2379 1190 2438 in
1221 2376 1334 2440 eodem
1361 2376 1435 2440 loeo
1460 2376 1617 2440 dederunt
1640 2376 1690 2440 vel
1714 2376 1802 2462 quod
1823 2378 1955 2440 inantea

310 2476 430 2539 ibidem
455 2476 560 2540 (laturi
585 2485 672 2558 sunt,
708 2507 766 2541 crim
791 2493 913 2542 cnniibus
936 2494 1015 2542 rebus
1038 2500 1064 2542 et
1085 2493 1192 2542 familiis
1215 2493 1248 2542 ad
1270 2495 1374 2544 easdem
1398 2502 1483 2544 cortes
1506 2501 1532 2545 ct
1554 2496 1657 2559 plebem
1687 2503 1743 2543 seu
1768 2480 1955 2543 offersiones

260 2596 504 2659 apertinentibus
527 2600 688 2660 currctasque
711 2612 751 2645 res
774 2602 800 2644 et
823 2597 935 2644 fannlias
957 2597 1144 2646 canonicorum
1168 2597 1217 2645 snb
1240 2603 1355 2646 nostram
1384 2598 1562 2648 defensionem
1585 2603 1612 2647 et
1633 2597 1828 2647 mundburdum
1856 2597 1955 2661 recepi-

311 2716 369 2748 mus
392 2704 471 2763 atque
493 2701 668 2764 precipientes
690 2701 825 2759 iubemus,
860 2704 890 2748 ut
911 2700 1001 2748 trullus
1024 2699 1078 2748 dux
1100 2701 1216 2750 marchio
1239 2717 1326 2750 comcs
1349 2703 1489 2765 episcopus
1512 2707 1558 2750 aut
1580 2700 1637 2750 ulla
1658 2701 1731 2766 regni
1754 2701 1837 2750 nostri
1859 2713 1956 2765 magua

311 2819 445 2868 parvaque
468 2819 581 2867 persona
603 2805 744 2853 carronieos
766 2805 793 2851 in
815 2783 929 2853 ¹ecclesia
950 2804 1022 2852 beati
1044 2803 1152 2853 Martini
1175 2804 1223 2852 deo
1247 2805 1390 2854 servientes
1412 2806 1559 2869 inquietare
1584 2788 1635 2853 vel
1659 2788 1831 2854 molestare
1859 2804 1957 2854 audeat

312 2914 359 2957 aut
381 2908 412 2957 de
435 2908 544 2971 prefatis
566 2909 683 2956 cortibus
707 2914 732 2957 ct
755 2908 831 2972 plebe
853 2891 905 2954 vel
928 2891 1150 2955 offersionibus
1175 2906 1312 2956 (devestire
1335 2914 1382 2957 aut
1404 2909 1566 2957 invasionem
1590 2908 1675 2957 lacere
1698 2913 1833 2971 presumat
1855 2912 1901 2955 aut
1924 2907 1955 2956 de

313 3013 391 3061 rebus
415 3027 504 3060 eorum
528 3012 641 3074 propriis
664 3013 719 3059 sine
743 3011 821 3076 legali
844 3010 942 3059 iudicio
966 3011 1102 3058 disvestire
1125 3025 1172 3058 seu
1194 3017 1236 3057 ex
1259 3010 1365 3058 familiis
1387 3015 1504 3073 temptet,
1532 3010 1578 3059 sed
1600 3010 1679 3059 liceat
1703 3011 1740 3059 eis
1763 3010 1877 3074 prelatas
1900 3026 1955 3059 cor-

261 3120 294 3167 25
313 3122 353 3164 tes
376 3122 402 3163 et
424 3115 527 3178 plebem
550 3119 638 3162 tenere
661 3120 734 3161 (tum
752 3100 837 3161 omni
855 3098 1025 3161 offersione
1048 3119 1073 3162 ct
1097 3128 1143 3176 pro
1167 3113 1311 3176 pretaxatis
1334 3114 1472 3162 arrimabus
1496 3119 1522 3162 ct
1543 3113 1620 3161 nobis
1643 3113 1720 3162 deum
1743 3128 1852 3162 exorare
1867 3114 1955 3177 quiete

313 3234 344 3267 tue
367 3218 475 3283 pucilice
497 3219 585 3266 vivere
608 3218 678 3265 omni
702 3216 909 3264 contradictione
932 3220 1038 3264 remota.
1083 3214 1110 3262 Si
1132 3216 1191 3279 quis
1215 3216 1295 3279 igitur
1317 3216 1396 3264 baritis
1419 3217 1535 3279 precepti
1558 3215 1671 3264 violator
1694 3217 1816 3277 extiterit,
1839 3216 1906 3265 sciat
1928 3231 1955 3265 sc

313 3323 518 3385 compositurum
542 3320 599 3368 auri
622 3321 713 3382 optimi
736 3319 816 3367 libras
840 3323 958 3377 centum,
988 3318 1153 3368 medietatem
1176 3319 1282 3383 kamere
1305 3323 1393 3383 nostre
1416 3324 1442 3367 et
1464 3318 1630 3368 uredietatem
1654 3319 1787 3368 canonicis
1811 3320 1837 3366 iu
1861 3334 1955 3367 memo-

314 3432 371 3475 ratu
393 3424 503 3473 ecelesia
526 3438 573 3486 pro
597 3427 714 3486 tempore
737 3421 785 3470 deo
809 3421 1006 3480 intimantibus,
1030 3427 1057 3470 et
1078 3423 1185 3485 insuper
1207 3429 1296 3487 eterne
1319 3422 1495 3470 ‹lamnationis
1517 3436 1611 3486 penam
1634 3423 1752 3470 incurrat
1773 3427 1873 3470 etcum
1889 3420 1957 3469 Iuda

314 3529 439 3578 traditore
460 3533 560 3591 partem
585 3527 611 3574 in
634 3526 676 3574 die
698 3525 788 3574 iudicii
812 3525 916 3574 lrabeat.
954 3525 989 3573 Et
1011 3530 1041 3572 ut
1062 3525 1112 3573 lice
1135 3531 1223 3590 nostre
1244 3525 1393 3589 largitionis
1415 3524 1513 3574 ‹louurn
1537 3531 1621 3574 ratum
1645 3527 1672 3572 in
1694 3530 1828 3588 posterum
1852 3530 1956 3573 maneat

263 3637 295 3683 30
314 3633 518 3696 diligentiusque
541 3631 574 3679 ab
598 3630 721 3679 omnibus
743 3630 904 3690 observetur,
928 3643 1007 3677 manu
1030 3629 1137 3692 propria
1158 3629 1312 3677 roborantes
1335 3628 1409 3677 anuli
1431 3629 1513 3676 nostri
1535 3629 1706 3692 impressione
1727 3628 1817 3677 subter
1835 3628 1956 3677 annotari

314 3736 446 3784 iussimus.

418 3873 552 3957 Signum
576 3872 686 3936 domni
710 3872 864 3935 Hottonis
887 3872 951 3953 (M.)
976 3874 1171 3937 serenissimi
1194 3873 1409 3956 imperatoris.

417 3995 601 4078 Liutgerius
625 3993 838 4057 cancellarius
862 3992 1010 4057 advieem
1025 3994 1187 4058 Brunonis
1210 3991 1489 4056 archicancellarii
1513 3993 1688 4076 recognovi
1712 4000 1744 4054 et
1767 3990 1955 4075 subscripsi.

418 4151 506 4214 Data
528 4168 576 4213 111.
602 4150 674 4214 idus
697 4151 803 4214 martii
827 4173 913 4214 anno
937 4149 1097 4233 dominice
1121 4149 1355 4213 incarnationis
1385 4163 1586 4221 beescam,
1621 4168 1707 4210 anno
1729 4167 1806 4210 vero
1830 4146 1956 4230 imperii

266 4270 298 4316 so
317 4255 427 4319 domni
452 4253 581 4317 Ottonis
604 4254 719 4336 prime,
742 4251 917 4316 indictione
941 4271 979 4333 v3
1002 4261 1112 4316 aetum
1135 4251 1241 4335 Luce3
1264 4250 1402 4316 feliciter
1424 4272 1528 4315 amen.

402 4441 460 4494 238.
489 4446 512 4502 c)
533 4440 677 4492 13:120.
696 4451 726 4491 11.
757 4441 853 4491 Iader
871 4441 979 4492 VU.ll:
1008 4444 1035 4490 in
1058 4443 1189 4505 integrum
1211 4439 1329 4490 habeant
1351 4445 1459 4489 teneant
1476 4438 1635 4504 firmiterque
1658 4437 1823 4503 possideaut;
1851 4439 1958 4499 insuper

489 4514 566 4561 etiam
585 4519 683 4560 cortem
701 4510 775 4559 illam
792 4527 843 4576 que
862 4512 951 4560 Massa
964 4511 1059 4560 Grausi
1080 4510 1182 4572 dicitur,
1202 4524 1281 4574 quam
1298 4513 1382 4559 mater
1399 4513 1489 4558 nostm
1507 4508 1540 4557 dc
1558 4509 1639 4571 patris
1659 4509 1739 4556 nostri
1759 4522 1859 4570 sucique
1873 4507 1957 4570 pretio

488 4582 657 4644 comparavit,
676 4595 754 4644 qitam
773 4583 850 4629 etiarn
869 4597 917 4629 nos
936 4580 1034 4629 dudum
1053 4579 1153 4644 prefate
1172 4578 1284 4643 ecclesie
1302 4579 1374 4628 beati
1391 4577 1498 4626 Martini
1517 4579 1544 4625 in
1563 4591 1638 4624 usum
1658 4582 1683 4624 et
1701 4582 1832 4639 sumptum
1851 4577 1957 4623 canoni-

488 4665 577 4698 corum
596 4665 643 4713 pro
662 4649 800 4698 animabus
819 4649 953 4698 Adalberti
971 4648 1130 4698 marchionis
1148 4649 1289 4712 matrisque
1308 4653 1395 4711 nostre
1414 4647 1492 4709 Berte
1510 4661 1556 4710 per
1579 4645 1648 4694 hanc
1672 4650 1759 4708 nostre
1782 4645 1958 4708 preceptionis

488 4721 610 4782 paginam
630 4718 812 4767 confirmamus
830 4717 993 4783 pleniterque
1012 4718 1220 4778 corroboramus,
1238 4721 1269 4765 ut
1285 4716 1401 4765 habeant
1418 4720 1526 4764 teneant
1543 4714 1701 4778 firmiterque
1719 4713 1879 4776 possideant.
1904 4710 1959 4759 Der

489 4786 623 4836 Selireiber
641 4786 729 4849 obipsn
748 4787 782 4834 D.
807 4786 850 4834 bat
874 4786 929 4835 also
952 4786 1000 4834 das
1023 4788 1079 4835 eine
1101 4786 1217 4836 habeant
1238 4785 1285 4833 mit
1306 4784 1365 4834 dem
1387 4783 1487 4833 αοιᾶενη
1508 4781 1668 4832 commacu
1690 4781 1744 4829 ried
1767 4780 1811 4827 liat
1834 4797 1862 4828 eo
1886 4781 1959 4827 einen
1988 4836 1991 4840 Δ

489 4856 584 4904 Possm
601 4856 685 4904 astoer
702 4855 808 4919 Vorlope
824 4855 1022 4919 tibereprrmqers
