<?xml version="1.0" encoding="UTF-8"?>
<!DOCTYPE html PUBLIC "-//W3C//DTD XHTML 1.0 Transitional//EN"
    "http://www.w3.org/TR/xhtml1/DTD/xhtml1-transitional.dtd">
<html xmlns="http://www.w3.org/1999/xhtml" xml:lang="en" lang="en">
 <head>
  <title>
</title>
<meta http-equiv="Content-Type" content="text/html;charset=utf-8" />
  <meta name='ocr-system' content='tesseract 3.04.00' />
  <meta name='ocr-capabilities' content='ocr_page ocr_carea ocr_par ocr_line ocrx_word'/>
</head>
<body>
  <div class='ocr_page' id='page_1' title='image "./conradiiheinric00ottogoog/conradiiheinric00ottogoog_0125.png"; bbox 0 0 4298 6414; ppageno 0'>
   <div class='ocr_carea' id='block_1_1' title="bbox 984 455 1938 521">
    <p class='ocr_par' dir='ltr' id='par_1_1' title="bbox 984 455 1938 521">
     <span class='ocr_line' id='line_1_1' title="bbox 984 455 1938 521; baseline -0.003 -1"><span class='ocrx_word' id='word_1_1' title='bbox 984 464 1109 521; x_wconf 87' lang='grc' dir='ltr'>ΟΤΤΟ</span> <span class='ocrx_word' id='word_1_2' title='bbox 1132 466 1155 519; x_wconf 92' lang='lat'><strong>1.</strong></span> <span class='ocrx_word' id='word_1_3' title='bbox 1180 461 1252 519; x_wconf 83' lang='lat'>936.</span> <span class='ocrx_word' id='word_1_4' title='bbox 1896 455 1938 517; x_wconf 86' lang='lat'><strong>93</strong></span> 
     </span>
    </p>
   </div>
   <div class='ocr_carea' id='block_1_2' title="bbox 386 646 1937 1138">
    <p class='ocr_par' dir='ltr' id='par_1_2' title="bbox 386 646 1937 1138">
     <span class='ocr_line' id='line_1_2' title="bbox 389 646 1936 724; baseline -0.004 -14"><span class='ocrx_word' id='word_1_5' title='bbox 389 650 568 724; x_wconf 65' lang='lat' dir='ltr'><strong>racemate</strong></span> <span class='ocrx_word' id='word_1_6' title='bbox 589 648 823 721; x_wconf 75' lang='lat' dir='ltr'><strong>Bestiaffenbeit</strong></span> <span class='ocrx_word' id='word_1_7' title='bbox 849 648 967 708; x_wconf 77' lang='lat' dir='ltr'><strong>aaiiess.</strong></span> <span class='ocrx_word' id='word_1_8' title='bbox 1007 648 1068 706; x_wconf 86' lang='lat' dir='ltr'><strong>Hat</strong></span> <span class='ocrx_word' id='word_1_9' title='bbox 1097 648 1183 706; x_wconf 84' lang='lat' dir='ltr'><strong>dabei</strong></span> <span class='ocrx_word' id='word_1_10' title='bbox 1212 649 1265 706; x_wconf 84' lang='lat' dir='ltr'><strong>der</strong></span> <span class='ocrx_word' id='word_1_11' title='bbox 1290 648 1427 706; x_wconf 75' lang='lat' dir='ltr'><em>Dictator</em></span> <span class='ocrx_word' id='word_1_12' title='bbox 1454 650 1508 706; x_wconf 75' lang='lat' dir='ltr'><strong>tait</strong></span> <span class='ocrx_word' id='word_1_13' title='bbox 1533 664 1663 720; x_wconf 64' lang='lat' dir='ltr'><strong>prosse-m</strong></span> <span class='ocrx_word' id='word_1_14' title='bbox 1689 646 1828 707; x_wconf 80' lang='lat' dir='ltr'><strong>Gesctict</strong></span> <span class='ocrx_word' id='word_1_15' title='bbox 1855 648 1936 705; x_wconf 73' lang='lat' dir='ltr'><strong>zali-l-</strong></span> 
     </span>
     <span class='ocr_line' id='line_1_3' title="bbox 390 751 1937 824; baseline -0.004 -10"><span class='ocrx_word' id='word_1_16' title='bbox 390 754 484 814; x_wconf 82' lang='lat' dir='ltr'><strong>reicbc</strong></span> <span class='ocrx_word' id='word_1_17' title='bbox 506 754 605 814; x_wconf 84' lang='lat' dir='ltr'><strong>Worte</strong></span> <span class='ocrx_word' id='word_1_18' title='bbox 627 753 691 813; x_wconf 75' lang='lat' dir='ltr'><strong>arrd</strong></span> <span class='ocrx_word' id='word_1_19' title='bbox 712 753 799 812; x_wconf 79' lang='lat' dir='ltr'><strong>selbot</strong></span> <span class='ocrx_word' id='word_1_20' title='bbox 821 752 951 812; x_wconf 74' lang='grc' dir='ltr'><em>εἰηεεῑιιε</em></span> <span class='ocrx_word' id='word_1_21' title='bbox 973 751 1061 811; x_wconf 76' lang='lat' dir='ltr'><strong>Sittae</strong></span> <span class='ocrx_word' id='word_1_22' title='bbox 1083 768 1140 810; x_wconf 87' lang='lat' dir='ltr'><strong>aas</strong></span> <span class='ocrx_word' id='word_1_23' title='bbox 1163 751 1215 810; x_wconf 83' lang='lat' dir='ltr'><strong>der</strong></span> <span class='ocrx_word' id='word_1_24' title='bbox 1234 751 1297 812; x_wconf 89' lang='lat' dir='ltr'><strong>VU.</strong></span> <span class='ocrx_word' id='word_1_25' title='bbox 1321 754 1354 809; x_wconf 80' lang='lat' dir='ltr'><strong>ia</strong></span> <span class='ocrx_word' id='word_1_26' title='bbox 1381 753 1459 810; x_wconf 83' lang='lat' dir='ltr'><strong>seiae</strong></span> <span class='ocrx_word' id='word_1_27' title='bbox 1482 752 1621 824; x_wconf 67' lang='lat' dir='ltr'><strong>Fossam</strong></span> <span class='ocrx_word' id='word_1_28' title='bbox 1650 751 1937 809; x_wconf 55' lang='lat' dir='ltr'><strong>homericensium</strong></span> 
     </span>
     <span class='ocr_line' id='line_1_4' title="bbox 390 854 1937 928; baseline -0.003 -11"><span class='ocrx_word' id='word_1_29' title='bbox 390 855 582 927; x_wconf 62' lang='lat' dir='ltr'><strong>icaunam,</strong></span> <span class='ocrx_word' id='word_1_30' title='bbox 616 873 649 916; x_wconf 83' lang='lat' dir='ltr'><strong>so</strong></span> <span class='ocrx_word' id='word_1_31' title='bbox 677 855 745 916; x_wconf 78' lang='lat' dir='ltr'><strong>stad</strong></span> <span class='ocrx_word' id='word_1_32' title='bbox 773 855 844 915; x_wconf 76' lang='lat' dir='ltr'><strong>decit</strong></span> <span class='ocrx_word' id='word_1_33' title='bbox 872 855 925 913; x_wconf 83' lang='lat' dir='ltr'><strong>der</strong></span> <span class='ocrx_word' id='word_1_34' title='bbox 946 854 1171 927; x_wconf 64' lang='lat' dir='ltr'><strong>,tortuosarum</strong></span> <span class='ocrx_word' id='word_1_35' title='bbox 1193 855 1257 912; x_wconf 83' lang='lat' dir='ltr'><strong>aad</strong></span> <span class='ocrx_word' id='word_1_36' title='bbox 1277 854 1495 928; x_wconf 74' lang='lat' dir='ltr'><strong>Umsteilaapea</strong></span> <span class='ocrx_word' id='word_1_37' title='bbox 1517 854 1570 912; x_wconf 85' lang='lat' dir='ltr'><strong>der</strong></span> <span class='ocrx_word' id='word_1_38' title='bbox 1591 855 1689 914; x_wconf 77' lang='lat' dir='ltr'><strong>Wortc</strong></span> <span class='ocrx_word' id='word_1_39' title='bbox 1711 855 1774 912; x_wconf 82' lang='lat' dir='ltr'><strong>aad</strong></span> <span class='ocrx_word' id='word_1_40' title='bbox 1796 855 1849 913; x_wconf 85' lang='lat' dir='ltr'><strong>der</strong></span> <span class='ocrx_word' id='word_1_41' title='bbox 1868 854 1937 912; x_wconf 86' lang='lat' dir='ltr'><strong>Ver-</strong></span> 
     </span>
     <span class='ocr_line' id='line_1_5' title="bbox 388 956 1936 1034; baseline -0.005 -13"><span class='ocrx_word' id='word_1_42' title='bbox 388 963 585 1034; x_wconf 75' lang='lat' dir='ltr'><strong>besseranqea</strong></span> <span class='ocrx_word' id='word_1_43' title='bbox 607 960 660 1019; x_wconf 80' lang='lat' dir='ltr'><strong>der</strong></span> <span class='ocrx_word' id='word_1_44' title='bbox 680 959 832 1019; x_wconf 76' lang='lat' dir='ltr'><strong>Latinitctt</strong></span> <span class='ocrx_word' id='word_1_45' title='bbox 854 977 886 1020; x_wconf 85' lang='lat' dir='ltr'><strong>so</strong></span> <span class='ocrx_word' id='word_1_46' title='bbox 908 958 993 1029; x_wconf 75' lang='grc' dir='ltr'><em>εἱεῖε,</em></span> <span class='ocrx_word' id='word_1_47' title='bbox 1029 958 1098 1017; x_wconf 82' lang='lat' dir='ltr'><strong>dass</strong></span> <span class='ocrx_word' id='word_1_48' title='bbox 1120 976 1176 1016; x_wconf 80' lang='lat' dir='ltr'><strong>roa</strong></span> <span class='ocrx_word' id='word_1_49' title='bbox 1197 958 1263 1016; x_wconf 73' lang='lat' dir='ltr'><strong>aaa</strong></span> <span class='ocrx_word' id='word_1_50' title='bbox 1289 958 1431 1017; x_wconf 77' lang='lat' dir='ltr'><strong>Versaaite</strong></span> <span class='ocrx_word' id='word_1_51' title='bbox 1453 957 1506 1015; x_wconf 84' lang='lat' dir='ltr'><strong>dos</strong></span> <span class='ocrx_word' id='word_1_52' title='bbox 1533 956 1715 1016; x_wconf 76' lang='lat' dir='ltr'><strong>Verbaltaiss</strong></span> <span class='ocrx_word' id='word_1_53' title='bbox 1743 957 1838 1015; x_wconf 83' lang='lat' dir='ltr'><strong>dieser</strong></span> <span class='ocrx_word' id='word_1_54' title='bbox 1859 957 1936 1015; x_wconf 83' lang='lat' dir='ltr'><strong>Fas·</strong></span> 
     </span>
     <span class='ocr_line' id='line_1_6' title="bbox 386 1061 1935 1138; baseline -0.003 -15"><span class='ocrx_word' id='word_1_55' title='bbox 386 1081 467 1138; x_wconf 73' lang='lat' dir='ltr'><strong>scay</strong></span> <span class='ocrx_word' id='word_1_56' title='bbox 487 1081 528 1124; x_wconf 74' lang='lat' dir='ltr'><strong>aa</strong></span> <span class='ocrx_word' id='word_1_57' title='bbox 550 1063 604 1122; x_wconf 83' lang='lat' dir='ltr'><strong>der</strong></span> <span class='ocrx_word' id='word_1_58' title='bbox 625 1063 767 1135; x_wconf 69' lang='lat' dir='ltr'><strong>traheret</strong></span> <span class='ocrx_word' id='word_1_59' title='bbox 789 1065 832 1122; x_wconf 85' lang='lat' dir='ltr'><strong>im</strong></span> <span class='ocrx_word' id='word_1_60' title='bbox 853 1063 958 1122; x_wconf 83' lang='lat' dir='ltr'><strong>Draat</strong></span> <span class='ocrx_word' id='word_1_61' title='bbox 979 1080 1020 1122; x_wconf 79' lang='grc' dir='ltr'><strong>ειι</strong></span> <span class='ocrx_word' id='word_1_62' title='bbox 1041 1062 1315 1122; x_wconf 67' lang='grc' dir='ltr'><em>εεειιιιεειιιιιιῑιῗειιειι</em></span> <span class='ocrx_word' id='word_1_63' title='bbox 1337 1062 1472 1122; x_wconf 80' lang='lat' dir='ltr'><strong>Abstaad</strong></span> <span class='ocrx_word' id='word_1_64' title='bbox 1490 1078 1662 1137; x_wconf 71' lang='lat' dir='ltr'><strong>qeaommea</strong></span> <span class='ocrx_word' id='word_1_65' title='bbox 1683 1061 1799 1121; x_wconf 79' lang='lat' dir='ltr'><strong>soerdea</strong></span> <span class='ocrx_word' id='word_1_66' title='bbox 1817 1065 1935 1120; x_wconf 77' lang='lat' dir='ltr'><strong>arasste.</strong></span> 
     </span>
    </p>
   </div>
   <div class='ocr_carea' id='block_1_3' title="bbox 198 1248 1996 2989">
    <p class='ocr_par' dir='ltr' id='par_1_3' title="bbox 249 1248 1996 1644">
     <span class='ocr_line' id='line_1_7' title="bbox 388 1248 1937 1336; baseline -0.003 -22"><span class='ocrx_word' id='word_1_67' title='bbox 388 1252 449 1331; x_wconf 81' lang='lat' dir='ltr'><strong>(C.)</strong></span> <span class='ocrx_word' id='word_1_68' title='bbox 470 1252 485 1336; x_wconf 67' lang='grc' dir='ltr'><strong><em>Β</em></strong></span> <span class='ocrx_word' id='word_1_69' title='bbox 508 1249 558 1333; x_wconf 90' lang='lat' dir='ltr'><strong>[In</strong></span> <span class='ocrx_word' id='word_1_70' title='bbox 580 1252 710 1317; x_wconf 91' lang='lat' dir='ltr'><strong>nomine</strong></span> <span class='ocrx_word' id='word_1_71' title='bbox 733 1260 866 1315; x_wconf 88' lang='lat' dir='ltr'><strong>sanctae</strong></span> <span class='ocrx_word' id='word_1_72' title='bbox 889 1261 921 1314; x_wconf 89' lang='lat' dir='ltr'><strong>et</strong></span> <span class='ocrx_word' id='word_1_73' title='bbox 943 1248 1157 1334; x_wconf 84' lang='lat' dir='ltr'><strong>in]divid[uae</strong></span> <span class='ocrx_word' id='word_1_74' title='bbox 1179 1251 1342 1314; x_wconf 80' lang='lat' dir='ltr'><strong>trinitatis.</strong></span> <span class='ocrx_word' id='word_1_75' title='bbox 1381 1249 1473 1334; x_wconf 69' lang='lat' dir='ltr'><strong>Oitto</strong></span> <span class='ocrx_word' id='word_1_76' title='bbox 1502 1248 1553 1313; x_wconf 90' lang='lat' dir='ltr'><strong>dei</strong></span> <span class='ocrx_word' id='word_1_77' title='bbox 1582 1251 1688 1333; x_wconf 86' lang='lat' dir='ltr'><strong>gratia</strong></span> <span class='ocrx_word' id='word_1_78' title='bbox 1716 1271 1784 1312; x_wconf 89' lang='lat' dir='ltr'><strong>rex.</strong></span> <span class='ocrx_word' id='word_1_79' title='bbox 1871 1248 1937 1311; x_wconf 89' lang='lat' dir='ltr'><strong>No-</strong></span> 
     </span>
     <span class='ocr_line' id='line_1_8' title="bbox 251 1349 1937 1439; baseline -0.001 -25"><span class='ocrx_word' id='word_1_80' title='bbox 251 1353 390 1417; x_wconf 80' lang='lat' dir='ltr'><strong>verint</strong></span> <span class='ocrx_word' id='word_1_81' title='bbox 419 1375 533 1419; x_wconf 89' lang='lat' dir='ltr'><strong>omnes</strong></span> <span class='ocrx_word' id='word_1_82' title='bbox 560 1353 674 1419; x_wconf 88' lang='lat' dir='ltr'><strong>fideles</strong></span> <span class='ocrx_word' id='word_1_83' title='bbox 702 1357 804 1419; x_wconf 81' lang='lat' dir='ltr'><strong>nostri</strong></span> <span class='ocrx_word' id='word_1_84' title='bbox 833 1363 1020 1439; x_wconf 77' lang='lat' dir='ltr'><strong>praesentes</strong></span> <span class='ocrx_word' id='word_1_85' title='bbox 1050 1353 1174 1417; x_wconf 91' lang='lat' dir='ltr'><strong>scilicet</strong></span> <span class='ocrx_word' id='word_1_86' title='bbox 1201 1363 1233 1417; x_wconf 88' lang='lat' dir='ltr'><strong>et</strong></span> <span class='ocrx_word' id='word_1_87' title='bbox 1259 1353 1375 1436; x_wconf 86' lang='lat' dir='ltr'><strong>futuri,</strong></span> <span class='ocrx_word' id='word_1_88' title='bbox 1410 1353 1548 1439; x_wconf 88' lang='lat' dir='ltr'><strong>qualitor</strong></span> <span class='ocrx_word' id='word_1_89' title='bbox 1570 1375 1629 1416; x_wconf 90' lang='lat' dir='ltr'><strong>nos</strong></span> <span class='ocrx_word' id='word_1_90' title='bbox 1654 1351 1695 1416; x_wconf 93' lang='lat' dir='ltr'><strong>ob</strong></span> <span class='ocrx_word' id='word_1_91' title='bbox 1719 1373 1862 1415; x_wconf 88' lang='lat' dir='ltr'><strong>amorem</strong></span> <span class='ocrx_word' id='word_1_92' title='bbox 1886 1349 1937 1413; x_wconf 89' lang='lat' dir='ltr'><strong>dei</strong></span> 
     </span>
     <span class='ocr_line' id='line_1_9' title="bbox 249 1452 1937 1542; baseline -0.001 -24"><span class='ocrx_word' id='word_1_93' title='bbox 249 1465 485 1542; x_wconf 77' lang='lat' dir='ltr'><strong>nostraeque</strong></span> <span class='ocrx_word' id='word_1_94' title='bbox 512 1455 527 1541; x_wconf 70' lang='grc' dir='ltr'>ἢ</span> <span class='ocrx_word' id='word_1_95' title='bbox 553 1458 682 1522; x_wconf 87' lang='lat' dir='ltr'><strong>animae</strong></span> <span class='ocrx_word' id='word_1_96' title='bbox 711 1455 907 1538; x_wconf 89' lang='lat' dir='ltr'><strong>remedium,</strong></span> <span class='ocrx_word' id='word_1_97' title='bbox 941 1457 1124 1540; x_wconf 89' lang='lat' dir='ltr'><strong>Haganone</strong></span> <span class='ocrx_word' id='word_1_98' title='bbox 1152 1457 1247 1521; x_wconf 87' lang='lat' dir='ltr'><strong>nobis</strong></span> <span class='ocrx_word' id='word_1_99' title='bbox 1276 1467 1466 1541; x_wconf 75' lang='lat' dir='ltr'><strong>suggerente</strong></span> <span class='ocrx_word' id='word_1_100' title='bbox 1494 1454 1678 1520; x_wconf 89' lang='lat' dir='ltr'><strong>venerando</strong></span> <span class='ocrx_word' id='word_1_101' title='bbox 1708 1452 1937 1518; x_wconf 88' lang='lat' dir='ltr'><strong>Heroluesvul-</strong></span> 
     </span>
     <span class='ocr_line' id='line_1_10' title="bbox 250 1555 1996 1644; baseline -0.001 -23"><span class='ocrx_word' id='word_1_102' title='bbox 250 1555 422 1622; x_wconf 77' lang='lat' dir='ltr'><strong>densis·</strong></span> <span class='ocrx_word' id='word_1_103' title='bbox 445 1558 595 1623; x_wconf 91' lang='lat' dir='ltr'><strong>coenobii</strong></span> <span class='ocrx_word' id='word_1_104' title='bbox 619 1558 738 1623; x_wconf 80' lang='lat' dir='ltr'><strong>abbate</strong></span> <span class='ocrx_word' id='word_1_105' title='bbox 761 1556 940 1644; x_wconf 88' lang='lat' dir='ltr'><strong>eodemque</strong></span> <span class='ocrx_word' id='word_1_106' title='bbox 962 1559 1057 1623; x_wconf 89' lang='lat' dir='ltr'><strong>nobis</strong></span> <span class='ocrx_word' id='word_1_107' title='bbox 1081 1561 1325 1624; x_wconf 78' lang='lat' dir='ltr'><strong>concessionem</strong></span> <span class='ocrx_word' id='word_1_108' title='bbox 1348 1561 1562 1625; x_wconf 85' lang='lat' dir='ltr'><strong>antecessoris</strong></span> <span class='ocrx_word' id='word_1_109' title='bbox 1583 1561 1685 1623; x_wconf 91' lang='lat' dir='ltr'><strong>nostri</strong></span> <span class='ocrx_word' id='word_1_110' title='bbox 1706 1560 1825 1643; x_wconf 85' lang='lat' dir='ltr'><strong>scripto</strong></span> <span class='ocrx_word' id='word_1_111' title='bbox 1842 1556 1937 1621; x_wconf 92' lang='lat' dir='ltr'><strong>robo·</strong></span> <span class='ocrx_word' id='word_1_112' title='bbox 1989 1600 1996 1613; x_wconf 84' lang='lat'><em>‚</em></span> 
     </span>
    </p>

    <p class='ocr_par' dir='ltr' id='par_1_4' title="bbox 198 1659 1938 2163">
     <span class='ocr_line' id='line_1_11' title="bbox 198 1659 1938 1748; baseline -0.002 -24"><span class='ocrx_word' id='word_1_113' title='bbox 198 1677 214 1725; x_wconf 82' lang='lat'><strong>)</strong></span> <span class='ocrx_word' id='word_1_114' title='bbox 247 1670 391 1726; x_wconf 82' lang='lat' dir='ltr'><strong>ratam</strong></span> <span class='ocrx_word' id='word_1_115' title='bbox 414 1660 524 1727; x_wconf 85' lang='lat' dir='ltr'><strong>bonae</strong></span> <span class='ocrx_word' id='word_1_116' title='bbox 545 1665 721 1727; x_wconf 88' lang='lat' dir='ltr'><strong>memoriae</strong></span> <span class='ocrx_word' id='word_1_117' title='bbox 740 1659 851 1727; x_wconf 81' lang='lat' dir='ltr'><strong>Caroli</strong></span> <span class='ocrx_word' id='word_1_118' title='bbox 873 1661 1090 1748; x_wconf 83' lang='lat' dir='ltr'><strong>praeferente,</strong></span> <span class='ocrx_word' id='word_1_119' title='bbox 1113 1661 1176 1725; x_wconf 89' lang='lat' dir='ltr'><strong>hoc</strong></span> <span class='ocrx_word' id='word_1_120' title='bbox 1199 1661 1285 1726; x_wconf 91' lang='lat' dir='ltr'><strong>idem</strong></span> <span class='ocrx_word' id='word_1_121' title='bbox 1308 1672 1517 1746; x_wconf 88' lang='lat' dir='ltr'><strong>praeceptum</strong></span> <span class='ocrx_word' id='word_1_122' title='bbox 1539 1670 1571 1724; x_wconf 91' lang='lat' dir='ltr'><strong>et</strong></span> <span class='ocrx_word' id='word_1_123' title='bbox 1592 1683 1750 1725; x_wconf 88' lang='lat' dir='ltr'><strong>renovare</strong></span> <span class='ocrx_word' id='word_1_124' title='bbox 1773 1670 1804 1723; x_wconf 90' lang='lat' dir='ltr'><strong>et</strong></span> <span class='ocrx_word' id='word_1_125' title='bbox 1827 1669 1938 1723; x_wconf 87' lang='lat' dir='ltr'><strong>nostra</strong></span> 
     </span>
     <span class='ocr_line' id='line_1_12' title="bbox 248 1761 1938 1848; baseline -0.003 -20"><span class='ocrx_word' id='word_1_126' title='bbox 248 1768 483 1831; x_wconf 82' lang='lat' dir='ltr'><strong>auctoritate</strong></span> <span class='ocrx_word' id='word_1_127' title='bbox 505 1765 719 1831; x_wconf 86' lang='lat' dir='ltr'><strong>corroborare</strong></span> <span class='ocrx_word' id='word_1_128' title='bbox 748 1765 965 1848; x_wconf 78' lang='lat' dir='ltr'><strong>decrevimus,</strong></span> <span class='ocrx_word' id='word_1_129' title='bbox 999 1765 1061 1828; x_wconf 89' lang='lat' dir='ltr'><strong>hoe</strong></span> <span class='ocrx_word' id='word_1_130' title='bbox 1083 1776 1133 1829; x_wconf 88' lang='lat' dir='ltr'><strong>est</strong></span> <span class='ocrx_word' id='word_1_131' title='bbox 1155 1775 1190 1830; x_wconf 93' lang='lat' dir='ltr'><strong>ut</strong></span> <span class='ocrx_word' id='word_1_132' title='bbox 1212 1767 1245 1829; x_wconf 93' lang='lat' dir='ltr'><strong>in</strong></span> <span class='ocrx_word' id='word_1_133' title='bbox 1268 1765 1364 1829; x_wconf 87' lang='lat' dir='ltr'><strong>rebus</strong></span> <span class='ocrx_word' id='word_1_134' title='bbox 1387 1763 1430 1827; x_wconf 87' lang='lat' dir='ltr'><strong>ad</strong></span> <span class='ocrx_word' id='word_1_135' title='bbox 1452 1761 1793 1827; x_wconf 71' lang='lat' dir='ltr'><strong>Herolucsvuldense²</strong></span> <span class='ocrx_word' id='word_1_136' title='bbox 1821 1782 1938 1824; x_wconf 89' lang='lat' dir='ltr'><strong>coeno·</strong></span> 
     </span>
     <span class='ocr_line' id='line_1_13' title="bbox 246 1865 1937 1955; baseline -0.005 -22"><span class='ocrx_word' id='word_1_137' title='bbox 246 1868 375 1934; x_wconf 88' lang='lat' dir='ltr'><strong>bium</strong></span> <span class='ocrx_word' id='word_1_138' title='bbox 406 1867 644 1954; x_wconf 86' lang='lat' dir='ltr'><strong>pertinentibus</strong></span> <span class='ocrx_word' id='word_1_139' title='bbox 670 1867 779 1934; x_wconf 89' lang='lat' dir='ltr'><strong>nullus</strong></span> <span class='ocrx_word' id='word_1_140' title='bbox 807 1871 981 1955; x_wconf 89' lang='lat' dir='ltr'><strong>episcopus</strong></span> <span class='ocrx_word' id='word_1_141' title='bbox 1010 1871 1170 1934; x_wconf 85' lang='lat' dir='ltr'><strong>missusve</strong></span> <span class='ocrx_word' id='word_1_142' title='bbox 1199 1891 1276 1933; x_wconf 86' lang='lat' dir='ltr'><strong>suus</strong></span> <span class='ocrx_word' id='word_1_143' title='bbox 1298 1890 1403 1952; x_wconf 90' lang='lat' dir='ltr'><strong>neque</strong></span> <span class='ocrx_word' id='word_1_144' title='bbox 1427 1865 1525 1932; x_wconf 85' lang='lat' dir='ltr'><strong>iudex</strong></span> <span class='ocrx_word' id='word_1_145' title='bbox 1548 1865 1698 1952; x_wconf 89' lang='lat' dir='ltr'><strong>publicus</strong></span> <span class='ocrx_word' id='word_1_146' title='bbox 1722 1886 1824 1949; x_wconf 86' lang='lat' dir='ltr'><strong>neque</strong></span> <span class='ocrx_word' id='word_1_147' title='bbox 1847 1865 1937 1927; x_wconf 87' lang='lat' dir='ltr'><strong>missi</strong></span> 
     </span>
     <span class='ocr_line' id='line_1_14' title="bbox 248 1967 1937 2058; baseline -0.006 -20"><span class='ocrx_word' id='word_1_148' title='bbox 248 1975 388 2038; x_wconf 87' lang='lat' dir='ltr'><strong>nostri</strong></span> <span class='ocrx_word' id='word_1_149' title='bbox 412 1975 687 2043; x_wconf 76' lang='lat' dir='ltr'><strong>mansionaticum</strong></span> <span class='ocrx_word' id='word_1_150' title='bbox 710 1973 844 2057; x_wconf 83' lang='lat' dir='ltr'><strong>exigant</strong></span> <span class='ocrx_word' id='word_1_151' title='bbox 867 1983 923 2038; x_wconf 90' lang='lat' dir='ltr'><strong>aut</strong></span> <span class='ocrx_word' id='word_1_152' title='bbox 945 1971 1067 2058; x_wconf 86' lang='lat' dir='ltr'><strong>aliquid</strong></span> <span class='ocrx_word' id='word_1_153' title='bbox 1093 1975 1126 2037; x_wconf 89' lang='lat' dir='ltr'><strong>vi</strong></span> <span class='ocrx_word' id='word_1_154' title='bbox 1149 1971 1336 2036; x_wconf 80' lang='lat' dir='ltr'><strong>abstrahere</strong></span> <span class='ocrx_word' id='word_1_155' title='bbox 1367 1979 1591 2054; x_wconf 90' lang='lat' dir='ltr'><strong>praesumant,</strong></span> <span class='ocrx_word' id='word_1_156' title='bbox 1624 1989 1784 2052; x_wconf 89' lang='lat' dir='ltr'><strong>nemoque</strong></span> <span class='ocrx_word' id='word_1_157' title='bbox 1813 1967 1937 2050; x_wconf 91' lang='lat' dir='ltr'><strong>cpisco-</strong></span> 
     </span>
     <span class='ocr_line' id='line_1_15' title="bbox 252 2072 1938 2163; baseline -0.007 -21"><span class='ocrx_word' id='word_1_158' title='bbox 252 2098 404 2163; x_wconf 90' lang='lat' dir='ltr'><strong>porum</strong></span> <span class='ocrx_word' id='word_1_159' title='bbox 434 2087 491 2141; x_wconf 90' lang='lat' dir='ltr'><strong>aut</strong></span> <span class='ocrx_word' id='word_1_160' title='bbox 517 2076 822 2141; x_wconf 87' lang='lat' dir='ltr'><strong>archidiaconorum</strong></span> <span class='ocrx_word' id='word_1_161' title='bbox 851 2074 1183 2163; x_wconf 31' lang='lat' dir='ltr'><strong>monachos‘ibidem</strong></span> <span class='ocrx_word' id='word_1_162' title='bbox 1213 2073 1272 2138; x_wconf 89' lang='lat' dir='ltr'><strong>deo</strong></span> <span class='ocrx_word' id='word_1_163' title='bbox 1304 2076 1479 2138; x_wconf 88' lang='lat' dir='ltr'><strong>servientes</strong></span> <span class='ocrx_word' id='word_1_164' title='bbox 1510 2072 1581 2156; x_wconf 90' lang='lat' dir='ltr'><strong>lcge</strong></span> <span class='ocrx_word' id='word_1_165' title='bbox 1613 2072 1772 2136; x_wconf 89' lang='lat' dir='ltr'><strong>canonica</strong></span> <span class='ocrx_word' id='word_1_166' title='bbox 1805 2079 1938 2152; x_wconf 86' lang='lat' dir='ltr'><strong>tangere</strong></span> 
     </span>
    </p>

    <p class='ocr_par' dir='ltr' id='par_1_5' title="bbox 198 2171 1938 2678">
     <span class='ocr_line' id='line_1_16' title="bbox 198 2171 1938 2266; baseline -0.003 -26"><span class='ocrx_word' id='word_1_167' title='bbox 198 2195 219 2240; x_wconf 78' lang='grc'><strong>5</strong></span> <span class='ocrx_word' id='word_1_168' title='bbox 255 2191 493 2266; x_wconf 78' lang='lat' dir='ltr'><strong>praesumat3</strong></span> <span class='ocrx_word' id='word_1_169' title='bbox 522 2189 555 2243; x_wconf 91' lang='lat' dir='ltr'><strong>et</strong></span> <span class='ocrx_word' id='word_1_170' title='bbox 578 2179 848 2266; x_wconf 85' lang='lat' dir='ltr'><strong>quandocumque</strong></span> <span class='ocrx_word' id='word_1_171' title='bbox 872 2178 975 2243; x_wconf 91' lang='lat' dir='ltr'><strong>abbas</strong></span> <span class='ocrx_word' id='word_1_172' title='bbox 998 2201 1112 2243; x_wconf 88' lang='lat' dir='ltr'><strong>eorum</strong></span> <span class='ocrx_word' id='word_1_173' title='bbox 1135 2177 1175 2241; x_wconf 90' lang='lat' dir='ltr'><strong>de</strong></span> <span class='ocrx_word' id='word_1_174' title='bbox 1197 2177 1259 2241; x_wconf 89' lang='lat' dir='ltr'><strong>bac</strong></span> <span class='ocrx_word' id='word_1_175' title='bbox 1281 2177 1354 2242; x_wconf 88' lang='lat' dir='ltr'><strong>luce</strong></span> <span class='ocrx_word' id='word_1_176' title='bbox 1377 2178 1577 2260; x_wconf 84' lang='lat' dir='ltr'><strong>migraverit,</strong></span> <span class='ocrx_word' id='word_1_177' title='bbox 1609 2175 1773 2239; x_wconf 86' lang='lat' dir='ltr'><strong>licentiam</strong></span> <span class='ocrx_word' id='word_1_178' title='bbox 1795 2171 1938 2236; x_wconf 87' lang='lat' dir='ltr'><strong>habeant</strong></span> 
     </span>
     <span class='ocr_line' id='line_1_17' title="bbox 257 2280 1936 2368; baseline -0.005 -21"><span class='ocrx_word' id='word_1_179' title='bbox 257 2286 370 2348; x_wconf 81' lang='lat' dir='ltr'><strong>inter</strong></span> <span class='ocrx_word' id='word_1_180' title='bbox 398 2306 433 2347; x_wconf 91' lang='lat' dir='ltr'><strong>se</strong></span> <span class='ocrx_word' id='word_1_181' title='bbox 461 2282 601 2367; x_wconf 87' lang='lat' dir='ltr'><strong>eligendi</strong></span> <span class='ocrx_word' id='word_1_182' title='bbox 631 2282 800 2365; x_wconf 89' lang='lat' dir='ltr'><strong>abbatem,</strong></span> <span class='ocrx_word' id='word_1_183' title='bbox 835 2280 922 2368; x_wconf 89' lang='lat' dir='ltr'><strong>quod</strong></span> <span class='ocrx_word' id='word_1_184' title='bbox 946 2284 972 2346; x_wconf 87' lang='lat' dir='ltr'><strong>si</strong></span> <span class='ocrx_word' id='word_1_185' title='bbox 995 2284 1077 2346; x_wconf 91' lang='lat' dir='ltr'><strong>inter</strong></span> <span class='ocrx_word' id='word_1_186' title='bbox 1099 2304 1155 2345; x_wconf 89' lang='lat' dir='ltr'><strong>eos</strong></span> <span class='ocrx_word' id='word_1_187' title='bbox 1183 2280 1299 2364; x_wconf 86' lang='lat' dir='ltr'><strong>dignus</strong></span> <span class='ocrx_word' id='word_1_188' title='bbox 1327 2303 1393 2344; x_wconf 91' lang='lat' dir='ltr'><strong>non</strong></span> <span class='ocrx_word' id='word_1_189' title='bbox 1416 2289 1524 2365; x_wconf 89' lang='lat' dir='ltr'><strong>potest</strong></span> <span class='ocrx_word' id='word_1_190' title='bbox 1557 2281 1708 2360; x_wconf 89' lang='lat' dir='ltr'><strong>inveniri,</strong></span> <span class='ocrx_word' id='word_1_191' title='bbox 1743 2286 1936 2362; x_wconf 88' lang='lat' dir='ltr'><strong>potestatem</strong></span> 
     </span>
     <span class='ocr_line' id='line_1_18' title="bbox 257 2381 1936 2472; baseline -0.005 -21"><span class='ocrx_word' id='word_1_192' title='bbox 257 2386 430 2451; x_wconf 86' lang='lat' dir='ltr'><strong>habeant</strong></span> <span class='ocrx_word' id='word_1_193' title='bbox 452 2386 678 2472; x_wconf 89' lang='lat' dir='ltr'><strong>undecumque</strong></span> <span class='ocrx_word' id='word_1_194' title='bbox 699 2387 801 2451; x_wconf 89' lang='lat' dir='ltr'><strong>velint</strong></span> <span class='ocrx_word' id='word_1_195' title='bbox 823 2387 976 2451; x_wconf 88' lang='lat' dir='ltr'><strong>abbatem</strong></span> <span class='ocrx_word' id='word_1_196' title='bbox 999 2386 1060 2450; x_wconf 91' lang='lat' dir='ltr'><strong>sibi</strong></span> <span class='ocrx_word' id='word_1_197' title='bbox 1083 2384 1280 2466; x_wconf 75' lang='lat' dir='ltr'><strong>conducere3</strong></span> <span class='ocrx_word' id='word_1_198' title='bbox 1315 2397 1346 2447; x_wconf 91' lang='lat' dir='ltr'><strong>ct</strong></span> <span class='ocrx_word' id='word_1_199' title='bbox 1368 2396 1404 2448; x_wconf 91' lang='lat' dir='ltr'><strong>ut</strong></span> <span class='ocrx_word' id='word_1_200' title='bbox 1426 2383 1533 2449; x_wconf 87' lang='lat' dir='ltr'><strong>nullus</strong></span> <span class='ocrx_word' id='word_1_201' title='bbox 1559 2383 1643 2446; x_wconf 86' lang='lat' dir='ltr'><strong>hanc</strong></span> <span class='ocrx_word' id='word_1_202' title='bbox 1672 2381 1936 2445; x_wconf 90' lang='lat' dir='ltr'><strong>constitutionem</strong></span> 
     </span>
     <span class='ocr_line' id='line_1_19' title="bbox 264 2483 1937 2576; baseline -0.007 -21"><span class='ocrx_word' id='word_1_203' title='bbox 264 2492 462 2575; x_wconf 85' lang='lat' dir='ltr'><strong>infringere</strong></span> <span class='ocrx_word' id='word_1_204' title='bbox 485 2501 688 2576; x_wconf 79' lang='lat' dir='ltr'><strong>praesumat3</strong></span> <span class='ocrx_word' id='word_1_205' title='bbox 712 2490 933 2555; x_wconf 86' lang='lat' dir='ltr'><strong>ordinationes</strong></span> <span class='ocrx_word' id='word_1_206' title='bbox 956 2493 1002 2554; x_wconf 89' lang='lat' dir='ltr'><strong>eis</strong></span> <span class='ocrx_word' id='word_1_207' title='bbox 1025 2492 1197 2576; x_wconf 89' lang='lat' dir='ltr'><strong>episcopus</strong></span> <span class='ocrx_word' id='word_1_208' title='bbox 1221 2489 1260 2552; x_wconf 90' lang='lat' dir='ltr'><strong>de</strong></span> <span class='ocrx_word' id='word_1_209' title='bbox 1283 2489 1453 2571; x_wconf 85' lang='lat' dir='ltr'><strong>Magontia</strong></span> <span class='ocrx_word' id='word_1_210' title='bbox 1476 2487 1599 2573; x_wconf 89' lang='lat' dir='ltr'><strong>absque</strong></span> <span class='ocrx_word' id='word_1_211' title='bbox 1622 2484 1813 2551; x_wconf 88' lang='lat' dir='ltr'><strong>munusculo</strong></span> <span class='ocrx_word' id='word_1_212' title='bbox 1837 2483 1937 2546; x_wconf 85' lang='lat' dir='ltr'><strong>saciat</strong></span> 
     </span>
     <span class='ocr_line' id='line_1_20' title="bbox 267 2584 1936 2678; baseline -0.006 -20"><span class='ocrx_word' id='word_1_213' title='bbox 267 2606 319 2658; x_wconf 85' lang='lat' dir='ltr'><strong>et</strong></span> <span class='ocrx_word' id='word_1_214' title='bbox 340 2594 472 2659; x_wconf 84' lang='lat' dir='ltr'><strong>tabulas</strong></span> <span class='ocrx_word' id='word_1_215' title='bbox 495 2593 685 2675; x_wconf 77' lang='lat' dir='ltr'><strong>benedicat3</strong></span> <span class='ocrx_word' id='word_1_216' title='bbox 708 2604 740 2658; x_wconf 88' lang='lat' dir='ltr'><strong>et</strong></span> <span class='ocrx_word' id='word_1_217' title='bbox 763 2596 790 2658; x_wconf 90' lang='lat' dir='ltr'><strong>si</strong></span> <span class='ocrx_word' id='word_1_218' title='bbox 814 2595 846 2658; x_wconf 92' lang='lat' dir='ltr'><strong>in</strong></span> <span class='ocrx_word' id='word_1_219' title='bbox 870 2596 940 2678; x_wconf 90' lang='lat' dir='ltr'><strong>ipso</strong></span> <span class='ocrx_word' id='word_1_220' title='bbox 963 2595 1159 2658; x_wconf 88' lang='lat' dir='ltr'><strong>monasterio</strong></span> <span class='ocrx_word' id='word_1_221' title='bbox 1184 2593 1293 2678; x_wconf 87' lang='lat' dir='ltr'><strong>aliqua</strong></span> <span class='ocrx_word' id='word_1_222' title='bbox 1317 2591 1481 2657; x_wconf 89' lang='lat' dir='ltr'><strong>discordia</strong></span> <span class='ocrx_word' id='word_1_223' title='bbox 1503 2592 1658 2672; x_wconf 88' lang='lat' dir='ltr'><strong>evenerit,</strong></span> <span class='ocrx_word' id='word_1_224' title='bbox 1688 2598 1765 2654; x_wconf 89' lang='lat' dir='ltr'><strong>tunc</strong></span> <span class='ocrx_word' id='word_1_225' title='bbox 1789 2589 1857 2672; x_wconf 91' lang='lat' dir='ltr'><strong>ipso</strong></span> <span class='ocrx_word' id='word_1_226' title='bbox 1880 2584 1936 2649; x_wconf 89' lang='lat' dir='ltr'><strong>ab·</strong></span> 
     </span>
    </p>

    <p class='ocr_par' dir='ltr' id='par_1_6' title="bbox 199 2690 1938 2989">
     <span class='ocr_line' id='line_1_21' title="bbox 199 2690 1937 2782; baseline -0.006 -19"><span class='ocrx_word' id='word_1_227' title='bbox 199 2703 231 2749; x_wconf 83' lang='lat'><strong>⁰</strong></span> <span class='ocrx_word' id='word_1_228' title='bbox 266 2697 347 2762; x_wconf 82' lang='lat' dir='ltr'><strong>bas</strong></span> <span class='ocrx_word' id='word_1_229' title='bbox 369 2708 403 2762; x_wconf 92' lang='lat' dir='ltr'><strong>et</strong></span> <span class='ocrx_word' id='word_1_230' title='bbox 424 2698 577 2763; x_wconf 85' lang='lat' dir='ltr'><strong>monachi</strong></span> <span class='ocrx_word' id='word_1_231' title='bbox 600 2698 640 2762; x_wconf 92' lang='lat' dir='ltr'><strong>de</strong></span> <span class='ocrx_word' id='word_1_232' title='bbox 663 2697 728 2762; x_wconf 88' lang='lat' dir='ltr'><strong>alio</strong></span> <span class='ocrx_word' id='word_1_233' title='bbox 750 2699 947 2762; x_wconf 87' lang='lat' dir='ltr'><strong>monasterio</strong></span> <span class='ocrx_word' id='word_1_234' title='bbox 972 2696 1125 2762; x_wconf 89' lang='lat' dir='ltr'><strong>abbatem</strong></span> <span class='ocrx_word' id='word_1_235' title='bbox 1147 2706 1179 2760; x_wconf 89' lang='lat' dir='ltr'><strong>et</strong></span> <span class='ocrx_word' id='word_1_236' title='bbox 1201 2698 1392 2782; x_wconf 86' lang='lat' dir='ltr'><strong>episcopum</strong></span> <span class='ocrx_word' id='word_1_237' title='bbox 1415 2694 1476 2759; x_wconf 89' lang='lat' dir='ltr'><strong>sibi</strong></span> <span class='ocrx_word' id='word_1_238' title='bbox 1500 2696 1699 2777; x_wconf 86' lang='lat' dir='ltr'><strong>coniungant</strong></span> <span class='ocrx_word' id='word_1_239' title='bbox 1727 2713 1824 2776; x_wconf 88' lang='lat' dir='ltr'><strong>seque</strong></span> <span class='ocrx_word' id='word_1_240' title='bbox 1850 2690 1937 2774; x_wconf 89' lang='lat' dir='ltr'><strong>paci·</strong></span> 
     </span>
     <span class='ocr_line' id='line_1_22' title="bbox 272 2795 1938 2887; baseline -0.007 -21"><span class='ocrx_word' id='word_1_241' title='bbox 272 2802 399 2884; x_wconf 83' lang='lat' dir='ltr'><strong>ficent,</strong></span> <span class='ocrx_word' id='word_1_242' title='bbox 424 2801 513 2887; x_wconf 92' lang='lat' dir='ltr'><strong>quod</strong></span> <span class='ocrx_word' id='word_1_243' title='bbox 536 2804 563 2867; x_wconf 90' lang='lat' dir='ltr'><strong>si</strong></span> <span class='ocrx_word' id='word_1_244' title='bbox 586 2801 632 2866; x_wconf 92' lang='lat' dir='ltr'><strong>ibi</strong></span> <span class='ocrx_word' id='word_1_245' title='bbox 655 2823 720 2867; x_wconf 93' lang='lat' dir='ltr'><strong>non</strong></span> <span class='ocrx_word' id='word_1_246' title='bbox 743 2802 885 2886; x_wconf 86' lang='lat' dir='ltr'><strong>possint,</strong></span> <span class='ocrx_word' id='word_1_247' title='bbox 910 2811 986 2865; x_wconf 92' lang='lat' dir='ltr'><strong>tunc</strong></span> <span class='ocrx_word' id='word_1_248' title='bbox 1010 2800 1052 2864; x_wconf 91' lang='lat' dir='ltr'><strong>ad</strong></span> <span class='ocrx_word' id='word_1_249' title='bbox 1075 2799 1225 2865; x_wconf 88' lang='lat' dir='ltr'><strong>sinodum</strong></span> <span class='ocrx_word' id='word_1_250' title='bbox 1247 2797 1418 2864; x_wconf 80' lang='lat' dir='ltr'><strong>nostrumb</strong></span> <span class='ocrx_word' id='word_1_251' title='bbox 1440 2799 1581 2863; x_wconf 89' lang='lat' dir='ltr'><strong>veniant.</strong></span> <span class='ocrx_word' id='word_1_252' title='bbox 1620 2797 1664 2860; x_wconf 86' lang='lat' dir='ltr'><strong>Et</strong></span> <span class='ocrx_word' id='word_1_253' title='bbox 1679 2806 1714 2861; x_wconf 91' lang='lat' dir='ltr'><strong>ut</strong></span> <span class='ocrx_word' id='word_1_254' title='bbox 1728 2795 1809 2859; x_wconf 89' lang='lat' dir='ltr'><strong>hacc</strong></span> <span class='ocrx_word' id='word_1_255' title='bbox 1825 2803 1938 2857; x_wconf 89' lang='lat' dir='ltr'><strong>nostra</strong></span> 
     </span>
     <span class='ocr_line' id='line_1_23' title="bbox 279 2896 1937 2989; baseline -0.008 -18"><span class='ocrx_word' id='word_1_256' title='bbox 279 2909 458 2973; x_wconf 78' lang='lat' dir='ltr'><strong>concessio</strong></span> <span class='ocrx_word' id='word_1_257' title='bbox 488 2907 612 2972; x_wconf 87' lang='lat' dir='ltr'><strong>firmior</strong></span> <span class='ocrx_word' id='word_1_258' title='bbox 639 2914 841 2989; x_wconf 88' lang='lat' dir='ltr'><strong>permaneat,</strong></span> <span class='ocrx_word' id='word_1_259' title='bbox 877 2927 976 2970; x_wconf 92' lang='lat' dir='ltr'><strong>manu</strong></span> <span class='ocrx_word' id='word_1_260' title='bbox 1005 2917 1116 2969; x_wconf 87' lang='lat' dir='ltr'><strong>nostra</strong></span> <span class='ocrx_word' id='word_1_261' title='bbox 1144 2927 1216 2969; x_wconf 90' lang='lat' dir='ltr'><strong>cam</strong></span> <span class='ocrx_word' id='word_1_262' title='bbox 1245 2905 1444 2969; x_wconf 89' lang='lat' dir='ltr'><strong>firmavimus</strong></span> <span class='ocrx_word' id='word_1_263' title='bbox 1473 2914 1506 2967; x_wconf 91' lang='lat' dir='ltr'><strong>et</strong></span> <span class='ocrx_word' id='word_1_264' title='bbox 1535 2901 1631 2967; x_wconf 92' lang='lat' dir='ltr'><strong>anulo</strong></span> <span class='ocrx_word' id='word_1_265' title='bbox 1662 2910 1773 2965; x_wconf 91' lang='lat' dir='ltr'><strong>nostro</strong></span> <span class='ocrx_word' id='word_1_266' title='bbox 1804 2896 1937 2981; x_wconf 87' lang='lat' dir='ltr'><strong>sigillari</strong></span> 
     </span>
    </p>
   </div>
   <div class='ocr_carea' id='block_1_4' title="bbox 282 3010 452 3076">
    <p class='ocr_par' dir='ltr' id='par_1_7' title="bbox 282 3010 452 3076">
     <span class='ocr_line' id='line_1_24' title="bbox 282 3010 452 3076; baseline 0 -2"><span class='ocrx_word' id='word_1_267' title='bbox 282 3010 452 3076; x_wconf 88' lang='lat' dir='ltr'><strong>iussimus.</strong></span> 
     </span>
    </p>
   </div>
   <div class='ocr_carea' id='block_1_5' title="bbox 198 3146 1809 3336">
    <p class='ocr_par' dir='ltr' id='par_1_8' title="bbox 198 3146 1809 3336">
     <span class='ocr_line' id='line_1_25' title="bbox 389 3146 1316 3235; baseline -0.004 -22"><span class='ocrx_word' id='word_1_268' title='bbox 389 3152 405 3235; x_wconf 62' lang='grc' dir='ltr'><em>ᾖ</em></span> <span class='ocrx_word' id='word_1_269' title='bbox 427 3147 563 3232; x_wconf 83' lang='lat' dir='ltr'><strong>Signum</strong></span> <span class='ocrx_word' id='word_1_270' title='bbox 586 3147 698 3212; x_wconf 92' lang='lat' dir='ltr'><strong>domni</strong></span> <span class='ocrx_word' id='word_1_271' title='bbox 721 3146 852 3211; x_wconf 88' lang='lat' dir='ltr'><strong>Ottonis</strong></span> <span class='ocrx_word' id='word_1_272' title='bbox 874 3147 938 3227; x_wconf 88' lang='lat' dir='ltr'><strong>(M.)</strong></span> <span class='ocrx_word' id='word_1_273' title='bbox 960 3146 1161 3211; x_wconf 88' lang='lat' dir='ltr'><strong>invictissimi</strong></span> <span class='ocrx_word' id='word_1_274' title='bbox 1184 3148 1280 3230; x_wconf 88' lang='lat' dir='ltr'><strong>regis.</strong></span> <span class='ocrx_word' id='word_1_275' title='bbox 1302 3149 1316 3230; x_wconf 58' lang='grc' dir='ltr'><strong>ᾖ</strong></span> 
     </span>
     <span class='ocr_line' id='line_1_26' title="bbox 198 3245 1809 3336; baseline -0.006 -19"><span class='ocrx_word' id='word_1_276' title='bbox 198 3254 253 3305; x_wconf 72' lang='lat'><strong>25</strong></span> <span class='ocrx_word' id='word_1_277' title='bbox 388 3250 540 3336; x_wconf 68' lang='lat' dir='ltr'><strong>{Poppo</strong></span> <span class='ocrx_word' id='word_1_278' title='bbox 565 3248 781 3315; x_wconf 88' lang='lat' dir='ltr'><strong>cancellarius</strong></span> <span class='ocrx_word' id='word_1_279' title='bbox 805 3247 953 3314; x_wconf 86' lang='lat' dir='ltr'><strong>advicem</strong></span> <span class='ocrx_word' id='word_1_280' title='bbox 975 3248 1140 3314; x_wconf 89' lang='lat' dir='ltr'><strong>Hiltiberti</strong></span> <span class='ocrx_word' id='word_1_281' title='bbox 1163 3251 1337 3334; x_wconf 87' lang='lat' dir='ltr'><strong>recognovi</strong></span> <span class='ocrx_word' id='word_1_282' title='bbox 1361 3259 1393 3313; x_wconf 90' lang='lat' dir='ltr'><strong>et</strong></span> <span class='ocrx_word' id='word_1_283' title='bbox 1413 3247 1427 3328; x_wconf 64' lang='lat' dir='ltr'><strong>i</strong></span> <span class='ocrx_word' id='word_1_284' title='bbox 1451 3250 1520 3330; x_wconf 86' lang='lat' dir='ltr'>(SR.</span> <span class='ocrx_word' id='word_1_285' title='bbox 1543 3249 1618 3328; x_wconf 87' lang='lat' dir='ltr'><strong>NN.)</strong></span> <span class='ocrx_word' id='word_1_286' title='bbox 1652 3245 1809 3327; x_wconf 63' lang='grc' dir='ltr'><strong>(81.0.)ο</strong></span> 
     </span>
    </p>
   </div>
   <div class='ocr_carea' id='block_1_6' title="bbox 291 3383 1935 3580">
    <p class='ocr_par' dir='ltr' id='par_1_9' title="bbox 291 3383 1935 3580">
     <span class='ocr_line' id='line_1_27' title="bbox 390 3383 1935 3479; baseline -0.007 -24"><span class='ocrx_word' id='word_1_287' title='bbox 390 3391 481 3455; x_wconf 87' lang='lat' dir='ltr'><strong>Data</strong></span> <span class='ocrx_word' id='word_1_288' title='bbox 502 3406 539 3453; x_wconf 91' lang='lat'><strong>11.</strong></span> <span class='ocrx_word' id='word_1_289' title='bbox 557 3411 634 3479; x_wconf 60' lang='lat' dir='ltr'><strong>non,</strong></span> <span class='ocrx_word' id='word_1_290' title='bbox 653 3410 727 3453; x_wconf 92' lang='lat' dir='ltr'><strong>nov.</strong></span> <span class='ocrx_word' id='word_1_291' title='bbox 752 3410 837 3454; x_wconf 89' lang='lat' dir='ltr'><strong>anno</strong></span> <span class='ocrx_word' id='word_1_292' title='bbox 861 3387 1056 3470; x_wconf 87' lang='lat' dir='ltr'><strong>d[ominieae</strong></span> <span class='ocrx_word' id='word_1_293' title='bbox 1079 3391 1311 3453; x_wconf 88' lang='lat' dir='ltr'><strong>incarnationis</strong></span> <span class='ocrx_word' id='word_1_294' title='bbox 1334 3386 1578 3471; x_wconf 57' lang='lat' dir='ltr'><strong>nccccxhxvl,</strong></span> <span class='ocrx_word' id='word_1_295' title='bbox 1600 3383 1776 3450; x_wconf 87' lang='lat' dir='ltr'><strong>indictione</strong></span> <span class='ocrx_word' id='word_1_296' title='bbox 1792 3400 1826 3464; x_wconf 83' lang='lat' dir='ltr'><strong>x,</strong></span> <span class='ocrx_word' id='word_1_297' title='bbox 1850 3404 1935 3445; x_wconf 90' lang='lat' dir='ltr'><strong>anno</strong></span> 
     </span>
     <span class='ocr_line' id='line_1_28' title="bbox 291 3491 1602 3580; baseline -0.005 -21"><span class='ocrx_word' id='word_1_298' title='bbox 291 3497 378 3580; x_wconf 89' lang='lat' dir='ltr'><strong>regni</strong></span> <span class='ocrx_word' id='word_1_299' title='bbox 402 3493 534 3560; x_wconf 89' lang='lat' dir='ltr'><strong>Ottonis</strong></span> <span class='ocrx_word' id='word_1_300' title='bbox 557 3494 694 3579; x_wconf 86' lang='lat' dir='ltr'><strong>piissimi</strong></span> <span class='ocrx_word' id='word_1_301' title='bbox 716 3494 801 3577; x_wconf 85' lang='lat' dir='ltr'><strong>regis</strong></span> <span class='ocrx_word' id='word_1_302' title='bbox 823 3511 852 3573; x_wconf 75' lang='lat'><strong>13</strong></span> <span class='ocrx_word' id='word_1_303' title='bbox 876 3503 984 3557; x_wconf 89' lang='lat' dir='ltr'><strong>aetum</strong></span> <span class='ocrx_word' id='word_1_304' title='bbox 1007 3494 1040 3557; x_wconf 91' lang='lat' dir='ltr'><strong>in</strong></span> <span class='ocrx_word' id='word_1_305' title='bbox 1059 3491 1193 3574; x_wconf 81' lang='lat' dir='ltr'><strong>Alsteti3</strong></span> <span class='ocrx_word' id='word_1_306' title='bbox 1215 3494 1249 3558; x_wconf 91' lang='lat' dir='ltr'><strong>in</strong></span> <span class='ocrx_word' id='word_1_307' title='bbox 1272 3491 1323 3557; x_wconf 93' lang='lat' dir='ltr'><strong>dei</strong></span> <span class='ocrx_word' id='word_1_308' title='bbox 1346 3493 1475 3557; x_wconf 89' lang='lat' dir='ltr'><strong>nomine</strong></span> <span class='ocrx_word' id='word_1_309' title='bbox 1499 3512 1602 3555; x_wconf 88' lang='lat' dir='ltr'><strong>amen.</strong></span> 
     </span>
    </p>
   </div>
   <div class='ocr_carea' id='block_1_7' title="bbox 1099 3680 1135 3757">
    <p class='ocr_par' dir='ltr' id='par_1_10' title="bbox 1099 3680 1135 3757">
     <span class='ocr_line' id='line_1_29' title="bbox 1099 3680 1135 3757; baseline 0.111 -4"><span class='ocrx_word' id='word_1_310' title='bbox 1099 3680 1135 3757; x_wconf 81' lang='lat'><strong>5.</strong></span> 
     </span>
    </p>
   </div>
   <div class='ocr_carea' id='block_1_8' title="bbox 223 3832 1892 4038">
    <p class='ocr_par' dir='ltr' id='par_1_11' title="bbox 223 3832 1892 4038">
     <span class='ocr_line' id='line_1_30' title="bbox 297 3832 1794 3936; baseline -0.007 -21"><span class='ocrx_word' id='word_1_311' title='bbox 297 3837 377 3915; x_wconf 80' lang='lat' dir='ltr'><strong>Otto</strong></span> <span class='ocrx_word' id='word_1_312' title='bbox 400 3837 562 3936; x_wconf 70' lang='lat' dir='ltr'><strong>bataapt</strong></span> <span class='ocrx_word' id='word_1_313' title='bbox 582 3836 663 3910; x_wconf 83' lang='lat' dir='ltr'><strong>dem</strong></span> <span class='ocrx_word' id='word_1_314' title='bbox 684 3836 828 3911; x_wconf 72' lang='lat' dir='ltr'><strong>lsioster</strong></span> <span class='ocrx_word' id='word_1_315' title='bbox 851 3835 1005 3909; x_wconf 85' lang='lat' dir='ltr'><strong>Werdea</strong></span> <span class='ocrx_word' id='word_1_316' title='bbox 1027 3835 1085 3909; x_wconf 86' lang='lat' dir='ltr'><strong>dic</strong></span> <span class='ocrx_word' id='word_1_317' title='bbox 1108 3835 1322 3909; x_wconf 79' lang='lat' dir='ltr'><strong>Immaaitdt</strong></span> <span class='ocrx_word' id='word_1_318' title='bbox 1341 3835 1421 3908; x_wconf 87' lang='lat' dir='ltr'><strong>aad</strong></span> <span class='ocrx_word' id='word_1_319' title='bbox 1442 3834 1577 3907; x_wconf 81' lang='lat' dir='ltr'><strong>cadere</strong></span> <span class='ocrx_word' id='word_1_320' title='bbox 1601 3832 1794 3907; x_wconf 83' lang='lat' dir='ltr'><strong>Vorrecbte.</strong></span> 
     </span>
     <span class='ocr_line' id='line_1_31' title="bbox 223 3975 1892 4038; baseline -0.007 5"><span class='ocrx_word' id='word_1_321' title='bbox 223 3975 274 4034; x_wconf 71' lang='lat'><strong>³0</strong></span> <span class='ocrx_word' id='word_1_322' title='bbox 1418 3975 1552 4036; x_wconf 78' lang='lat' dir='ltr'><strong>Datiam</strong></span> <span class='ocrx_word' id='word_1_323' title='bbox 1575 3978 1637 4035; x_wconf 86' lang='grc'><strong>936</strong></span> <span class='ocrx_word' id='word_1_324' title='bbox 1662 3975 1820 4038; x_wconf 82' lang='lat' dir='ltr'><strong>December</strong></span> <span class='ocrx_word' id='word_1_325' title='bbox 1841 3978 1892 4033; x_wconf 83' lang='lat'><strong>30.</strong></span> 
     </span>
    </p>
   </div>
   <div class='ocr_carea' id='block_1_9' title="bbox 391 4161 1935 4347">
    <p class='ocr_par' dir='ltr' id='par_1_12' title="bbox 391 4161 1935 4347">
     <span class='ocr_line' id='line_1_32' title="bbox 391 4161 1935 4239; baseline -0.005 -13"><span class='ocrx_word' id='word_1_326' title='bbox 391 4166 485 4226; x_wconf 70' lang='lat' dir='ltr'><strong>Iriber</strong></span> <span class='ocrx_word' id='word_1_327' title='bbox 500 4165 729 4239; x_wconf 64' lang='lat' dir='ltr'><strong>privilegiorum</strong></span> <span class='ocrx_word' id='word_1_328' title='bbox 750 4167 847 4225; x_wconf 88' lang='lat' dir='ltr'><strong>maio-r</strong></span> <span class='ocrx_word' id='word_1_329' title='bbox 867 4183 945 4225; x_wconf 83' lang='lat' dir='ltr'><strong>moa.</strong></span> <span class='ocrx_word' id='word_1_330' title='bbox 969 4166 1170 4226; x_wconf 82' lang='lat' dir='ltr'><strong>Werdiaeasis</strong></span> <span class='ocrx_word' id='word_1_331' title='bbox 1199 4183 1255 4225; x_wconf 87' lang='lat' dir='ltr'><strong>aas</strong></span> <span class='ocrx_word' id='word_1_332' title='bbox 1284 4165 1337 4224; x_wconf 84' lang='lat' dir='ltr'><strong>der</strong></span> <span class='ocrx_word' id='word_1_333' title='bbox 1366 4165 1456 4224; x_wconf 84' lang='lat' dir='ltr'><strong>Mitte</strong></span> <span class='ocrx_word' id='word_1_334' title='bbox 1484 4165 1534 4224; x_wconf 83' lang='lat' dir='ltr'><strong>des</strong></span> <span class='ocrx_word' id='word_1_335' title='bbox 1562 4169 1612 4225; x_wconf 88' lang='grc'><strong>12.</strong></span> <span class='ocrx_word' id='word_1_336' title='bbox 1637 4164 1689 4224; x_wconf 79' lang='lat' dir='ltr'><strong>Ji.</strong></span> <span class='ocrx_word' id='word_1_337' title='bbox 1721 4163 1744 4234; x_wconf 76' lang='lat' dir='ltr'><strong>s.</strong></span> <span class='ocrx_word' id='word_1_338' title='bbox 1767 4166 1807 4221; x_wconf 87' lang='grc'><strong>21</strong></span> <span class='ocrx_word' id='word_1_339' title='bbox 1839 4163 1882 4219; x_wconf 82' lang='lat' dir='ltr'><strong>im</strong></span> <span class='ocrx_word' id='word_1_340' title='bbox 1907 4161 1935 4219; x_wconf 83' lang='grc' dir='ltr'><strong>Ιι.</strong></span> 
     </span>
     <span class='ocr_line' id='line_1_33' title="bbox 392 4267 942 4347; baseline -0.005 -17"><span class='ocrx_word' id='word_1_341' title='bbox 392 4269 596 4330; x_wconf 81' lang='lat' dir='ltr'><strong>Staatsarctiv</strong></span> <span class='ocrx_word' id='word_1_342' title='bbox 616 4288 657 4328; x_wconf 76' lang='lat' dir='ltr'><strong>aa</strong></span> <span class='ocrx_word' id='word_1_343' title='bbox 678 4268 865 4340; x_wconf 75' lang='lat' dir='ltr'><strong>Dasteidorf</strong></span> <span class='ocrx_word' id='word_1_344' title='bbox 882 4267 893 4347; x_wconf 91' lang='lat'>(</span> <span class='ocrx_word' id='word_1_345' title='bbox 922 4268 942 4347; x_wconf 82' lang='lat'><strong>).</strong></span> 
     </span>
    </p>
   </div>
   <div class='ocr_carea' id='block_1_10' title="bbox 388 4403 1938 4687">
    <p class='ocr_par' dir='ltr' id='par_1_13' title="bbox 388 4403 1938 4687">
     <span class='ocr_line' id='line_1_34' title="bbox 390 4403 1936 4478; baseline -0.004 -11"><span class='ocrx_word' id='word_1_346' title='bbox 390 4407 516 4467; x_wconf 65' lang='grc' dir='ltr'><em>δεὶιιιιειι</em></span> <span class='ocrx_word' id='word_1_347' title='bbox 542 4405 623 4467; x_wconf 71' lang='lat' dir='ltr'><strong>Ano.</strong></span> <span class='ocrx_word' id='word_1_348' title='bbox 653 4407 778 4466; x_wconf 80' lang='lat' dir='ltr'><strong>Puderb.</strong></span> <span class='ocrx_word' id='word_1_349' title='bbox 809 4407 852 4465; x_wconf 86' lang='lat' dir='ltr'><strong>ed.</strong></span> <span class='ocrx_word' id='word_1_350' title='bbox 876 4412 900 4474; x_wconf 81' lang='lat'><strong>1,</strong></span> <span class='ocrx_word' id='word_1_351' title='bbox 924 4412 953 4478; x_wconf 88' lang='lat'><strong>1,</strong></span> <span class='ocrx_word' id='word_1_352' title='bbox 975 4410 1041 4468; x_wconf 83' lang='grc'><strong>278</strong></span> <span class='ocrx_word' id='word_1_353' title='bbox 1069 4425 1126 4468; x_wconf 84' lang='lat' dir='ltr'><strong>aas</strong></span> <span class='ocrx_word' id='word_1_354' title='bbox 1148 4409 1178 4467; x_wconf 92' lang='lat' dir='ltr'><strong><em>B</em></strong></span> <span class='ocrx_word' id='word_1_355' title='bbox 1200 4432 1239 4460; x_wconf 93' lang='lat'>=</span> <span class='ocrx_word' id='word_1_356' title='bbox 1263 4408 1307 4466; x_wconf 83' lang='lat' dir='ltr'><strong>ed.</strong></span> <span class='ocrx_word' id='word_1_357' title='bbox 1333 4409 1522 4478; x_wconf 83' lang='lat'><strong>11,1,189.</strong></span> <span class='ocrx_word' id='word_1_358' title='bbox 1555 4440 1591 4448; x_wconf 94' lang='grc'><strong>-</strong></span> <span class='ocrx_word' id='word_1_359' title='bbox 1623 4405 1790 4465; x_wconf 80' lang='lat' dir='ltr'><strong>Lacomblet</strong></span> <span class='ocrx_word' id='word_1_360' title='bbox 1811 4403 1936 4464; x_wconf 84' lang='lat' dir='ltr'><strong>Nieder·</strong></span> 
     </span>
     <span class='ocr_line' id='line_1_35' title="bbox 389 4508 1938 4584; baseline -0.003 -13"><span class='ocrx_word' id='word_1_361' title='bbox 389 4511 482 4571; x_wconf 78' lang='lat' dir='ltr'><strong>rbeia.</strong></span> <span class='ocrx_word' id='word_1_362' title='bbox 504 4511 570 4571; x_wconf 76' lang='grc' dir='ltr'><strong>ΠΒ.</strong></span> <span class='ocrx_word' id='word_1_363' title='bbox 587 4516 616 4581; x_wconf 84' lang='lat'><strong>1,</strong></span> <span class='ocrx_word' id='word_1_364' title='bbox 634 4513 673 4570; x_wconf 84' lang='lat'><strong>51</strong></span> <span class='ocrx_word' id='word_1_365' title='bbox 690 4516 725 4568; x_wconf 80' lang='lat' dir='ltr'><strong>a⁰</strong></span> <span class='ocrx_word' id='word_1_366' title='bbox 740 4514 783 4571; x_wconf 86' lang='grc'><strong>92</strong></span> <span class='ocrx_word' id='word_1_367' title='bbox 804 4527 860 4569; x_wconf 84' lang='lat' dir='ltr'><strong>aas</strong></span> <span class='ocrx_word' id='word_1_368' title='bbox 879 4509 993 4569; x_wconf 81' lang='lat' dir='ltr'><strong>Geleaii</strong></span> <span class='ocrx_word' id='word_1_369' title='bbox 1011 4510 1124 4584; x_wconf 68' lang='lat' dir='ltr'><strong>surray.</strong></span> <span class='ocrx_word' id='word_1_370' title='bbox 1142 4512 1213 4584; x_wconf 65' lang='lat' dir='ltr'><strong>dipl.</strong></span> <span class='ocrx_word' id='word_1_371' title='bbox 1231 4511 1299 4572; x_wconf 85' lang='lat' dir='ltr'><strong>Ms.</strong></span> <span class='ocrx_word' id='word_1_372' title='bbox 1317 4513 1359 4569; x_wconf 88' lang='lat' dir='ltr'><strong>im</strong></span> <span class='ocrx_word' id='word_1_373' title='bbox 1374 4511 1560 4571; x_wconf 81' lang='lat' dir='ltr'><strong>Stodtarcia&#39;o</strong></span> <span class='ocrx_word' id='word_1_374' title='bbox 1580 4528 1621 4569; x_wconf 81' lang='lat' dir='ltr'><strong>aa</strong></span> <span class='ocrx_word' id='word_1_375' title='bbox 1636 4509 1724 4568; x_wconf 79' lang='lat' dir='ltr'><strong>Koa.</strong></span> <span class='ocrx_word' id='word_1_376' title='bbox 1747 4542 1784 4551; x_wconf 92' lang='lat'>—</span> <span class='ocrx_word' id='word_1_377' title='bbox 1808 4508 1938 4566; x_wconf 75' lang='lat' dir='ltr'><strong>Btbmer</strong></span> 
     </span>
     <span class='ocr_line' id='line_1_36' title="bbox 388 4612 919 4687; baseline -0.009 -12"><span class='ocrx_word' id='word_1_378' title='bbox 388 4614 461 4687; x_wconf 78' lang='lat' dir='ltr'><strong>aa.</strong></span> <span class='ocrx_word' id='word_1_379' title='bbox 486 4617 536 4674; x_wconf 75' lang='lat'><strong>74.</strong></span> <span class='ocrx_word' id='word_1_380' title='bbox 561 4647 602 4655; x_wconf 94' lang='lat'>-</span> <span class='ocrx_word' id='word_1_381' title='bbox 626 4612 754 4687; x_wconf 76' lang='lat' dir='ltr'><strong>Stamps</strong></span> <span class='ocrx_word' id='word_1_382' title='bbox 772 4615 844 4686; x_wconf 74' lang='lat' dir='ltr'><strong>aa.</strong></span> <span class='ocrx_word' id='word_1_383' title='bbox 869 4616 919 4672; x_wconf 83' lang='lat'><strong>60.</strong></span> 
     </span>
    </p>
   </div>
   <div class='ocr_carea' id='block_1_11' title="bbox 392 4750 1938 4926">
    <p class='ocr_par' dir='ltr' id='par_1_14' title="bbox 392 4750 1938 4926">
     <span class='ocr_line' id='line_1_37' title="bbox 392 4750 1938 4825; baseline -0.003 -14"><span class='ocrx_word' id='word_1_384' title='bbox 392 4752 469 4812; x_wconf 83' lang='lat' dir='ltr'><strong>Fust</strong></span> <span class='ocrx_word' id='word_1_385' title='bbox 490 4751 636 4811; x_wconf 65' lang='lat' dir='ltr'><strong>wortliche</strong></span> <span class='ocrx_word' id='word_1_386' title='bbox 657 4751 884 4825; x_wconf 60' lang='lat' dir='ltr'><strong>vaetertium</strong></span> <span class='ocrx_word' id='word_1_387' title='bbox 905 4769 961 4810; x_wconf 83' lang='lat' dir='ltr'><strong>aaa</strong></span> <span class='ocrx_word' id='word_1_388' title='bbox 982 4752 1053 4812; x_wconf 77' lang='grc' dir='ltr'><strong>ΒΗ.</strong></span> <span class='ocrx_word' id='word_1_389' title='bbox 1077 4755 1120 4813; x_wconf 88' lang='grc'><strong>26</strong></span> <span class='ocrx_word' id='word_1_390' title='bbox 1147 4753 1212 4811; x_wconf 78' lang='lat' dir='ltr'><strong>aad</strong></span> <span class='ocrx_word' id='word_1_391' title='bbox 1239 4754 1340 4813; x_wconf 83' lang='lat' dir='ltr'><strong>ebeaso</strong></span> <span class='ocrx_word' id='word_1_392' title='bbox 1362 4756 1416 4811; x_wconf 85' lang='lat' dir='ltr'><strong>wie</strong></span> <span class='ocrx_word' id='word_1_393' title='bbox 1438 4753 1532 4818; x_wconf 83' lang='lat' dir='ltr'><strong>dieses</strong></span> <span class='ocrx_word' id='word_1_394' title='bbox 1553 4771 1594 4812; x_wconf 84' lang='lat' dir='ltr'><strong>aa</strong></span> <span class='ocrx_word' id='word_1_395' title='bbox 1616 4751 1802 4811; x_wconf 81' lang='lat' dir='ltr'><strong>beartieilea.</strong></span> <span class='ocrx_word' id='word_1_396' title='bbox 1847 4750 1938 4810; x_wconf 85' lang='lat' dir='ltr'><strong>Ueber</strong></span> 
     </span>
     <span class='ocr_line' id='line_1_38' title="bbox 392 4853 1511 4926; baseline -0.001 -12"><span class='ocrx_word' id='word_1_397' title='bbox 392 4854 525 4914; x_wconf 67' lang='grc' dir='ltr'><em>Βεὶιῑιιιιι</em></span> <span class='ocrx_word' id='word_1_398' title='bbox 548 4855 594 4913; x_wconf 81' lang='lat' dir='ltr'><strong>bei</strong></span> <span class='ocrx_word' id='word_1_399' title='bbox 615 4855 780 4914; x_wconf 77' lang='lat' dir='ltr'><strong>Bocbeaem</strong></span> <span class='ocrx_word' id='word_1_400' title='bbox 800 4871 824 4913; x_wconf 81' lang='lat' dir='ltr'><strong>s.</strong></span> <span class='ocrx_word' id='word_1_401' title='bbox 849 4854 977 4913; x_wconf 73' lang='lat' dir='ltr'><strong>Intrasti</strong></span> <span class='ocrx_word' id='word_1_402' title='bbox 1002 4853 1102 4914; x_wconf 75' lang='lat' dir='ltr'><strong>Gessit.</strong></span> <span class='ocrx_word' id='word_1_403' title='bbox 1126 4873 1182 4913; x_wconf 82' lang='lat' dir='ltr'><strong>aaa</strong></span> <span class='ocrx_word' id='word_1_404' title='bbox 1205 4854 1385 4914; x_wconf 82' lang='lat' dir='ltr'><strong>Hildesteim</strong></span> <span class='ocrx_word' id='word_1_405' title='bbox 1407 4862 1437 4926; x_wconf 86' lang='lat'><strong>1,</strong></span> <span class='ocrx_word' id='word_1_406' title='bbox 1462 4861 1511 4916; x_wconf 86' lang='lat'><strong>71.</strong></span> 
     </span>
    </p>
   </div>
   <div class='ocr_carea' id='block_1_12' title="bbox 248 5038 1937 5538">
    <p class='ocr_par' dir='ltr' id='par_1_15' title="bbox 495 5038 1937 5124">
     <span class='ocr_line' id='line_1_39' title="bbox 495 5038 1937 5124; baseline -0.002 -18"><span class='ocrx_word' id='word_1_407' title='bbox 495 5042 534 5108; x_wconf 93' lang='lat' dir='ltr'><strong>In</strong></span> <span class='ocrx_word' id='word_1_408' title='bbox 566 5043 697 5106; x_wconf 87' lang='lat' dir='ltr'><strong>nomine</strong></span> <span class='ocrx_word' id='word_1_409' title='bbox 731 5050 842 5124; x_wconf 74' lang='lat' dir='ltr'><strong>sancte</strong></span> <span class='ocrx_word' id='word_1_410' title='bbox 876 5051 908 5104; x_wconf 88' lang='lat' dir='ltr'><strong>ct</strong></span> <span class='ocrx_word' id='word_1_411' title='bbox 940 5038 1105 5124; x_wconf 75' lang='lat' dir='ltr'><strong>individue</strong></span> <span class='ocrx_word' id='word_1_412' title='bbox 1138 5041 1301 5105; x_wconf 87' lang='lat' dir='ltr'><strong>trinitatis.</strong></span> <span class='ocrx_word' id='word_1_413' title='bbox 1347 5039 1425 5106; x_wconf 90' lang='lat' dir='ltr'><strong>Otto</strong></span> <span class='ocrx_word' id='word_1_414' title='bbox 1460 5041 1570 5106; x_wconf 88' lang='lat' dir='ltr'><strong>divina</strong></span> <span class='ocrx_word' id='word_1_415' title='bbox 1603 5042 1732 5106; x_wconf 90' lang='lat' dir='ltr'><strong>favente</strong></span> <span class='ocrx_word' id='word_1_416' title='bbox 1765 5041 1937 5105; x_wconf 88' lang='lat' dir='ltr'><strong>clementia</strong></span> 
     </span>
    </p>

    <p class='ocr_par' dir='ltr' id='par_1_16' title="bbox 248 5159 1937 5538">
     <span class='ocr_line' id='line_1_40' title="bbox 291 5159 1936 5226; baseline -0.004 -10"><span class='ocrx_word' id='word_1_417' title='bbox 291 5174 358 5216; x_wconf 79' lang='lat' dir='ltr'><strong>rex.</strong></span> <span class='ocrx_word' id='word_1_418' title='bbox 440 5165 467 5214; x_wconf 88' lang='lat' dir='ltr'><strong>Si</strong></span> <span class='ocrx_word' id='word_1_419' title='bbox 484 5180 619 5215; x_wconf 88' lang='lat' dir='ltr'><strong>servorum</strong></span> <span class='ocrx_word' id='word_1_420' title='bbox 634 5161 676 5212; x_wconf 90' lang='lat' dir='ltr'><strong>dei</strong></span> <span class='ocrx_word' id='word_1_421' title='bbox 691 5162 865 5226; x_wconf 86' lang='lat' dir='ltr'><strong>petitionibus</strong></span> <span class='ocrx_word' id='word_1_422' title='bbox 880 5177 897 5209; x_wconf 70' lang='lat' dir='ltr'><strong>a</strong></span> <span class='ocrx_word' id='word_1_423' title='bbox 913 5159 1054 5210; x_wconf 86' lang='lat' dir='ltr'><strong>clementer</strong></span> <span class='ocrx_word' id='word_1_424' title='bbox 1076 5161 1260 5222; x_wconf 84' lang='lat' dir='ltr'><strong>annuerimus,</strong></span> <span class='ocrx_word' id='word_1_425' title='bbox 1284 5159 1312 5209; x_wconf 90' lang='lat' dir='ltr'><strong>id</strong></span> <span class='ocrx_word' id='word_1_426' title='bbox 1334 5161 1411 5209; x_wconf 88' lang='lat' dir='ltr'><strong>nobis</strong></span> <span class='ocrx_word' id='word_1_427' title='bbox 1435 5160 1468 5210; x_wconf 88' lang='lat' dir='ltr'><strong>ad</strong></span> <span class='ocrx_word' id='word_1_428' title='bbox 1490 5165 1617 5225; x_wconf 70' lang='lat' dir='ltr'><strong>perpetue</strong></span> <span class='ocrx_word' id='word_1_429' title='bbox 1639 5159 1812 5211; x_wconf 82' lang='lat' dir='ltr'><strong>beatitudinis</strong></span> <span class='ocrx_word' id='word_1_430' title='bbox 1835 5161 1936 5224; x_wconf 87' lang='lat' dir='ltr'><strong>premia</strong></span> 
     </span>
     <span class='ocr_line' id='line_1_41' title="bbox 248 5251 1936 5334; baseline -0.004 -15"><span class='ocrx_word' id='word_1_431' title='bbox 248 5270 276 5318; x_wconf 75' lang='lat' dir='ltr'><strong>to</strong></span> <span class='ocrx_word' id='word_1_432' title='bbox 291 5267 464 5334; x_wconf 79' lang='lat' dir='ltr'><strong>promerenda</strong></span> <span class='ocrx_word' id='word_1_433' title='bbox 488 5266 589 5333; x_wconf 87' lang='lat' dir='ltr'><strong>liquido</strong></span> <span class='ocrx_word' id='word_1_434' title='bbox 618 5265 787 5330; x_wconf 76' lang='lat' dir='ltr'><strong>profuturum</strong></span> <span class='ocrx_word' id='word_1_435' title='bbox 814 5279 872 5315; x_wconf 85' lang='lat' dir='ltr'><strong>esse</strong></span> <span class='ocrx_word' id='word_1_436' title='bbox 900 5261 1038 5312; x_wconf 84' lang='lat' dir='ltr'><strong>credimus.</strong></span> <span class='ocrx_word' id='word_1_437' title='bbox 1077 5261 1155 5312; x_wconf 85' lang='lat' dir='ltr'><strong>Unde</strong></span> <span class='ocrx_word' id='word_1_438' title='bbox 1183 5263 1306 5314; x_wconf 85' lang='lat' dir='ltr'><strong>omnibus</strong></span> <span class='ocrx_word' id='word_1_439' title='bbox 1334 5270 1425 5330; x_wconf 75' lang='lat' dir='ltr'><strong>sancte</strong></span> <span class='ocrx_word' id='word_1_440' title='bbox 1454 5263 1495 5314; x_wconf 82' lang='lat' dir='ltr'><strong>dei</strong></span> <span class='ocrx_word' id='word_1_441' title='bbox 1525 5264 1636 5329; x_wconf 74' lang='lat' dir='ltr'><strong>ecclesie</strong></span> <span class='ocrx_word' id='word_1_442' title='bbox 1664 5263 1787 5314; x_wconf 85' lang='lat' dir='ltr'><strong>fidelibus</strong></span> <span class='ocrx_word' id='word_1_443' title='bbox 1818 5251 1936 5313; x_wconf 76' lang='lat' dir='ltr'><strong>nostris</strong></span> 
     </span>
     <span class='ocr_line' id='line_1_42' title="bbox 290 5355 1937 5436; baseline -0.001 -14"><span class='ocrx_word' id='word_1_444' title='bbox 290 5372 457 5436; x_wconf 82' lang='lat' dir='ltr'><strong>presentibus</strong></span> <span class='ocrx_word' id='word_1_445' title='bbox 477 5355 576 5419; x_wconf 74' lang='lat' dir='ltr'><strong>etiam</strong></span> <span class='ocrx_word' id='word_1_446' title='bbox 599 5374 626 5419; x_wconf 87' lang='lat' dir='ltr'><strong>et</strong></span> <span class='ocrx_word' id='word_1_447' title='bbox 646 5369 743 5418; x_wconf 81' lang='lat' dir='ltr'><strong>futuris</strong></span> <span class='ocrx_word' id='word_1_448' title='bbox 766 5374 859 5418; x_wconf 89' lang='lat' dir='ltr'><strong>notum</strong></span> <span class='ocrx_word' id='word_1_449' title='bbox 880 5383 938 5419; x_wconf 86' lang='lat' dir='ltr'><strong>esse</strong></span> <span class='ocrx_word' id='word_1_450' title='bbox 961 5367 1097 5429; x_wconf 88' lang='lat' dir='ltr'><strong>volumus,</strong></span> <span class='ocrx_word' id='word_1_451' title='bbox 1131 5368 1203 5433; x_wconf 92' lang='lat' dir='ltr'><strong>quod</strong></span> <span class='ocrx_word' id='word_1_452' title='bbox 1229 5368 1316 5420; x_wconf 86' lang='lat' dir='ltr'><strong>fidelis</strong></span> <span class='ocrx_word' id='word_1_453' title='bbox 1344 5375 1433 5420; x_wconf 87' lang='lat' dir='ltr'><strong>noster</strong></span> <span class='ocrx_word' id='word_1_454' title='bbox 1455 5370 1564 5436; x_wconf 86' lang='lat' dir='ltr'><strong>Wigger</strong></span> <span class='ocrx_word' id='word_1_455' title='bbox 1586 5370 1656 5420; x_wconf 87' lang='lat' dir='ltr'><strong>abba</strong></span> <span class='ocrx_word' id='word_1_456' title='bbox 1684 5370 1836 5420; x_wconf 83' lang='lat' dir='ltr'><strong>monasterii</strong></span> <span class='ocrx_word' id='word_1_457' title='bbox 1865 5370 1937 5435; x_wconf 90' lang='lat' dir='ltr'><strong>quod</strong></span> 
     </span>
     <span class='ocr_line' id='line_1_43' title="bbox 291 5470 1937 5538; baseline 0.001 -18"><span class='ocrx_word' id='word_1_458' title='bbox 291 5479 401 5523; x_wconf 71' lang='lat' dir='ltr'><strong>vocatur</strong></span> <span class='ocrx_word' id='word_1_459' title='bbox 423 5472 563 5522; x_wconf 76' lang='lat' dir='ltr'><strong>werthina</strong></span> <span class='ocrx_word' id='word_1_460' title='bbox 584 5472 732 5522; x_wconf 73' lang='lat' dir='ltr'><strong>insinuavit</strong></span> <span class='ocrx_word' id='word_1_461' title='bbox 754 5470 905 5522; x_wconf 88' lang='lat' dir='ltr'><strong>celsitudini</strong></span> <span class='ocrx_word' id='word_1_462' title='bbox 927 5477 1030 5536; x_wconf 71' lang='lat' dir='ltr'><strong>nostre,</strong></span> <span class='ocrx_word' id='word_1_463' title='bbox 1063 5471 1178 5536; x_wconf 87' lang='lat' dir='ltr'><strong>qualiter</strong></span> <span class='ocrx_word' id='word_1_464' title='bbox 1205 5473 1292 5538; x_wconf 85' lang='lat' dir='ltr'><strong>ipsum</strong></span> <span class='ocrx_word' id='word_1_465' title='bbox 1322 5473 1509 5523; x_wconf 88' lang='lat' dir='ltr'><strong>monachorum</strong></span> <span class='ocrx_word' id='word_1_466' title='bbox 1532 5473 1672 5522; x_wconf 87' lang='lat' dir='ltr'><strong>cenobium</strong></span> <span class='ocrx_word' id='word_1_467' title='bbox 1695 5474 1747 5522; x_wconf 87' lang='lat' dir='ltr'><strong>sibi</strong></span> <span class='ocrx_word' id='word_1_468' title='bbox 1769 5474 1937 5523; x_wconf 86' lang='lat' dir='ltr'><strong>commissum</strong></span> 
     </span>
    </p>
   </div>
   <div class='ocr_carea' id='block_1_13' title="bbox 292 5572 1937 5643">
    <p class='ocr_par' dir='ltr' id='par_1_17' title="bbox 292 5572 1937 5643">
     <span class='ocr_line' id='line_1_44' title="bbox 292 5572 1937 5643; baseline 0.002 -19"><span class='ocrx_word' id='word_1_469' title='bbox 292 5575 406 5641; x_wconf 70' lang='lat' dir='ltr'><strong>abente</strong></span> <span class='ocrx_word' id='word_1_470' title='bbox 428 5575 554 5641; x_wconf 72' lang='lat' dir='ltr'><strong>memorie</strong></span> <span class='ocrx_word' id='word_1_471' title='bbox 575 5579 668 5625; x_wconf 61' lang='lat' dir='ltr'><strong>mnae</strong></span> <span class='ocrx_word' id='word_1_472' title='bbox 691 5572 824 5640; x_wconf 84' lang='lat' dir='ltr'><strong>Livdgero</strong></span> <span class='ocrx_word' id='word_1_473' title='bbox 847 5575 972 5638; x_wconf 87' lang='lat' dir='ltr'><strong>episcopo</strong></span> <span class='ocrx_word' id='word_1_474' title='bbox 994 5574 1022 5622; x_wconf 93' lang='lat' dir='ltr'><strong>in</strong></span> <span class='ocrx_word' id='word_1_475' title='bbox 1045 5575 1152 5638; x_wconf 90' lang='lat' dir='ltr'><strong>propria</strong></span> <span class='ocrx_word' id='word_1_476' title='bbox 1175 5576 1232 5626; x_wconf 86' lang='lat' dir='ltr'><strong>eius</strong></span> <span class='ocrx_word' id='word_1_477' title='bbox 1259 5576 1403 5627; x_wconf 84' lang='lat' dir='ltr'><strong>hereditate</strong></span> <span class='ocrx_word' id='word_1_478' title='bbox 1431 5576 1512 5627; x_wconf 84' lang='lat' dir='ltr'><strong>inerit</strong></span> <span class='ocrx_word' id='word_1_479' title='bbox 1540 5581 1720 5627; x_wconf 87' lang='lat' dir='ltr'><strong>constructum</strong></span> <span class='ocrx_word' id='word_1_480' title='bbox 1748 5576 1937 5643; x_wconf 84' lang='lat' dir='ltr'><strong>monachisque</strong></span> 
     </span>
    </p>
   </div>
   <div class='ocr_carea' id='block_1_14' title="bbox 394 5743 1937 5816">
    <p class='ocr_par' dir='ltr' id='par_1_18' title="bbox 394 5743 1937 5816">
     <span class='ocr_line' id='line_1_45' title="bbox 394 5743 1937 5816; baseline -0.001 -16"><span class='ocrx_word' id='word_1_481' title='bbox 394 5744 418 5800; x_wconf 79' lang='grc'><strong>4.</strong></span> <span class='ocrx_word' id='word_1_482' title='bbox 446 5743 543 5813; x_wconf 76' lang='lat' dir='ltr'><strong>[Folia]</strong></span> <span class='ocrx_word' id='word_1_483' title='bbox 647 5746 716 5810; x_wconf 77' lang='lat' dir='ltr'><strong>a)A</strong></span> <span class='ocrx_word' id='word_1_484' title='bbox 820 5747 847 5810; x_wconf 92' lang='lat' dir='ltr'><strong>b)</strong></span> <span class='ocrx_word' id='word_1_485' title='bbox 874 5748 932 5799; x_wconf 66' lang='lat' dir='ltr'><strong>nim</strong></span> <span class='ocrx_word' id='word_1_486' title='bbox 949 5745 972 5796; x_wconf 76' lang='lat' dir='ltr'><em>A</em></span> <span class='ocrx_word' id='word_1_487' title='bbox 989 5764 1024 5789; x_wconf 97' lang='lat'>=</span> <span class='ocrx_word' id='word_1_488' title='bbox 1041 5745 1094 5798; x_wconf 86' lang='lat' dir='ltr'><strong>VU.</strong></span> <span class='ocrx_word' id='word_1_489' title='bbox 1200 5751 1225 5811; x_wconf 84' lang='lat' dir='ltr'><strong>c)</strong></span> <span class='ocrx_word' id='word_1_490' title='bbox 1243 5746 1311 5800; x_wconf 72' lang='lat' dir='ltr'><strong>anei</strong></span> <span class='ocrx_word' id='word_1_491' title='bbox 1328 5749 1386 5799; x_wconf 78' lang='lat' dir='ltr'><strong>dara</strong></span> <span class='ocrx_word' id='word_1_492' title='bbox 1404 5747 1525 5802; x_wconf 45' lang='lat' dir='ltr'><strong>,roaros</strong></span> <span class='ocrx_word' id='word_1_493' title='bbox 1542 5752 1595 5816; x_wconf 83' lang='lat' dir='ltr'><strong>aus</strong></span> <span class='ocrx_word' id='word_1_494' title='bbox 1606 5751 1664 5803; x_wconf 82' lang='lat' dir='ltr'><strong>dem</strong></span> <span class='ocrx_word' id='word_1_495' title='bbox 1682 5752 1835 5816; x_wconf 72' lang='lat' dir='ltr'><strong>Perqaareut</strong></span> <span class='ocrx_word' id='word_1_496' title='bbox 1853 5752 1892 5802; x_wconf 89' lang='lat' dir='ltr'><strong>SI.</strong></span> <span class='ocrx_word' id='word_1_497' title='bbox 1914 5754 1937 5800; x_wconf 91' lang='lat'><strong>1.</strong></span> 
     </span>
    </p>
   </div>
   <div class='ocr_carea' id='block_1_15' title="bbox 0 0 2154 6406">
    <p class='ocr_par' dir='ltr' id='par_1_19' title="bbox 0 0 2154 6406">
     <span class='ocr_line' id='line_1_46' title="bbox 0 0 2154 6406; baseline 0 0"><span class='ocrx_word' id='word_1_498' title='bbox 0 0 2154 6406; x_wconf 95' lang='lat' dir='ltr'><strong> </strong></span> 
     </span>
    </p>
   </div>
  </div>
 </body>
</html>
