4298 6414
939 124 1065 182 ΟΤΤΟ
1086 125 1110 181 Ι.
1135 122 1207 180 972.

244 328 398 388 sanctoque
426 322 511 373 Lucio
544 323 689 373 consessori
719 321 815 372 Christi
849 337 896 386 pro
931 321 1046 371 remedio

245 427 337 477 anime
367 431 457 476 nostre
485 441 518 475 ex
547 427 649 490 integre
673 407 929 474 condonavimus
953 440 984 474 ac
1006 424 1047 474 lir-

245 532 327 580 miter
350 510 609 579 contradidimus
633 544 692 578 cum
717 530 839 578 omnibus
862 520 905 588 [ad
928 520 1047 588 eandem]

247 640 353 684 curtem
375 636 445 683 iuste
467 640 493 683 et
516 632 636 698 legaliter
657 632 859 696 pertinentibus,
883 648 942 682 emn
966 631 1048 681 aecle-

212 741 291 791 5sia
313 745 342 788 et
364 737 473 788 decimis
495 736 635 787 curtilibus
658 736 785 786 aedificiis
810 736 949 800 mancipiis
977 737 1048 800 agris

248 844 336 907 pratis
364 842 461 891 vinetis
489 840 564 890 silvis
592 842 698 904 pascuis
727 841 833 904 alpibus
862 841 939 904 aquis
968 853 1047 903 aqna-

249 962 345 996 rumvc
367 945 524 995 decursibus
541 944 660 994 fontibus
675 943 769 993 insulis
787 943 979 1009 piscationibus
995 959 1048 991 mo·

250 1048 368 1100 leudiuis
396 1048 476 1098 cultis
505 1054 531 1097 et
559 1047 667 1098 incultis
695 1048 805 1112 quesitis
834 1053 859 1096 et
886 1032 1049 1111 inquirendis

252 1153 430 1217 omnibusque
453 1151 487 1201 ad
510 1151 622 1202 eundem
652 1150 740 1200 locum
763 1152 812 1200 rite
835 1150 1049 1200 subsistentibus.

206 1258 233 1306 lo
252 1241 362 1322 Quam
392 1249 517 1304 curtem
547 1238 755 1325 postmodum
784 1236 948 1303 Arnaldus
980 1238 1049 1322 qui-

252 1345 329 1409 dam
343 1345 463 1408 iniuste
480 1341 542 1406 sibi
555 1342 754 1407 abstractam
764 1343 950 1426 imperatori
963 1349 1050 1425 pate-

251 1450 338 1514 fecit.
378 1445 479 1513 Cuius
508 1445 766 1531 proclamatione
795 1446 971 1528 imperator
994 1466 1049 1506 au·

252 1562 367 1636 gustus
390 1550 565 1636 inpulsus⁸
588 1548 708 1614 electos
724 1551 813 1613 viros
833 1569 874 1612 ex
890 1549 985 1613 Retia
1009 1548 1049 1612 de

251 1660 325 1741 ipsa
354 1666 460 1738 curte,
492 1656 544 1718 cui
574 1655 657 1718 iuste
687 1653 847 1737 pertinere
873 1651 1048 1733 debuisset,

206 1775 234 1823 15
251 1763 360 1825 iurare
383 1760 494 1824 iussit:
524 1755 697 1842 inprimisl
719 1758 884 1838 Iouianus,
908 1754 1049 1821 Vnolue-

251 1863 362 1945 radus,
384 1863 511 1947 Bappo,
535 1859 681 1941 Seianus,
705 1859 885 1943 Egelolfus,
909 1857 1049 1923 Ruodol-

252 1970 321 2050 qu,
356 1964 599 2049 Reginhardus,
633 1963 801 2046 Riharius,
837 1963 1049 2044 Lionzianus,

252 2073 378 2152 Victor,
397 2067 659 2149 Erchembertus,
676 2065 827 2150 Vigilius,
844 2066 1049 2148 Valerianus,

253 2177 332 2239 item
359 2172 510 2257 Vigilius.
548 2171 606 2235 Isti
636 2193 778 2256 namque
808 2173 875 2234 veri
905 2170 1050 2234 homines

206 2296 237 2343 20
254 2279 375 2363 aliique
399 2275 511 2340 obtimi
536 2299 577 2340 ex
601 2275 720 2338 Retiac
748 2276 781 2336 in
808 2276 972 2358 presentia
995 2275 1051 2337 im·

254 2382 414 2469 peratoris
452 2376 583 2442 Ottonis
621 2385 652 2439 et
690 2377 887 2456 Pernnonis,
922 2376 1050 2456 Vtonis,

255 2483 460 2563 Chuonradi,
495 2478 702 2561 Huodelrici,
738 2477 925 2560 Adalbcrti,
959 2479 1051 2562 Hup·

254 2589 355 2677 paldi,
384 2587 547 2668 Rihuuini,
578 2584 733 2667 Liutoldi,
763 2583 946 2665 Vuolfradi,
975 2583 1050 2647 Liu-

254 2693 337 2758 toldi
360 2686 540 2756 comitumd
565 2688 766 2773 aliorumque
786 2687 983 2752 obtimorum
1006 2689 1051 2750 iu-

206 2813 236 2860 25
254 2804 419 2877 raverunt,
439 2793 527 2880 quod
542 2795 625 2857 iuste
641 2791 849 2876 legitimeque
865 2792 1051 2876 imperatori

256 2901 431 2986 pertineret
454 2907 486 2962 et
509 2896 627 2961 exinde
651 2895 806 2981 quicquid
830 2894 890 2960 sibi
913 2894 1052 2979 placuis-

256 3014 306 3070 set
327 3002 470 3068 faciendi
494 2999 629 3065 liberam
651 2998 820 3064 habuisset
847 3007 1052 3083 potestatem.

256 3109 352 3173 Hanc
382 3115 507 3170 curtem
534 3101 741 3184 auctoritalte
764 3102 880 3185 nost]ri
908 3104 1053 3188 precepti

255 3209 528 3298 relnovavilmus,
559 3215 595 3271 ut
621 3206 745 3272 firmius
776 3205 925 3271 stabilius
949 3206 1054 3270 eidem

206 3335 239 3384 30
257 3317 374 3401 eclesie
391 3314 524 3399 perenni
539 3313 607 3377 iure
623 3319 682 3376 ut⁰
698 3310 854 3376 succedat
870 3332 927 3394 pro
943 3331 1053 3373 amore

257 3419 309 3483 dei
332 3440 393 3483 nec
417 3440 482 3482 non
506 3426 538 3480 et
559 3415 696 3501 predicti
720 3415 866 3500 episcopi
885 3413 1052 3498 Hartperti

258 3531 289 3584 ct
313 3521 511 3584 successoris
535 3519 585 3583 sui
607 3516 781 3582 Hiltibaldi
805 3518 962 3601 episcopi.

932 3624 988 3699 (si.
1010 3620 1051 3697 6.)

206 3846 239 3895 35

1830 114 1894 184 573

1099 337 1146 386 pro
1176 321 1291 372 remedio
1320 322 1423 372 animae
1451 328 1556 373 nostrae
1585 339 1618 374 ex
1646 324 1748 389 integro
1771 309 1893 374 condo-

1100 412 1250 474 navimus
1274 441 1305 474 ac
1324 425 1432 474 firmiter
1454 409 1710 475 contradidimus
1734 444 1793 477 cum
1813 432 1894 478 onmi-

1100 529 1150 577 bus
1173 527 1206 577 ad
1229 529 1339 578 eandem
1362 535 1461 579 curtem
1484 513 1594 581 iustaeb
1623 537 1649 580 et
1673 532 1794 596 legaliter
1816 537 1895 598 perti-

1100 633 1232 693 nentibus,
1257 648 1315 681 cmn
1340 633 1468 682 aecclesia
1491 640 1517 683 et
1540 634 1647 684 decimis
1667 635 1806 687 curtilibus
1825 638 1895 687 aedi-

1101 734 1162 783 fitiis
1194 737 1331 799 mancipiis
1360 737 1429 800 agris
1459 739 1541 800 pratis
1570 739 1666 786 vinetis
1693 740 1766 788 silvis
1788 743 1894 804 pascuis

1101 839 1206 903 alpibus
1235 840 1311 904 aquis
1340 854 1502 905 aquarumve
1532 842 1687 892 decursibus
1716 843 1834 895 forrtibus
1857 847 1894 894 in·

1101 942 1167 992 milis
1196 944 1388 1007 piscationibus
1416 943 1573 994 molendinis
1596 929 1772 995 mobilibus
1795 942 1828 997 ct
1849 935 1894 996 in·

1101 1030 1277 1096 mobilibus
1306 1047 1384 1096 cultis
1414 1053 1440 1097 et
1467 1048 1575 1097 incultis
1603 1051 1730 1113 quaesitis
1759 1056 1784 1100 et
1810 1053 1894 1116 iuqui-

1102 1151 1191 1200 remiis
1220 1152 1394 1216 omnibusque
1423 1151 1456 1201 ad
1485 1151 1596 1201 eundem
1626 1152 1713 1202 locum
1742 1156 1791 1204 rite
1812 1157 1896 1204 subsi-

1103 1256 1241 1305 stentibus.
1281 1239 1430 1304 Obcunte
1453 1262 1592 1326 namque
1619 1241 1800 1325 praelibato
1831 1245 1896 1308 iam

1102 1342 1248 1406 eiusdem
1276 1343 1456 1408 aecclesiae
1486 1345 1657 1430 episcopo,
1687 1344 1896 1411 Hildibaldus

1102 1445 1298 1519 venerabilis
1327 1449 1501 1532 episeopus
1530 1450 1598 1512 eius
1629 1449 1704 1514 loco
1735 1451 1814 1514 satis
1838 1473 1896 1535 pro

1102 1551 1223 1613 meritis
1248 1550 1441 1634 subrogatus
1458 1560 1515 1614 est.
1551 1551 1625 1632 Quo
1645 1550 1898 1637 [praesullante⁰

1102 1651 1268 1717 Arnaldus
1303 1651 1450 1718 Odalrici
1483 1653 1569 1718 filius
1605 1655 1802 1740 querelando
1836 1679 1897 1720 nos

1102 1756 1216 1820 adiens
1232 1755 1365 1820 firmiter
1381 1757 1556 1840 professus,
1580 1768 1695 1822 contra
1718 1760 1767 1823 ius
1789 1759 1897 1824 locum

1103 1860 1242 1923 eundem
1273 1859 1333 1924 sibi
1362 1861 1463 1924 fuisse
1497 1860 1699 1926 subtractum
1732 1862 1898 1948 multoque

1103 1964 1217 2048 qquius
1241 1963 1284 2026 ad
1307 1984 1400 2027 suam
1424 1963 1617 2028 aecclesiam
1641 1964 1822 2030 Skennines
1842 1989 1897 2030 vo-

1104 2064 1221 2129 cabulo
1246 2064 1382 2130 eandem
1406 2077 1530 2132 curtem
1555 2090 1652 2152 quam
1676 2068 1730 2132 ubi
1746 2092 1806 2133 nos
1823 2092 1898 2134 con-

1103 2168 1296 2233 tradidimus
1319 2173 1533 2255 appertinere.
1558 2171 1626 2235 Nos
1650 2173 1770 2258 quippe
1785 2176 1899 2237 verita·

1104 2274 1144 2337 tis
1173 2295 1206 2335 rc
1236 2271 1481 2357 perspitiend[a]
1507 2276 1595 2338 cives
1620 2273 1791 2340 Curienses
1815 2276 1898 2342 Oen·

1105 2377 1223 2440 stantis
1247 2377 1341 2442 nobis
1365 2377 1496 2442 obviam
1524 2380 1698 2443 convenire
1730 2383 1898 2463 iussimus3

1105 2480 1223 2567 quibus
1238 2504 1314 2546 vero
1330 2481 1451 2546 ibidem
1466 2484 1635 2546 conventis
1652 2482 1899 2567 diligentissima

1104 2587 1354 2670 investigatione
1391 2587 1560 2650 veritatem
1598 2584 1673 2650 inde
1707 2589 1898 2669 examinari,

1105 2689 1236 2754 tandem
1252 2692 1506 2755 iuramentorum
1520 2693 1755 2755 contestatione
1772 2693 1900 2776 cupien-

1104 2801 1164 2873 tes,
1183 2792 1365 2875 quianum‚
1382 2793 1608 2875 Uuolfradum,
1625 2794 1827 2877 Rabbonem,
1844 2795 1898 2858 Se·

1104 2897 1247 2980 giannm,
1268 2896 1456 2980 Egilulfum,
1472 2897 1680 2979 Ruodolfum,
1696 2898 1899 2980 Rihkarium,

1106 2999 1334 3081 Leontianmn,
1363 2999 1519 3083 Uigilium
1541 3011 1574 3065 et
1596 3003 1711 3064 iterum
1734 3000 1900 3085 Uigilium,

1106 3101 1272 3168 Valerium
1296 3101 1441 3187 aliosque
1464 3101 1607 3166 eiusdem
1629 3105 1802 3167 comitatus
1820 3105 1900 3188 opti·

1107 3228 1177 3270 mos
1201 3228 1297 3289 qnam
1322 3204 1430 3289 plures
1454 3204 1512 3268 sub
1536 3207 1639 3269 nostri
1664 3207 1827 3290 presentia
1850 3229 1899 3270 ce-

1105 3319 1312 3393 terorumque
1330 3317 1515 3371 nostrorum
1534 3309 1716 3392 primatum,
1740 3310 1900 3374 Bernonis

1106 3410 1256 3476 videlicet
1272 3411 1399 3475 comitis
1417 3410 1561 3495 palatini,
1586 3409 1784 3494 Chnonradi,
1804 3412 1901 3477 odal-

1105 3516 1175 3596 rici,
1199 3513 1380 3594 Adalbcrti,
1406 3512 1581 3595 anbaldi,
1611 3515 1773 3599 Rihuuini,
1804 3515 1901 3581 Gete-

1105 3617 1197 3700 fredi,
1220 3617 1422 3702 Managoldi,
1443 3617 1610 3701 Lantoldi,
1625 3619 1807 3702 Vuolfradi,
1823 3620 1900 3684 Liu-

1105 3721 1185 3785 toldi
1202 3718 1377 3786 comitum‘1
1394 3721 1595 3807 aliorumque
1609 3725 1804 3807 optimorum
1817 3745 1903 3788 com-

1106 3826 1256 3911 plurium,
1280 3826 1416 3892 iurando
1436 3826 1564 3890 firmare
1588 3848 1627 3889 ac
1643 3829 1802 3892 veraciter
1817 3850 1903 3892 com-

258 3935 399 4022 probare
411 3943 432 4016 ⁶,
457 3935 484 3998 si
508 3934 574 3997 iam
597 3932 685 3997 dicta
708 3933 808 3997 curtis
830 3940 907 3995 tunc
931 3932 1086 4015 temporis
1111 3931 1242 4015 quando
1265 3953 1337 3995 eam
1360 3929 1437 3995 illuc
1460 3930 1668 4015 tradidimus,
1691 3933 1792 3996 nostri
1817 3941 1904 3995 esset

258 4041 337 4104 iuris
361 4060 399 4102 ac
422 4037 593 4123 potestatis
617 4058 688 4100 eam
711 4033 861 4099 tradendi
884 4035 935 4099 vel
958 4057 1034 4099 non.
1080 4034 1189 4099 Iurato
1215 4037 1333 4120 quippe
1356 4036 1571 4099 communiter
1598 4033 1639 4099 ab
1670 4036 1715 4098 eis
1744 4033 1902 4120 nobisque

257 4153 337 4208 tunc
359 4145 393 4206 in
415 4142 584 4227 proprium
607 4137 736 4222 ead[em
758 4151 848 4203 curte
871 4138 1057 4224 plubliciter
1080 4137 1243 4219 condicta,
1274 4137 1359 4203 hanc
1382 4139 1484 4202 nostri
1507 4139 1735 4203 auctoritatem
1758 4139 1903 4223 precepti

259 4247 498 4322 renovavimus,
522 4243 579 4308 tali
603 4243 728 4307 scilicet
749 4245 876 4307 ratione
899 4252 934 4306 ut
957 4242 1048 4307 locus
1071 4243 1142 4327 ipse
1165 4243 1348 4326 perenniter
1370 4239 1475 4304 eidem
1499 4240 1678 4305 aecclesiae
1696 4243 1840 4305 omnium
1859 4244 1904 4306 in·

208 4365 241 4412 40
260 4348 447 4437 quietudine
478 4357 603 4413 semota
632 4348 790 4411 consistat
818 4346 976 4431 nobisque
1004 4346 1057 4409 vel
1087 4368 1311 4410 successorum
1341 4354 1526 4410 nostrorum
1555 4346 1696 4429 cuipiam
1719 4345 1804 4409 hune
1828 4346 1903 4411 inde

261 4477 413 4520 amovere
436 4453 588 4540 aliquove
609 4453 741 4535 ingenio
764 4449 840 4516 inde
863 4446 984 4513 liceatf
1004 4448 1203 4531 subtrahere,
1229 4448 1286 4513 sed
1309 4447 1447 4512 ecclesia
1471 4449 1626 4512 securiter
1648 4470 1688 4512 ac
1711 4450 1904 4533 potestative

261 4557 390 4642 eade[m
418 4552 522 4641 culrte
550 4564 740 4643 permaneat
769 4554 930 4619 investita.
976 4553 1020 4616 Et
1050 4562 1085 4616 nt
1113 4551 1175 4617 hoc
1206 4575 1359 4638 praesens
1389 4574 1428 4616 ac
1451 4561 1641 4616 renovatum
1665 4562 1811 4616 nostrum
1834 4575 1903 4637 pre·

261 4674 389 4749 ceptum
417 4661 541 4726 firmius
572 4658 784 4744 stabiliusque
814 4659 938 4722 cunctis
970 4666 1129 4721 sanetae8
1160 4657 1211 4721 dei
1243 4657 1421 4721 aecclesiae
1450 4656 1525 4721 filiis
1554 4658 1711 4741 perpetim
1744 4656 1907 4740 credatur,

260 4767 347 4832 hanc
369 4775 494 4830 cartam
516 4762 650 4828 inscribi
673 4763 825 4826 iussimus
851 4761 1012 4846 anuloque
1034 4770 1145 4825 nostro
1169 4761 1356 4844 insignitam
1379 4762 1512 4845 propria
1530 4781 1628 4823 manu
1647 4768 1758 4822 nostra
1777 4757 1904 4841 subtlus

211 4881 243 4930 45
261 4870 485 4953 firlmavimus.

289 5039 361 5094 ilic.
381 5037 487 5109 [Sickel]
569 5038 595 5105 a)
610 5055 660 5090 voa
682 5042 798 5101 sperem·
816 5037 898 5088 Hand
920 5040 953 5086 ist
976 5040 1003 5086 iu
1027 5054 1056 5085 cn

381 5113 416 5159 im
442 5107 597 5160 onwandelt
686 5108 713 5170 b)
732 5124 749 5157 n
775 5107 837 5157 iiber
859 5107 906 5157 der
929 5106 997 5156 Zeila
1018 5122 1057 5155 so-

374 5179 432 5242 forc
449 5175 635 5241 uackqetrayea
705 5180 728 5236 c)
749 5177 848 5243 aliique
861 5205 893 5212 -
906 5176 983 5226 Retia
1002 5191 1057 5225 vona

384 5246 519 5299 Sebreiber
536 5245 584 5296 der
600 5245 722 5296 ursnado
739 5246 801 5296 uber
823 5246 871 5296 der
888 5244 957 5294 Zeila
979 5243 1057 5293 aucli-

214 5343 247 5392 50
381 5339 502 5399 ,astrapen
576 5333 602 5397 d)
620 5318 688 5384 comi
706 5332 729 5383 A
804 5333 829 5393 e)
847 5331 909 5381 iiber
925 5331 973 5381 der
990 5330 1059 5380 Zeila

383 5400 896 5468 nceipquen,dctiimmbesreraa9des
903 5397 1058 5451 scissem.

1135 5035 1205 5089 ilbi.
1230 5039 1253 5100 c)
1270 5054 1319 5085 auu
1331 5053 1359 5085 so
1371 5054 1402 5085 zu
1420 5039 1550 5099 eqqiinsen,
1568 5033 1605 5084 da
1623 5036 1693 5084 laute
1710 5051 1776 5098 qauz
1793 5033 1905 5084 deutlich

1228 5106 1282 5155 rand
1293 5107 1329 5156 da
1341 5105 1407 5154 uncle
1419 5121 1468 5154 aori
1485 5121 1497 5152 s
1515 5104 1562 5154 der
1574 5103 1646 5152 obera
1661 5103 1734 5154 Tleil
1750 5102 1815 5152 rrocb
1827 5102 1906 5152 sicit-

1229 5176 1276 5224 bat·
1294 5178 1327 5224 ist
1396 5175 1422 5237 d)
1440 5177 1497 5224 cum
1510 5173 1571 5221 uber
1582 5173 1629 5221 der·
1640 5172 1709 5222 Zeila
1720 5171 1906 5236 auolqebapeu

1231 5248 1254 5302 e)
1275 5261 1305 5293 ru
1329 5248 1451 5309 erptiam
1478 5243 1601 5293 iussimus
1680 5241 1742 5304 uA
1765 5247 1826 5290 strui
1853 5258 1906 5291 non

1231 5314 1311 5364 liceat
1406 5314 1433 5378 g)
1458 5328 1520 5363 scae
1546 5308 1611 5360 oliae
1630 5308 1906 5376 Abkunanysaeicken.
