4298 6414
553 450 1004 508 KAISERURKUNDEN.

59 634 147 692 deren
169 633 398 706 §prochformen
421 633 598 691 beibehottea
619 651 660 690 ro
682 634 790 691 habers:
824 637 912 690 enter
933 632 1029 690 dieser
1048 629 1286 704 Voraussdsurp
1311 630 1382 689 sind
1409 633 1462 689 wir
1484 633 1512 689 is
1534 636 1570 694 der

59 738 265 809 amassem
288 738 338 796 des
361 736 567 806 oberlieferten
592 737 695 794 Testes
717 735 866 809 murlense
890 735 1067 793 enthultsam
1086 752 1225 807 pewesen.

58 958 117 1039 (C.)
138 958 177 1021 In
199 960 329 1022 nomine
353 966 464 1040 sancte
487 966 519 1020 et
540 955 705 1040 individue
729 956 891 1019 trinitatis,
937 953 1015 1019 Otto
1039 955 1150 1019 divina
1181 951 1404 1038 [ordinante]²
1431 953 1568 1021 clementie

0 1110 24 1122 .
131 1059 284 1126 Omnium
317 1059 462 1124 fidelium
495 1069 607 1142 sancte
641 1058 693 1123 dei
728 1058 864 1142 ecclesie
899 1067 1148 1142 nostrorumque
1181 1056 1382 1141 presentium
1416 1055 1526 1120 scilieet
1548 1071 1569 1123 et

5 1163 163 1246 tulrorum
189 1161 325 1245 [noverit
346 1162 535 1245 indulstria,
570 1161 708 1247 qualiter
735 1163 918 1224 interventu
946 1169 978 1223 et
1004 1159 1159 1244 petitione
1182 1157 1301 1242 dilecte
1324 1159 1470 1242 coniugis
1489 1170 1595 1244 nostes

0 1266 135 1351 elegide
159 1277 257 1353 atque
279 1267 442 1331 Brunonis
469 1265 635 1328 karissimi
665 1264 773 1328 fratris
803 1265 907 1328 nostri
933 1285 992 1348 per
1013 1263 1075 1328 hoc
1097 1273 1244 1327 nostrum
1267 1272 1470 1348 preceptum,
1501 1275 1573 1347 prout

0 1380 37 1433 te
66 1380 98 1433 et
125 1369 275 1455 legaliter
303 1391 492 1455 possumus,
527 1366 736 1433 concedimus
765 1366 925 1431 donamus
955 1377 1052 1452 atque
1079 1365 1236 1449 largimur
1263 1363 1485 1448 m[onasterio]
1509 1365 1578 1429 beati

22 1474 76 1536 isti
99 1474 297 1537 confessoris
311 1471 488 1553 Ambrosii,
512 1471 568 1535 ubi
591 1472 660 1534 eius
683 1470 868 1535 venerabile
891 1492 1010 1555 corpus
1034 1470 1172 1555 quiescit
1193 1468 1373 1550 humatum,
1397 1489 1487 1531 areas
1508 1470 1578 1553 quin·

5 1602 11 1613 ·
46 1585 131 1658 terre
159 1576 238 1640 iuris
266 1576 356 1658 regni
380 1575 482 1638 nostri
505 1575 589 1638 infra
612 1574 889 1640 Mediolanensem
912 1576 1078 1639 civitatem
1099 1575 1133 1638 in
1155 1573 1229 1638 loco
1253 1572 1309 1638 ubi
1333 1571 1497 1658 publicum
1517 1595 1585 1636 mer-

10 1701 64 1742 um
87 1687 179 1741 extat
201 1681 426 1742 coniacentes:
458 1679 513 1742 uni
537 1699 611 1760 aree
626 1675 650 1760 l,
681 1678 736 1742 ubi
761 1680 917 1742 stationes
941 1678 1080 1763 desuper
1102 1684 1216 1740 extant
1239 1697 1321 1761 quas
1344 1684 1455 1739 tenere
1475 1674 1582 1739 videtur

1 1804 117 1846 annes
146 1782 233 1848 filius
263 1781 427 1868 quondam
456 1781 621 1845 Ambrosii
657 1783 797 1867 itemque
826 1782 989 1847 Iohannes
1019 1784 1072 1868 qui
1100 1791 1132 1844 et
1161 1778 1305 1846 Grassus
1334 1787 1474 1843 vocatur
1503 1787 1579 1863 atque

3 1884 103 1949 ndns
125 1884 212 1949 filius
235 1885 425 1970 Magnonis,
460 1894 569 1968 coeret
592 1884 632 1949 de
655 1884 783 1949 duabus
805 1885 953 1971 partibus
976 1886 1062 1969 vie0,
1095 1906 1115 1948 a
1144 1884 1240 1948 tertia
1268 1891 1364 1968 parte
1393 1883 1497 1947 sancti
1524 1880 1581 1946 An·

0 1990 54 2053 ·sii
73 1999 105 2052 et
120 1989 244 2053 Azonis
266 1989 366 2054 frater
380 1988 562 2053 Uualzonis
584 1990 807 2071 negotiatoris,
830 2010 851 2051 a
874 1997 991 2074 quarta
1013 1997 1105 2073 parte
1129 1987 1277 2052 similiter
1298 1986 1406 2050 saneti
1422 1985 1583 2064 Ambrosii,

6 2120 11 2148 ι
50 2115 142 2175 area,
176 2093 231 2158 ubi
262 2095 418 2158 stationes
447 2091 594 2157 similiter
622 2102 751 2174 extant,
786 2102 896 2176 soeret
917 2093 959 2157 ab
982 2114 1048 2157 una
1075 2101 1169 2176 parte
1192 2091 1322 2173 cloaca,
1359 2089 1401 2154 ab
1425 2090 1491 2153 alia
1511 2097 1584 2174 parte

11 2196 108 2260 edum
131 2195 296 2282 quondam
317 2194 471 2277 Adoaldi,
494 2217 515 2258 a
537 2196 632 2258 tertia
654 2203 747 2280 parte
769 2196 838 2276 via3
862 2197 957 2259 tertia
979 2216 1107 2280 quoque
1129 2216 1207 2259 area
1230 2202 1340 2278 oneret
1362 2215 1382 2257 a
1405 2192 1508 2256 tribus
1530 2213 1585 2277 per·
1598 2207 1622 2251 ῑ

1 2322 40 2362 us
63 2302 166 2363 sancti
188 2299 370 2378 Ambrosii,
400 2321 420 2362 a
443 2307 560 2383 quarta
581 2299 753 2379 vetoris,
784 2307 897 2382 quarte
921 2320 1049 2383 quoque
1073 2295 1173 2381 areel
1196 2297 1240 2361 ibi
1264 2319 1383 2382 prope,
1408 2296 1464 2361 ubi
1487 2306 1587 2381 puteus

0 2404 38 2479 ‘s
68 2413 176 2485 extat,
208 2413 318 2466 coeret
347 2402 389 2466 ab
413 2424 478 2465 una
500 2411 592 2486 parte
616 2402 720 2464 sancti
744 2398 926 2482 Ambrosii,
960 2400 1002 2464 ab
1033 2399 1098 2464 alia
1126 2410 1220 2485 parte
1249 2400 1408 2465 heredum
1438 2399 1588 2485 quondan

2 2506 167 2591 eprandi,
203 2528 223 2569 a
245 2507 341 2569 tertia
362 2507 432 2587 via,
468 2527 488 2567 a
511 2514 627 2590 quarta
650 2513 742 2589 parte
768 2506 934 2586 accessio,
969 2506 1080 2589 quinte
1107 2526 1185 2568 vero
1217 2503 1316 2588 areel
1339 2512 1452 2588 soeret
1473 2503 1514 2567 ab
1536 2524 1588 2566 una

27 2612 136 2692 evia,
172 2609 213 2673 ab
236 2609 303 2672 alia
324 2609 470 2674 accessio
494 2608 537 2672 ad
561 2608 693 2672 domum
716 2605 868 2689 Arduini,
906 2630 927 2671 a
953 2609 1047 2671 tertia
1077 2616 1169 2692 parte
1198 2616 1285 2670 terra
1314 2615 1347 2670 et
1377 2628 1457 2670 casa
1487 2606 1589 2690 prefati

1 2712 100 2794 duini,
125 2735 145 2776 a
161 2723 277 2799 quarta
291 2721 384 2798 parte
398 2711 564 2775 Dominici
581 2712 635 2796 qui
657 2720 689 2773 et
703 2709 863 2790 Karolus3
887 2711 1019 2795 insuper
1042 2709 1251 2774 concedimus
1274 2709 1382 2774 eidem
1404 2709 1588 2773 monasterio
1601 2717 1633 2764 ἓ·

4 2837 57 2879 am
80 2838 177 2880 unam
201 2838 275 2880 cum
297 2836 374 2878 area
397 2815 430 2877 in
454 2836 519 2898 qua
541 2822 647 2895 extat,
672 2812 819 2877 similiter
840 2814 919 2876 iuris
941 2813 1044 2877 nostri
1065 2814 1173 2896 regni,
1198 2813 1283 2877 infra
1304 2811 1503 2897 prelibatam
1524 2813 1590 2875 eivi-

1 2941 52 2982 em
74 2921 108 2982 in
132 2927 313 3004 pretaxato,
327 2928 470 2982 mercato
495 2919 607 2998 situm,
631 2938 712 2980 'cum
736 2917 929 2981 stationibus
951 2916 1031 2980 inibi
1055 2915 1214 2980 banculas
1238 2926 1314 2979 ante
1336 2937 1372 2978 se
1394 2913 1589 2994 habentibus,

37 3019 171 3086 coeretd
200 3021 242 3086 ab
266 3045 330 3086 uno
354 3023 462 3106 capite
485 3022 707 3105 suprascripta
730 3020 860 3103 cloaca,
896 3021 937 3085 ab
961 3020 1026 3084 alia
1049 3028 1141 3105 parte
1163 3017 1301 3102 n[0stra]
1326 3017 1549 3104 respublica,
1575 3038 1591 3078 s

12 3125 84 3208 quis
108 3123 235 3188 duabus
259 3124 406 3209 partibus
428 3125 481 3208 vie
503 3160 545 3169 -
568 3146 630 3208 que
653 3122 812 3208 prelibata
837 3126 978 3210 quinque
1009 3147 1083 3208 aree
1113 3147 1187 3188 cum
1219 3122 1409 3209 supradicta
1439 3124 1474 3186 in
1502 3143 1590 3186 unum

1 3227 87 3312 lecte
107 3239 181 3293 sunt
203 3251 261 3314 per
283 3251 468 3293 mensuram
490 3230 610 3292 iustam
634 3227 763 3292 tabulas
785 3228 899 3310 viginti
916 3237 1070 3312 quattuor
1092 3265 1133 3274 —
1155 3250 1298 3293 necnon
1314 3235 1380 3291 ex⁰
1402 3235 1515 3290 nostro
1530 3227 1628 3289 iures

4 3333 161 3417 sinisque
184 3354 243 3417 pro
266 3331 414 3395 mercede
437 3340 468 3393 et
490 3330 632 3394 remedio
657 3332 763 3413 anime
787 3339 895 3414 nostre
919 3340 952 3394 et
977 3332 1080 3414 ipsius
1109 3340 1219 3415 nostre
1249 3331 1397 3414 coniugis
1420 3327 1592 3412 Adelegide

38 3436 136 3498 etiam
166 3456 225 3519 pro
255 3432 397 3498 remedio
429 3434 536 3517 anime
560 3432 724 3519 quondam
747 3433 989 3518 predecessoris
1011 3436 1114 3498 nostri
1136 3435 1221 3518 regis
1244 3433 1394 3498 Lotharii
1417 3434 1451 3496 in
1474 3432 1592 3518 prefato

6 3537 148 3601 nasterio
171 3539 221 3602 ius
245 3546 278 3600 et
300 3536 479 3601 dominium
503 3558 597 3601 omne
619 3536 876 3602 transfundimus
899 3546 931 3600 et
953 3534 1178 3621 delega[mus],
1200 3547 1236 3601 ut
1258 3538 1292 3600 in
1314 3535 1445 3622 capella
1466 3559 1529 3622 que
1549 3541 1594 3598 est

12 3639 134 3703 honore
162 3639 257 3723 beate
286 3639 389 3722 Mariq
419 3647 451 3701 ot
474 3641 578 3702 sancti
602 3638 716 3703 Iacobi
739 3639 880 3724 apostoli
903 3648 1001 3725 atque
1025 3643 1129 3703 sancti
1153 3638 1287 3725 Georgii
1310 3641 1465 3724 martyris
1488 3659 1594 3702 conse-

9 3751 43 3804 ta
71 3742 156 3805 infra
184 3741 329 3825 dic[tam]
359 3741 446 3805 beati
469 3741 635 3807 Ambrosii
658 3743 848 3826 eeclesiam,
882 3746 915 3807 in
940 3766 1004 3829 qua
1027 3745 1092 3807 iam
1116 3742 1221 3807 dictus
1244 3743 1423 3806 Letharius
1446 3741 1593 3807 humatus
1607 3757 1633 3803 so

8 3846 103 3924 escit,
135 3866 155 3906 a
178 3844 314 3928 predicti
337 3846 525 3908 monasterii
548 3843 744 3929 m0n[achis]
770 3847 950 3911 cottidiana
977 3846 1149 3910 luminaria
1177 3854 1368 3931 reparentur
1391 3855 1424 3909 et
1446 3844 1594 3909 ecelesia·

14 3967 34 4007 a
58 3946 166 4009 officia
189 3948 306 4030 iugiter
328 3946 545 4029 celebrentur,
568 3958 604 4012 ut
626 3971 703 4033 pars
727 3951 791 4013 iam
815 3949 891 4013 dicti
915 3952 1104 4014 monasterii
1127 3951 1246 4015 habeat
1268 3957 1378 4015 teneat
1400 3950 1595 4034 firmiterque

0 4048 132 4132 sideat,
162 4060 231 4115 tam
253 4049 425 4135 Aupaldus
448 4052 503 4136 qui
526 4074 612 4115 nunc
636 4052 722 4116 abba
744 4055 777 4117 in
801 4055 872 4138 ipso
896 4055 1093 4118 monasterio
1118 4076 1246 4138 preesse
1269 4053 1412 4135 videtur,
1437 4073 1595 4139 quamque

13 4175 218 4217 successores
248 4155 302 4239 qui
333 4177 391 4239 pro
422 4165 566 4239 tempore
597 4155 731 4238 fuerint,
765 4156 949 4242 habeatque
980 4167 1176 4240 potestatem
1205 4156 1336 4221 tenendi
1366 4155 1540 4221 laborandi
1566 4162 1596 4217 et

7 4255 106 4340 cquid
129 4256 306 4322 secundum
329 4257 425 4322 deum
448 4281 560 4323 eorum
583 4258 762 4324 decreverit
783 4263 911 4325 animus
934 4260 1085 4342 faciendi,
1114 4263 1256 4325 omnium
1277 4259 1447 4325 hominum
1470 4269 1633 4324 contra-tt

1 4359 93 4422 tione
115 4371 249 4424 remota.
295 4359 330 4424 Si
353 4362 425 4446 quis
448 4362 546 4445 igitur
567 4361 662 4426 huius
688 4365 789 4427 nostri
819 4364 962 4447 precepti
993 4363 1147 4447 paginam
1176 4362 1351 4445 infringere
1380 4363 1595 4447 temptaverit,

5 4472 34 4526 tt
63 4486 97 4527 se
126 4466 384 4550 compositurum
413 4467 483 4528 auri
514 4467 626 4549 optimi
656 4464 758 4530 libras
792 4468 981 4548 sexaginta,
1015 4464 1222 4528 medietatem
1254 4464 1388 4547 kamere
1421 4474 1533 4548 nostre
1566 4472 1597 4527 et

3 4565 156 4631 dietatem
178 4568 338 4653 prelibato
362 4570 561 4633 monasterio
585 4572 689 4635 sancti
712 4569 888 4634 Ambrosii.
925 4568 1022 4650 Quod
1044 4579 1079 4632 ut
1097 4572 1204 4633 verius
1223 4569 1375 4634 credatur
1397 4569 1595 4655 diligentius·

0 4699 6 4709 ·
34 4670 76 4735 ab
101 4671 250 4736 omnibus
279 4671 482 4755 observetur,
517 4694 617 4737 manu
647 4674 780 4757 propria
808 4672 1001 4737 roborantes
1032 4673 1131 4737 anulo
1161 4681 1271 4737 nostro
1303 4671 1414 4736 subter
1443 4674 1595 4738 iussimus

1 4775 108 4857 igniri.
1611 4787 1633 4836 r

52 4930 188 5016 Signum
212 4932 322 4997 domni
347 4930 477 4997 Ottonis
501 4933 697 4997 serenissimi
719 4932 783 5013 (Μ.)
805 4934 901 5017 regis.

51 5053 160 5118 Bruno
181 5052 394 5119 cancellarius
414 5053 563 5117 advicem
580 5053 768 5118 Mannassei
793 5054 1029 5139 archiepiscopi
1054 5064 1086 5119 et
1109 5055 1387 5120 archicancellarii
1410 5055 1594 5141 recognovi.

52 5217 141 5280 Data
163 5234 220 5280 xv.
244 5216 311 5280 kal.
335 5238 414 5281 mar.
438 5239 523 5281 anno
548 5217 711 5300 dominice
734 5218 967 5282 incarnationis
993 5218 1199 5302 ncccc[n11],
1233 5219 1410 5284 indictione
1432 5237 1473 5302 x,
1508 5243 1592 5285 anno

14 5349 20 5378 ι
63 5320 173 5385 domni
197 5320 328 5385 Ottonis
350 5323 436 5405 regis
458 5321 511 5386 hie
533 5323 567 5384 in
591 5321 686 5385 Italia
709 5323 830 5405 primo,
853 5331 963 5387 actum
986 5325 1117 5388 civitate
1140 5323 1305 5405 Cumana,
1330 5326 1364 5388 in
1389 5324 1441 5389 dei
1463 5328 1592 5390 nomine

1 5424 93 5487 leiter.
1609 5444 1633 5491 41

37 5637 93 5691 1⁴5.
120 5635 358 5710 [Rieger-Jsksch]
461 5640 488 5712 a)
507 5639 601 5710 delebo,
618 5638 714 5711 jaderis
733 5641 750 5696 d
767 5641 833 5697 noch
849 5642 933 5698 sicher
949 5664 980 5698 ru
997 5642 1124 5699 nemeen
1227 5645 1256 5714 b)
1273 5652 1334 5698 steti
1352 5661 1406 5697 una
1423 5643 1488 5712 (sord
1504 5648 1592 5711 wem

119 5714 220 5775 quarte,
240 5713 341 5776 quinta)
361 5729 423 5763 area
525 5719 550 5779 c)
569 5717 627 5782 vice
645 5715 672 5765 B
774 5717 802 5778 d)
821 5724 906 5767 cerret
924 5717 950 5766 B
1053 5720 1078 5780 e)
1098 5722 1124 5766 et
1140 5715 1174 5766 Β.
