4298 6414
220 436 262 502 66
818 440 1270 498 KAlSERURKUNDEN.

221 624 352 710 Crispin
374 634 561 708 nuncupato
586 623 703 688 devote
732 622 863 688 domino
893 621 1128 686 famulantibus
1156 621 1302 686 ciusdem
1326 621 1389 687 loci
1412 620 1517 687 hobas
1539 637 1590 687 xv
1612 623 1647 687 in
1669 620 1750 686 villa
1773 622 1861 686 (lnai-

220 728 283 795 niis
307 727 396 791 dicta
420 728 500 791 sitas
523 749 598 790 cum
620 725 744 810 relique
767 724 890 789 familie
913 726 1085 810 mancipiis
1108 740 1198 807 vnn,
1221 724 1412 790 Alexandro
1435 747 1514 790 vero
1537 734 1571 789 et
1592 724 1670 790 liliis
1693 726 1779 806 eius,
1801 747 1862 791 cur·
1959 742 1963 749 '

221 829 332 897 tilibus
356 838 388 895 et
410 829 546 895 edificiis
570 830 664 894 terris
687 828 783 892 cultis
806 839 838 892 et
861 828 992 893 incultis
1015 829 1103 913 agris
1127 829 1230 914 pratis
1252 830 1379 914 campis
1401 831 1534 914 pascuis
1553 828 1646 893 silvis
1661 830 1758 914 aquis
1773 851 1863 915 aqua-

221 956 357 1020 rumque
379 931 572 998 decursibus
593 931 788 998 molendinis
810 933 873 996 viis
896 941 928 996 ct
949 932 1046 997 inviis
1069 931 1212 998 exitibus
1235 942 1268 997 et
1289 932 1448 998 reditibus
1471 933 1608 1018 quesitis
1623 942 1656 997 et
1672 932 1864 1017 inquirendis

222 1047 255 1103 et
278 1036 513 1122 omnibusque
536 1035 600 1101 dici
623 1044 681 1099 aut
702 1036 863 1100 nominari
885 1045 1024 1120 possunt
1044 1035 1264 1122 appendiciis,
1300 1035 1342 1101 ob
1371 1045 1516 1102 eternam
1544 1038 1648 1102 nostri
1677 1051 1893 1101 commemo-⁵

222 1142 382 1206 rationem
404 1138 638 1225 perpetualiter
660 1137 704 1203 ad
725 1140 848 1202 victum
864 1148 897 1203 et
911 1141 1065 1204 vestitum
1089 1138 1306 1224 possidendas
1329 1138 1533 1205 donavimus.
1568 1139 1729 1204 iussimus
1746 1159 1867 1224 quoque

223 1244 285 1309 hoc
302 1252 492 1328 preceptum
507 1242 583 1307 inde
599 1241 761 1307 conscribi
777 1241 912 1306 tirmiter
934 1243 1160 1328 precipientes,
1185 1243 1337 1328 quatinus
1360 1241 1478 1327 prefati
1502 1243 1652 1308 canonici
1675 1240 1777 1307 talem
1799 1241 1868 1307 inde

223 1346 360 1412 ulterius
382 1344 527 1410 habeant
548 1353 745 1430 potestatem
769 1346 854 1410 sicut
875 1354 908 1410 et
930 1344 971 1410 de
993 1344 1067 1411 aliis
1089 1345 1187 1410 rebus
1211 1368 1275 1431 que
1296 1344 1339 1410 ab
1362 1347 1504 1432 antiquis
1530 1343 1735 1430 temporibus
1756 1344 1800 1408 ad
1821 1367 1868 1410 ee·

223 1471 295 1515 rum
311 1448 476 1535 pecidiare
491 1449 653 1533 pertinere
669 1447 873 1513 videbantur.
908 1448 953 1513 Et
968 1457 1004 1513 ut
1019 1449 1081 1514 hoe
1103 1458 1294 1535 preceptum
1315 1449 1444 1516 firmum
1467 1448 1650 1535 stabileque
1672 1459 1869 1535 permaneat,

224 1575 324 1618 manu
346 1561 459 1616 nostra
483 1552 597 1616 subtus
620 1551 701 1617 illud
722 1551 924 1618 firmavimus
947 1553 1110 1639 anuloque
1132 1554 1280 1638 insigniri
1303 1563 1415 1620 nostro
1439 1555 1654 1640 precepimus.
1886 1569 1925 1615 ιιι

327 1692 417 1757 Data
439 1709 526 1756 vnn.
549 1691 616 1756 kal.
640 1689 826 1756 novembris
849 1713 935 1756 anno
959 1690 1120 1757 dominice
1143 1692 1377 1759 incarnationis
1399 1708 1615 1777 uccccxxxl,
1639 1692 1819 1760 indictione
1840 1712 1871 1777 v,

226 1819 312 1862 anno
335 1797 426 1881 regni
449 1795 585 1861 chriei
607 1796 694 1881 regis
716 1811 797 1877 xu13
820 1803 930 1860 actum
952 1797 985 1861 in
1007 1795 1113 1878 Iuois3
1136 1816 1241 1861 amen.

964 1942 965 1946 ‘
1021 1984 1083 2061 31.

226 2139 401 2214 Heinrich
428 2139 588 2237 hesttttipt
613 2136 693 2210 clem
719 2136 883 2212 Bulbum
910 2138 1048 2214 Vercleo
1075 2139 1133 2213 dic
1159 2139 1381 2214 Immuaitttt.
1439 2178 1549 2239 pom,
1570 2182 1636 2241 932
1658 2179 1785 2240 (ΜΝ
1808 2185 1834 2243 7.

336 2348 582 2424 Oriqimrldrplom
605 2349 646 2408 im
667 2352 696 2412 lc.
719 2349 920 2410 Stooteurclrio
939 2368 980 2410 sis
1003 2352 1162 2412 {Iounooer
1185 2348 1248 2429 (A).
1894 2359 1921 2406 lt

332 2491 431 2551 Waltz
446 2491 477 2548 in
491 2490 598 2549 Reate
612 2490 719 2550 Jotru
736 2494 781 2559 1⁰,
802 2493 864 2549 201
890 2489 954 2548 uad
976 2491 1074 2551 Woite
1094 2490 1258 2552 11111111.
1277 2496 1300 2548 1.
1324 2492 1387 2550 146
1410 2491 1458 2550 cit.
1474 2507 1531 2549 oue
1546 2489 1583 2550 A.
1600 2523 1642 2533 -
1663 2488 1793 2564 Stemus
1804 2491 1876 2551 Arta

332 2593 409 2652 iacd.
434 2597 452 2652 4
474 2598 509 2651 a⁰
529 2597 553 2653 2
572 2611 628 2654 {rue
651 2593 689 2655 Α.
711 2626 753 2636 -
775 2593 902 2667 Stampf
919 2595 990 2668 ch.
1012 2598 1062 2657 35.

332 2731 421 2790 Ereto
446 2731 525 2790 Zoilo
546 2731 610 2789 aral
632 2731 980 2803 maturescentem„
1005 2731 1125 2792 Gentem
1148 2752 1203 2792 area
1225 2734 1289 2794 PB.
1328 2733 1381 2792 Als
1403 2734 1524 2807 Verluqe
1545 2733 1643 2792 dicate
1664 2732 1719 2793 dos
1735 2733 1775 2792 D.
1794 2734 1876 2793 bad·

335 2836 389 2909 erip
412 2836 441 2895 (l.
464 2836 504 2896 D.
528 2852 591 2895 eom
614 2840 665 2896 14.
682 2836 762 2896 Juni
784 2840 848 2896 848
871 2835 971 2914 (Perta
991 2838 1178 2898 stohedruclc
1199 2835 1243 2918 3),
1275 2838 1347 2898 decli
1369 2837 1470 2898 warde
1491 2837 1539 2897 die
1561 2837 1702 2912 Fussuap
1723 2837 1877 2921 dependere

330 2957 421 3014 seyen
442 2939 499 2998 cleu
520 2939 639 3000 Sclrluss
661 2958 701 2998 su
723 2939 883 3000 bedentend
901 2940 1034 3015 petierat.
1892 2952 1922 2998 tu

337 3125 396 3205 (C.)
419 3122 434 3203 l
454 3125 493 3189 In
516 3126 671 3190 nomineu
693 3136 826 3191 sanetae
850 3136 883 3191 et
905 3127 1092 3193 individuae
1114 3130 1279 3196 trinitatis.
1313 3129 1488 3195 Heinricus
1510 3127 1561 3193 dei
1586 3129 1717 3194 favente
1740 3127 1876 3194 clemen·

230 3233 277 3295 lia
292 3251 361 3293 rex.
441 3260 458 3292 a
473 3243 584 3295 Noverit
599 3245 715 3295 omnium
730 3262 746 3295 a
761 3244 878 3297 fidelium
893 3253 1042 3297 nostrorum
1058 3249 1237 3312 praesentium
1261 3232 1386 3298 scilieet
1406 3253 1432 3299 et
1452 3249 1600 3299 futurorum
1619 3249 1760 3314 sagacitas,
1781 3229 1796 3312 ᾗ
1816 3248 1878 3313 quia

231 3333 463 3399 Adalvvardus
486 3350 645 3402 venerabilis
668 3351 809 3417 episcopus
831 3358 948 3402 nostram
971 3351 1063 3402 adiens
1085 3351 1268 3403 celsitudinem
1290 3353 1449 3418 postulavit,
1473 3358 1504 3402 ut
1526 3351 1664 3402 ecclesiam
1685 3352 1815 3416 episcopii
1837 3352 1876 3401 sui

231 3457 309 3507 sitam
325 3456 437 3520 inpage
452 3455 498 3520 qui
513 3453 611 3505 dicitur
626 3453 730 3506 Sturme
746 3461 924 3505 constructam
945 3455 973 3504 in
994 3455 1052 3505 loco
1071 3456 1117 3521 qui
1134 3461 1245 3506 vocatur
1265 3456 1383 3508 Perdiun
1403 3472 1483 3521 snper
1503 3457 1612 3506 fluvium
1633 3455 1734 3506 Halera
1754 3455 1877 3506 dicatam·

232 3577 284 3627 que
305 3561 332 3609 in
354 3560 481 3610 honorem
504 3553 637 3608 sanctae
653 3543 779 3609 Mariae
794 3553 827 3609 et
849 3559 934 3610 saneti
949 3558 1070 3610 Andreae
1084 3560 1230 3625 aspostoli
1248 3560 1346 3611 Christi
1362 3576 1421 3610 curn
1437 3561 1516 3611 rebus
1532 3561 1654 3610 omnibus
1668 3559 1712 3611 vel
1726 3559 1877 3610 hominibus
1893 3552 1922 3599 2⁶

233 3664 267 3715 ad
283 3681 311 3714 so
321 3664 520 3728 pertinentibus
538 3663 587 3713 sub
606 3669 696 3713 nostro
718 3664 862 3714 munimine
884 3669 911 3714 et
931 3663 1084 3714 defensioue
1106 3664 1250 3715 consistere
1272 3664 1433 3725 fecissemus,
1456 3668 1587 3728 quatenus
1609 3668 1700 3713 clostra
1721 3663 1878 3712 auctoritate

234 3768 268 3817 ab
284 3766 467 3832 inquietudine
483 3765 639 3817 iudiciariae
654 3768 794 3831 potestatis
807 3766 898 3818 eadem
914 3767 1011 3818 eclesia
1026 3784 1085 3818 cum
1105 3769 1227 3819 omnibns
1248 3769 1298 3819 sibi
1320 3768 1447 3818 subiectis
1465 3768 1569 3817 munita
1589 3773 1615 3818 et
1636 3758 1755 3828 [desmlsa
1769 3758 1878 3828 fJuisset.

235 3871 318 3922 Cuius
336 3870 458 3936 petitioni
474 3871 648 3921 assentientes
664 3871 714 3921 hoc
728 3876 835 3922 nostrae
849 3872 1016 3923 auctoritatis
1031 3877 1184 3938 preceptum
1200 3887 1264 3937 erga
1279 3870 1388 3922 eandem
1404 3870 1542 3921 ecclesiam
1558 3876 1637 3936 atque
1658 3871 1822 3935 episcopium
1842 3869 1879 3918 in·

235 3975 373 4025 munitatis
394 3979 473 4040 atque
495 3974 615 4025 tuitionis
635 3976 723 4041 gratia
742 3991 790 4040 pro
812 3974 895 4025 divini
917 3976 1005 4026 cultus
1027 3992 1115 4027 ninere
1132 3981 1158 4027 et
1173 3967 1285 4037 anlimae
1301 3981 1407 4025 nostrae
1422 3967 1546 4035 relmedio
1562 3974 1618 4025 lieri
1634 3966 1817 4035 decrerlimus]
1834 3989 1881 4039 per

235 4080 308 4147 quod
322 4080 482 4146 precipimus
497 4085 577 4145 selue
592 4080 722 4143 iubemus,
745 4071 776 4130 ut
790 4080 880 4132 nullus
895 4080 976 4131 iudex
994 4080 1119 4146 publicus
1134 4080 1176 4130 vel
1196 4063 1340 4150 quelibet
1360 4079 1499 4129 iudiciaria
1520 4071 1667 4148 poteslas
1689 4078 1815 4129 ecclesias
1836 4082 1881 4128 aut
1895 4070 1924 4118 30

236 4185 296 4235 loca
318 4184 360 4235 vel
382 4198 460 4249 agros
482 4199 529 4235 seu
552 4183 668 4249 reliquas
691 4186 871 4249 possessiones
893 4200 959 4251 quas
981 4185 1106 4236 modemo
1131 4190 1249 4249 temporo
1269 4185 1298 4233 in
1318 4183 1483 4249 quibuslibet
1494 4183 1577 4249 pagis
1592 4182 1635 4232 vel
1656 4182 1796 4233 territoriis
1814 4181 1881 4231 infra

236 4295 372 4357 regnum
387 4255 534 4338 nostrum
550 4288 618 4338 iuste
633 4304 649 4335 ιι
664 4293 808 4338 memorata
823 4305 839 4337 a
853 4289 972 4354 possidet
987 4288 1099 4340 ecclesia
1114 4288 1157 4339 vel
1175 4302 1207 4338 ea
1221 4303 1273 4353 quq
1294 4285 1418 4351 deinceps
1439 4286 1467 4334 in
1486 4286 1543 4336 iure
1561 4284 1678 4337 eiusdem
1694 4285 1823 4336 ecelesiae
1837 4300 1880 4333 vo·

237 4392 317 4443 luerit
339 4390 430 4440 divina
448 4392 534 4456 pietas
555 4391 660 4456 augeri,
684 4391 717 4441 ad
741 4406 835 4442 causas
857 4392 998 4443 iudiciario
1021 4408 1092 4442 more
1117 4390 1264 4443 audiendas
1279 4396 1325 4440 aut
1340 4389 1490 4439 mansiones
1505 4389 1548 4440 vel
1563 4395 1669 4456 paratas
1685 4387 1822 4440 iaciendas
1836 4392 1882 4438 aut

238 4496 406 4548 fideiussores
420 4495 551 4546 tollendos
567 4502 614 4546 aut
629 4496 748 4547 homines
763 4496 881 4548 eiusdem
897 4498 1024 4549 eeclesiae
1039 4504 1093 4548 tam
1108 4498 1238 4564 ingenuos
1253 4496 1337 4546 laetos
1352 4507 1432 4558 quam
1447 4497 1473 4543 et
1488 4508 1578 4543 servos
1593 4497 1784 4559 superterram
1799 4492 1882 4558 ipsius

239 4607 434 4652 commanentes
454 4603 553 4653 iniuste
571 4586 763 4671 distringere
778 4619 794 4650 s
809 4609 876 4652 non
889 4585 1011 4652 audeatb
1026 4620 1058 4664 a,
1082 4602 1127 4653 sed
1149 4601 1229 4652 liceat
1251 4601 1394 4650 memorato
1410 4596 1526 4661 praesuli
1542 4612 1583 4646 res
1601 4613 1617 4644 a
1635 4597 1746 4663 ecclesie
1761 4613 1809 4663 sne
1824 4611 1882 4646 cum
1900 4604 1929 4652 35

240 4706 363 4756 omnibus
383 4723 399 4754 s
419 4705 453 4755 ad
474 4712 546 4756 eam
569 4707 763 4771 pertinentibus
785 4707 835 4756 sub
854 4724 870 4755 s
891 4706 1043 4758 defensione
1064 4702 1178 4756 nostra
1201 4689 1308 4775 quiete
1331 4696 1364 4752 el
1387 4686 1455 4750 Sine
1478 4685 1545 4750 ulla
1566 4684 1717 4750 molestia
1739 4698 1882 4765 possidere,

240 4803 276 4858 ut
298 4815 357 4879 pro
380 4793 476 4860 nobis
498 4802 675 4879 nostroque
697 4817 797 4880 regne
821 4818 895 4860 cum
919 4795 978 4860 sibi
997 4794 1151 4861 subiectis
1166 4792 1306 4858 fideliter
1320 4791 1425 4876 pessit
1440 4812 1543 4855 orare.
1578 4805 1614 4854 Et
1628 4809 1659 4855 ut
1672 4788 1736 4854 hoc
1752 4798 1883 4854 nostrae

241 4899 446 4962 auctoritatis
469 4909 679 4984 praeceptum
702 4922 722 4964 a
745 4899 797 4965 dei
820 4914 942 4966 fidelibus
964 4916 1113 4979 nostrisque
1135 4896 1251 4963 melius
1274 4910 1396 4961 credatur
1413 4927 1443 4973 a,
1477 4925 1555 4960 nrann
1578 4909 1686 4975 propria
1708 4902 1822 4959 nostra
1843 4907 1884 4959 fir·

242 5017 372 5067 mavimns
394 5017 520 5082 anulique
543 5019 624 5069 nostri
648 5019 820 5084 impressione
842 5020 970 5087 assignari
995 5019 1126 5069 iussimus.

344 5140 358 5222 ll
380 5139 516 5226 Signum
538 5141 647 5207 domni
671 5141 816 5209 Heinrici
842 5144 906 5225 (11.)
930 5144 1017 5228 regis
1040 5141 1253 5208 invictissimi.
1276 5137 1290 5220 ξ
1901 5158 1934 5206 ιο

346 5239 496 5330 lPoppo
519 5247 666 5311 notarius
688 5247 838 5312 adviccm
861 5246 1027 5312 Hiltiberti
1050 5246 1226 5331 recognovi
1249 5252 1282 5309 et
1303 5240 1316 5323 l
1340 5242 1423 5323 (SR.)
1767 5240 1825 5321 (SI.
1842 5241 1885 5320 2.)

348 5382 437 5447 Data
460 5399 519 5447 vn.
543 5385 586 5450 id.
610 5386 673 5449 ian.
697 5408 783 5451 anno
807 5385 990 5451 dominicae
1013 5384 1245 5449 incarnationis
1273 5396 1501 5461 Dccccxxxn,
1535 5378 1710 5443 indictione
1733 5395 1766 5461 v,
1800 5400 1886 5443 anno

245 5486 337 5569 regni
359 5485 505 5550 Heinrici
528 5490 614 5574 regis
637 5505 719 5572 x1113
741 5498 851 5555 actum
873 5489 907 5554 in
929 5486 1060 5569 Pelida3
1087 5488 1121 5552 in
1144 5487 1196 5552 dei
1218 5486 1349 5553 nomine
1370 5506 1475 5550 amen.

385 5693 392 5708 .
428 5657 489 5708 Sicls
506 5658 533 5711 l.

350 5654 392 5797 dl.
418 5656 524 5813 llloltill
616 5747 826 5816 eleemona
843 5765 861 5801 a
963 5746 992 5815 b)
1010 5764 1064 5800 non
1082 5746 1179 5799 audeat
1196 5745 1284 5798 aaa&
1301 5761 1344 5796 am
1361 5744 1456 5798 Raude
1471 5741 1665 5808 mmmmm
