4298 6414
819 481 1268 540 KAISEBURKUNDEN.

326 666 374 724 die
396 666 544 724 Beiar'taeer
565 665 696 737 offender
718 667 749 722 ia
773 665 824 722 der
845 664 1037 737 Reihmsolpe
1066 667 1099 722 io
1124 665 1245 723 westher
1270 667 1314 723 sie
1343 683 1436 723 eaeor
1461 669 1595 739 personat
1624 667 1732 725 worden
1748 688 1826 742 eorm,

326 770 523 827 subscriberes
544 768 650 826 sollae:
674 768 792 825 deslralb
815 770 853 826 ist
874 770 950 827 ezeeh
973 769 1025 826 der
1046 770 1167 827 astrites
1184 768 1389 841 subscription
1403 770 1507 827 Reum
1527 768 1584 840 far
1601 769 1664 827 drei
1677 771 1769 830 andere
1785 779 1828 834 aad

327 874 428 931 abaco
448 873 523 930 nach
546 872 599 929 tter
613 874 688 943 jetet
711 872 840 929 sociate-a
855 872 956 929 Reum
979 870 1034 943 frte
1056 873 1104 929 dic
1125 873 1176 930 des
1191 873 1369 931 Eberardas
1388 874 1525 946 pelessae
1546 874 1672 939 aserdan,
1695 877 1724 931 ia
1738 877 1826 936 ‚arcaea

326 976 463 1033 letateren
485 974 567 1032 dona
588 976 659 1033 aber
680 975 863 1033 Petribertus
886 976 948 1033 sict
970 977 1157 1049 cispetropca
1178 977 1237 1034 leat.

327 1197 411 1275 (ST.)
434 1194 522 1258 Dum
545 1195 578 1257 in
600 1193 651 1257 dei
675 1195 804 1257 nominc
828 1193 869 1256 ad
892 1196 1089 1258 monasterio
1114 1195 1218 1259 sancti
1235 1193 1400 1259 Ambrosii
1418 1195 1473 1259 ubi
1491 1196 1632 1261 domnus
1648 1198 1720 1263 Otto
1735 1202 1845 1267 etitens

224 1298 301 1362 Otto
323 1300 537 1382 imperatores
560 1307 720 1381 preerant,
744 1298 777 1359 in
793 1295 904 1360 laubia
919 1295 1122 1382 app[clant]e
1137 1298 1243 1382 Reges
1256 1307 1269 1334 ⁸
1291 1296 1408 1361 eclesie
1432 1320 1491 1382 per
1509 1297 1588 1362 data
1604 1298 1734 1364 licencia
1747 1302 1824 1369 domni

222 1398 348 1464 Arnulfi
378 1399 617 1483 archiepiscopi
646 1409 758 1462 sancte
787 1398 1043 1463 Mediolanensis
1067 1401 1185 1465 eclesie
1207 1402 1239 1463 in
1263 1399 1383 1464 iudicio
1406 1400 1588 1465 residerent
1610 1401 1739 1467 domnus
1757 1406 1825 1471 Adel-

222 1502 331 1566 bertus
354 1503 497 1567 marchio
522 1511 554 1567 et
577 1524 686 1565 comes
709 1501 829 1587 palacii
852 1524 908 1565 seu
924 1503 1026 1566 Eaico
1044 1526 1143 1567 vasus
1159 1513 1192 1567 ct
1208 1505 1310 1567 misus
1332 1502 1418 1566 idem
1442 1504 1649 1587 imperatoris
1663 1506 1705 1569 ad
1719 1508 1825 1591 singulas

222 1605 450 1670 deliberandas
479 1607 696 1683 intenciones,
727 1604 951 1669 resedentibus
983 1627 1056 1669 cum
1080 1607 1127 1670 eis
1149 1605 1324 1686 Iohannes,
1349 1603 1571 1687 Grimoaldus,
1597 1606 1745 1690 Andreas,
1764 1612 1825 1675 Lint-

223 1707 377 1792 prandus,
407 1707 598 1788 Dcusdcdit,
630 1706 840 1785 Arimundns,
873 1708 999 1791 Petrus,
1030 1711 1107 1773 item
1136 1708 1370 1793 liutprandus,
1404 1710 1482 1773 item
1514 1710 1640 1792 Petrus,
1669 1711 1857 1789 Eberardus,1e

224 1809 436 1894 Giselbertus,
460 1811 661 1875 Petribertus
685 1820 717 1875 et
739 1810 932 1874 Ambrosius
956 1810 1079 1875 iudices
1103 1811 1296 1875 domnorum
1319 1813 1562 1896 imperatorum,
1588 1813 1699 1878 Petrus
1720 1813 1752 1879 de
1770 1814 1825 1881 Gra·

224 1915 366 1997 diniano,
390 1915 609 1980 Bernefredus
633 1917 686 2002 qui
711 1925 743 1979 et
764 1916 889 1995 Benno,
915 1914 1091 1978 Aribaldus
1119 1914 1206 1978 filius
1230 1913 1396 2000 quondam
1419 1914 1525 1978 Leoni
1553 1925 1587 1979 et
1613 1915 1721 2000 reliqui
1741 1917 1825 2002 plures.

222 2017 337 2104 Ibique
360 2041 472 2083 eorum
491 2022 624 2083 veniens
649 2021 818 2103 presencia
834 2018 946 2101 Lupus
969 2017 1070 2080 iudex
1094 2015 1287 2080 domnorum
1310 2017 1543 2101 imperatorum
1567 2017 1739 2083 advocatus
1758 2042 1826 2085 cauo·

223 2124 295 2184 nice
318 2120 525 2206 episcopatib
548 2131 661 2185 sancto
677 2121 928 2203 pergamensisc
951 2118 1068 2183 eclesie
1091 2128 1124 2181 et
1145 2117 1282 2183 retullit:
1308 2118 1430 2183 ‘Plures
1449 2122 1539 2184 vices
1558 2144 1610 2185 me
1629 2122 1826 2188 reclamaviad

224 2221 400 2288 ‹lomnemd
424 2222 578 2288 Ottonem
602 2227 831 2308 imperatorem
855 2232 887 2286 et
909 2222 1030 2286 advos
1055 2220 1182 2285 domnis
1198 2219 1394 2285 Adelbertus
1418 2244 1528 2287 comes
1551 2224 1670 2309 palacii
1694 2225 1857 2290 seuEzicolt

222 2327 323 2390 misus
347 2326 456 2390 domni
479 2327 683 2411 imperatoris
708 2348 804 2410 super
819 2324 982 2405 Beuadus,
1007 2324 1095 2409 quod
1117 2324 1204 2387 malo
1229 2324 1365 2388 ordine⁰
1388 2324 1512 2391 detinet
1533 2326 1706 2412 aliquantis
1726 2331 1792 2392 casis
1804 2342 1825 2392 et

222 2450 256 2491 re
284 2424 430 2492 ritoriisf
455 2429 533 2492 iuris
561 2430 718 2491 canonice
748 2429 929 2512 episcopati
958 2437 1069 2491 sancte
1092 2428 1318 2511 Pergamensis
1342 2428 1460 2493 eclesie
1483 2429 1603 2515 quibus
1626 2454 1694 2495 esse
1714 2432 1825 2496 sidentur

222 2533 256 2595 in
279 2530 352 2595 loco
376 2541 408 2594 et
430 2530 531 2594 fundo
553 2531 697 2611 Benate,
728 2533 830 2594 eciam
856 2539 888 2593 et
911 2530 953 2593 da
977 2540 1068 2614 parte
1092 2529 1201 2594 domni
1226 2532 1432 2615 imperatoris
1457 2554 1513 2597 scu
1538 2534 1581 2597 da
1605 2545 1695 2619 parte
1723 2533 1824 2617 [illorum

223 2632 520 2716 amb]ulaverunt⁸,
548 2642 585 2696 ut
607 2633 651 2697 ad
673 2632 828 2717 placitum
852 2635 979 2697 veniset
1002 2655 1128 2697 mecum
1152 2633 1271 2697 exinde
1297 2636 1331 2697 in
1354 2638 1486 2700 racione
1515 2636 1682 2715 standum,
1709 2649 1749 2701 set
1770 2661 1824 2701 uun·

223 2758 320 2821 quam
349 2759 422 2800 eum
452 2735 571 2800 habore
599 2738 760 2820 potuistis.
807 2734 908 2814 Quiro
932 2746 967 2800 ut
990 2759 1047 2820 pro
1071 2759 1182 2801 amore
1206 2736 1256 2801 dei
1281 2747 1313 2800 et
1335 2740 1443 2802 anime
1467 2738 1577 2803 domni
1603 2741 1781 2825 imperatoris
1797 2745 1858 2802 ac2⁰

222 2852 331 2904 vestra
346 2839 505 2904 mercedis
521 2862 572 2903 mc
588 2839 631 2902 ad
646 2850 738 2923 parte
754 2838 794 2903 de
810 2840 882 2923 ipsa
905 2839 1066 2901 canonica
1090 2839 1130 2902 de
1153 2839 1233 2923 ipsis
1257 2842 1343 2903 casis
1366 2850 1398 2904 et
1419 2841 1516 2905 rebus
1540 2842 1634 2906 salva
1657 2842 1778 2929 querella
1794 2844 1825 2905 iu·

222 2944 387 3025 vestiatis,
413 2964 581 3028 quousque
605 2945 674 3026 ipse
698 2941 851 3005 Beuadus
875 2940 918 3004 ad
942 2940 1098 3025 placitum
1120 2944 1231 3006 veniat
1253 2966 1380 3008 mecum
1402 2944 1521 3009 exinde
1544 2947 1577 3009 in
1601 2947 1671 3030 lege
1693 2944 1824 3010 standum-⁹

223 3044 305 3110 Cum
329 3047 398 3130 ipso
417 3043 612 3108 Adclbertus
636 3053 668 3108 et
690 3044 791 3107 Eaico
816 3043 925 3107 taliter
948 3043 1106 3126 audisent,
1131 3044 1293 3108 recordati
1318 3044 1417 3110 sunt¹¹
1440 3046 1528 3131 quod
1549 3051 1621 3133 ipse
1637 3049 1743 3134 Lupus
1760 3069 1827 3131 super

222 3147 336 3213 eodem
366 3147 520 3211 Beuadus
549 3146 728 3210 reclamare
756 3147 908 3210 audisent
936 3157 967 3211 et
996 3144 1049 3233 eli]
1080 3149 1180 3211 misos
1210 3147 1253 3211 da
1281 3158 1373 3233 parte
1404 3149 1513 3214 domni
1542 3152 1743 3237 imperatoris
1760 3162 1785 3214 et
1800 3148 1828 3211 da

221 3251 350 3315 illorum
373 3249 587 3331 ambulasent,
612 3260 646 3313 ut
670 3250 711 3312 ad
736 3249 891 3335 placitum
913 3247 1058 3313 veniseti
1081 3272 1153 3314 cum
1178 3249 1292 3314 eodem
1308 3252 1447 3337 Lupone
1463 3252 1504 3316 de
1522 3254 1604 3338 ipsis
1620 3255 1704 3319 casis
1719 3264 1747 3318 et
1760 3252 1863 3317 abusa

222 3357 255 3417 in
277 3353 382 3437 legem
405 3353 573 3433 standum,
608 3364 657 3418 set
678 3376 843 3438 nunquam
868 3377 941 3419 eum
964 3353 1084 3417 habere
1113 3356 1249 3438 potuise.
1294 3354 1388 3419 Tunc
1416 3377 1474 3439 per
1503 3356 1588 3419 fuste
1620 3357 1706 3441 quod
1732 3374 1831 3421 suorum

221 3457 377 3521 tenebant
394 3457 544 3521 manibus
563 3458 642 3542 ipsis
658 3456 854 3521 Adelbertus
871 3467 903 3521 et
919 3458 1021 3520 lizico
1038 3456 1152 3520 eodem
1169 3456 1306 3541 Lupone
1329 3456 1369 3521 de
1393 3460 1473 3541 ipsis
1497 3460 1584 3522 casis
1608 3469 1641 3523 ct
1662 3460 1755 3525 rebus
1772 3455 1834 3522 unde

223 3584 257 3624 sc
279 3559 481 3625 reclamabat
503 3583 523 3623 a
546 3571 638 3644 parte
661 3561 763 3644 ipsius
793 3561 964 3641 canonice,
996 3559 1087 3623 salva
1118 3559 1249 3643 querela
1276 3562 1490 3624 investierunt
1511 3571 1544 3625 ct
1567 3562 1762 3646 imperialem
1778 3560 1835 3623 ban·

221 3687 299 3727 num
329 3665 500 3744 miserunt,
529 3675 565 3725 ut
594 3665 619 3725 si
651 3664 723 3747 quis
752 3663 865 3725 cadem
896 3663 1056 3726 canonica
1080 3661 1120 3725 (lc
1149 3664 1228 3745 ipsis
1251 3664 1337 3725 casis
1360 3673 1393 3727 et
1414 3662 1510 3727 rebus
1534 3664 1603 3727 sine
1627 3663 1723 3748 legali
1746 3664 1839 3727 iudicio

224 3765 393 3830 disvestire
417 3766 644 3851 presumserit,
669 3765 733 3828 duo
758 3763 848 3827 milia
871 3787 1044 3828 mancosos
1069 3767 1137 3827 auri
1163 3776 1344 3848 conponat,
1375 3764 1583 3829 medietatem
1607 3788 1733 3831 camere
1756 3764 1874 3830 domnia

223 3871 417 3953 inperatoris
441 3880 473 3933 et
495 3868 699 3932 medietatem
724 3890 800 3952 pars
825 3866 967 3930 eiusdem
993 3869 1160 3930 canonice.
1206 3868 1249 3930 lit
1272 3867 1410 3952 qualiter
1431 3890 1470 3931 ac
1493 3890 1595 3932 causa
1618 3880 1694 3933 acta
1716 3880 1771 3951 est,
1791 3890 1844 3953 pre

224 3982 346 4036 sentem
369 3975 522 4036 noticiam
545 3994 605 4055 ogo
629 3971 738 4035 Adam
768 3971 912 4035 notarius
941 3972 1074 4053 scripsi,
1110 3993 1196 4034 armo
1224 3972 1352 4054 imperii
1382 3970 1492 4034 domni
1520 3971 1633 4036 Ottoni
1663 3972 1847 4057 imperatoris

223 4072 398 4139 udecimo¹1
420 4086 453 4139 et
474 4076 549 4138 item
567 4073 681 4139 Ottoni
704 4073 770 4137 filio
794 4075 863 4139 eius
880 4097 918 4136 ac
935 4075 1141 4158 imperatoris
1158 4098 1243 4138 anno
1261 4076 1386 4159 imperii
1404 4077 1472 4140 eius
1490 4076 1614 4160 quinto,
1640 4079 1740 4141 tercio
1755 4077 1849 4141 kalen·

225 4177 283 4240 das
307 4186 474 4260 augustas,
498 4176 676 4240 indictione
701 4177 813 4261 quinta
837 4176 972 4240 decima.

325 4349 368 4429 (i)
390 4348 552 4412 lohannes
575 4347 675 4411 iudex
698 4347 901 4412 dominorum
925 4350 1158 4432 imperatorum
1182 4348 1321 4412 interfui.
1408 4348 1452 4427 (†)
1469 4346 1681 4415 Grimoaldus
1697 4350 1794 4415 iudex
1807 4348 1888 4412 dea

222 4454 383 4515 minorum
406 4453 637 4534 imperatorum
660 4450 800 4513 interfui.
892 4449 936 4529 (i)
957 4449 1155 4513 Arimundus
1177 4450 1277 4515 iudex
1300 4450 1496 4516 domnorum
1517 4454 1751 4537 imperatorum
1772 4456 1853 4517 inter·

219 4554 276 4617 fui.
377 4551 422 4631 (i)
447 4551 562 4615 Petrus
590 4551 690 4615 iudex
720 4551 912 4618 domnorum
942 4556 1173 4638 imperatorum
1203 4556 1342 4619 interfui.
1445 4554 1489 4635 (†)
1513 4556 1740 4641 Liutprandus
1769 4556 1856 4621 iudex

220 4655 425 4720 dominorum
449 4656 679 4739 imperatorum
703 4654 843 4718 intertui.
932 4655 975 4735 (i)
997 4656 1112 4720 Petrus
1131 4657 1231 4720 iudex
1251 4657 1456 4723 dominorum
1475 4661 1711 4743 imperatorum
1729 4661 1857 4725 interfui.

219 4758 263 4838 (i)
286 4757 484 4822 Petribertus
512 4756 618 4821 iudex.
640 4757 832 4822 domnorum
861 4760 1093 4841 imperatorum
1118 4759 1259 4823 interfui.
1346 4761 1390 4841 (†)
1414 4760 1618 4826 Giselbertus
1641 4765 1697 4848 qui
1721 4776 1754 4827 ct
1776 4762 1858 4827 Gezo

221 4862 321 4925 iudex
344 4861 548 4926 dominorum
572 4863 804 4946 imperatorum
827 4861 966 4925 interi'ui.
1874 4874 1898 4921 tt

309 5084 365 5136 lli.
395 5082 502 5151 [Siekel]
607 5085 632 5145 a)
648 5101 696 5133 eoa
716 5085 856 5149 appelante
873 5084 948 5146 (eecli
967 5084 1093 5149 Analopie
1110 5102 1159 5135 ema
1176 5094 1346 5152 nuncupante
1363 5086 1483 5151 pabildet)
1500 5088 1534 5136 iat
1550 5087 1616 5137 noch
1635 5088 1685 5138 der
1702 5089 1776 5139 abere
1796 5087 1863 5137 Trea

394 5157 462 5202 eines
485 5154 491 5201 l
515 5151 641 5213 aichtder5
669 5170 744 5218 reges
770 5152 900 5201 diarrhaea
926 5153 1011 5202 airleer
1036 5154 1090 5203 arrad
1111 5154 1178 5203 saed
1202 5153 1342 5204 aeternat
1365 5154 1447 5204 dirrclr
1464 5155 1507 5205 die
1525 5157 1553 5204 ὄπ
1571 5156 1697 5207 Maitona
1715 5156 1864 5207 οτίοέίηηᾰο

393 5240 510 5287 Basilica
526 5242 603 5287 trium
617 5255 706 5301 regum
726 5248 755 5297 (a.
772 5238 857 5302 Troye
877 5238 963 5288 Storia
982 5239 1100 5289 d’ltalia
1118 5250 1152 5303 It',
1173 5239 1210 5301 dl,
1228 5241 1277 5305 30)
1383 5242 1409 5304 b)
1426 5240 1612 5306 uraprr't‘nyliclt
1630 5230 1693 5309 epti,
1711 5244 1786 5293 donn
1802 5241 1862 5292 noch

391 5306 449 5355 dem
466 5309 568 5355 zweiten
586 5306 749 5357 Berehatubea
773 5310 781 5355 i
808 5307 999 5371 einqeacdobea,
1028 5312 1174 5374 episcopati
1201 5309 1258 5359 dier
1275 5308 1380 5359 atehead
1397 5316 1456 5359 atace
1483 5312 1654 5376 episcopatus
1759 5315 1784 5374 c)
1803 5328 1862 5361 corr.

391 5391 437 5423 arra
455 5376 639 5439 Bergameusis
740 5376 766 5434 d)
786 5376 880 5425 donem
900 5376 922 5424 A
1022 5388 1046 5431 e)
1064 5377 1248 5442 uraprrr'a‘aplich
1267 5378 1383 5427 hordine.
1405 5379 1476 5427 dena
1494 5379 1510 5426 h
1528 5378 1665 5428 amassem
1769 5383 1862 5443 ἠοῖαι
1877 5378 1902 5425 ts

392 5445 470 5493 rebus
490 5454 515 5494 et
534 5447 681 5504 territoriis,
712 5444 796 5493 indam
819 5445 866 5492 der
886 5444 1021 5495 Sclrrer'ber·
1043 5446 1108 5494 beina
1126 5446 1271 5510 Ueberponq
1288 5464 1338 5497 eoa
1360 5446 1406 5495 der
1429 5450 1454 5495 9.
1474 5449 1520 5495 mit
1548 5456 1574 5497 et
1592 5465 1621 5498 re
1647 5448 1862 5498 oesetltmenden

394 5511 553 5574 Schriflzeile
571 5530 617 5561 zur
634 5516 675 5561 10.
694 5513 737 5561 die
754 5512 924 5576 betreffeaden
942 5513 1105 5563 Buehataben
1123 5515 1231 5563 sualim
1334 5526 1361 5579 g)
1380 5514 1466 5565 emes
1485 5532 1536 5566 oon
1559 5516 1660 5571 rosa.
1686 5534 1715 5567 ao
1737 5517 1800 5567 dau
1816 5516 1863 5579 s&

393 5580 442 5628 dua
459 5581 516 5630 dem
536 5582 616 5632 Sinna
633 5582 700 5629 nack
718 5598 747 5629 au
766 5581 922 5645 erpiirrzeade
940 5584 1012 5630 missi
1030 5582 1077 5631 der
1095 5583 1181 5633 Raram
1198 5578 1268 5632 nieht
1287 5583 1413 5632 awemdt
1510 5584 1538 5648 h)
1556 5601 1623 5634 corr.
1641 5601 1690 5634 aaa
1707 5586 1861 5643 recordatur,

392 5649 478 5698 tndem
495 5650 542 5699 der
559 5653 645 5700 meite
662 5649 754 5712 Seliafl
771 5666 820 5699 eon
838 5666 855 5698 u
871 5649 959 5713 pettlpt
976 5650 1030 5699 arrd
1047 5652 1108 5701 tiber
1127 5670 1139 5699 s
1158 5654 1200 5701 eia
1212 5651 1457 5717 Abkr'iraaaqaatrteh
1473 5659 1564 5716 perstet
1582 5653 1672 5703 roardo
1762 5658 1783 5715 i)
1800 5670 1860 5703 cerr.
1884 5716 1902 5763 ,ss

394 5734 441 5767 area
459 5721 578 5767 venisent
680 5719 708 5777 k)
728 5718 758 5767 A.
1876 5720 1888 5764 l
