4500 6420
412 399 478 467 m
1008 409 1456 467 suisnaunsesnnu.

516 596 605 660 Data
621 612 655 657 x.
670 592 738 659 kal.
752 592 818 657 feb.
840 615 928 656 anno
943 591 1125 655 dominicae
1143 592 1377 654 incarnationis
1392 604 1584 657 nectem.
1607 588 1785 652 indictione
1802 605 1875 655 nn.
1897 598 2063 672 regnante

413 699 534 763 domno
561 720 637 781 rege
659 696 781 761 (huone
808 717 896 761 anno
918 711 1011 774 1111,
1045 696 1253 779 imperatorie
1276 706 1385 757 autem
1407 693 1579 776 potcstatis
1601 713 1688 754 anno
1711 708 1755 755 n:
1788 710 1897 755 actum
1915 689 2063 756 Sindlie-

413 823 575 879 acstssuo3
596 803 629 865 in
652 798 703 863 dei
727 799 857 863 nominc
878 795 1017 860 feliciter
1038 819 1144 860 amca.

1187 1037 1276 1107 276.

421 1196 503 1271 Otto
534 1193 676 1269 sdaeealrt
707 1192 786 1265 dero
813 1191 958 1263 Klostcr
983 1188 1192 1262 Eusimara
1227 1188 1286 1259 dic
1319 1214 1387 1259 con
1423 1188 1502 1259 dem
1531 1187 1674 1260 Klosier
1699 1184 1901 1284 rS'iidcfripcu
1935 1188 2097 1285 elops-s

413 1316 593 1389 tousclaetca
624 1311 711 1389 (mc
741 1312 879 1409 lyncis,
915 1307 1119 1407 Psesfiem,
1155 1307 1309 1379 Verdcoa
1336 1307 1415 1379 und
1435 1307 1578 1378 ,lfcileu

1534 1448 1702 1506 serranus
1725 1450 1788 1506 965
1811 1447 1937 1505 Jaasor
1957 1450 2012 1506 23.

516 1658 639 1732 Diplom
658 1656 874 1727 taeifcilrostcr
897 1655 1027 1729 (Μίνω
1048 1657 1090 1712 im
1113 1654 1304 1727 Siifisarrliir
1323 1674 1363 1712 ra
1386 1652 1559 1713 Eiasiedcln
1581 1651 1642 1728 (A),

517 1814 689 1871 Hartman
704 1812 784 1871 Ana.
801 1812 922 1870 Hercmi
936 1813 978 1869 76
992 1830 1050 1871 aas
1065 1812 1094 1870 A
1111 1837 1149 1864 :
1165 1812 1299 1883 il'ersoort
1316 1809 1379 1870 CD.
1395 1809 1490 1867 Atera.
1507 1813 1537 1875 1,
1557 1810 1622 1867 612
1641 1813 1675 1863 πθ
1689 1809 1753 1865 756
1768 1805 1995 1878 sarollstiiadiq.
2012 1840 2058 1849 -

516 1914 658 1974 Placidus
672 1915 822 1973 Romana
835 1914 907 1972 Dec.
928 1915 1008 1972 arcii.
1024 1912 1153 1972 Biasidl.
1175 1916 1206 1981 2,
1226 1917 1244 1970 i
1265 1919 1299 1969 πθ
1314 1916 1332 1970 5
1356 1930 1413 1970 aas
1429 1913 1466 1971 A.
1485 1945 1523 1953 -
1540 1911 1678 1983 Herroott
1697 1910 1817 1969 Gesseul.
1832 1915 1865 1979 2,
1881 1912 1921 1968 81
1941 1915 1975 1966 a‘
1991 1913 2056 1968 136
2075 1922 2113 1968 ιο

515 2033 573 2076 aas
595 2016 633 2074 A.
657 2050 698 2059 -
721 2016 852 2075 Bo'lsmcr
873 2017 945 2089 lieo.
967 2019 1042 2076 284.
1065 2048 1108 2059 -
1128 2014 1256 2087 Stamps
1274 2016 1346 2087 Περ.
1369 2018 1442 2074 345,
1466 2048 1507 2056 -
1530 2013 1646 2071 Hidbcr
1667 2014 1739 2085 Rea.
1765 2017 1858 2072 1079.

517 2170 621 2229 Indcra
642 2172 704 2229 sua
724 2171 780 2229 aa
801 2170 841 2231 Ι).
864 2171 910 2231 als
931 2173 996 2229 eine
1016 2172 1104 2229 sciron
1127 2173 1168 2228 im
1189 2174 1240 2230 10.
1265 2169 1472 2228 Jasruuaderr
1494 2168 1688 2241 uuerfertipie
1708 2169 1955 2240 Noc-lieeicliauao
1977 2170 2058 2226 unes

516 2272 556 2332 Ι).
578 2290 633 2331 con
652 2273 707 2330 der
721 2274 813 2332 fland
834 2274 941 2332 dealt.
958 2274 994 2331 Α.
1018 2275 1141 2343 cruciet,
1164 2290 1247 2332 musa
1269 2273 1333 2331 dem
1356 2272 1481 2332 Kloster
1500 2273 1565 2328 ciue
1585 2288 1642 2328 ros
1663 2270 1771 2328 diesem
1786 2272 1885 2329 Kotor
1906 2270 2059 2328 maadirte

519 2376 659 2439 Urlruadc
675 2396 733 2436 tur
754 2377 927 2451 Versaqunp
946 2376 1110 2449 erstanden
1130 2377 1232 2434 habco.
1274 2377 1369 2436 Weaa
1389 2375 1452 2433 siclt
1474 2393 1537 2431 risa
1560 2375 1635 2431 oscis
1658 2391 1715 2431 oss
1731 2374 1784 2431 der
1798 2374 1977 2445 Benstruuo
1999 2373 2057 2431 sol-

513 2481 580 2538 esar
599 2479 722 2553 Vorluyc
742 2482 837 2554 einer
851 2480 1100 2540 samaraeum
1119 2497 1176 2538 roa
1190 2477 1257 2537 ΒΟ.
1273 2482 1338 2537 276
1360 2479 1395 2553 (s.
1413 2477 1507 2537 Siekel
1523 2477 1618 2535 Bcitr.
1642 2494 1700 2533 rur
1713 2475 1901 2548 Diplomotil·
1915 2479 1945 2543 8,
1966 2474 2053 2551 162),
2076 2486 2109 2532 15

517 2583 661 2653 etiarm,
684 2583 748 2641 arrd
770 2601 854 2641 scena
875 2583 952 2641 uach
974 2581 1077 2653 semer
1098 2583 1145 2639 die
1159 2583 1353 2655 Erroribnuao
1372 2582 1523 2642 Willielms
1539 2584 1570 2639 iu
1585 2581 1639 2638 der
1653 2581 1846 2652 Rceopuitiou
1868 2581 1947 2637 nicht
1968 2581 2057 2636 brou·

516 2685 631 2746 sanda
658 2685 775 2745 woden
802 2686 883 2743 kann
904 2684 939 2762 (s.
962 2704 1055 2743 curor
1076 2686 1107 2745 S.
1131 2685 1199 2761 82),
1229 2702 1263 2742 so
1284 2684 1388 2756 hostes
1416 2686 1522 2744 diesem
1547 2684 1654 2742 serres-e
1680 2683 1751 2740 decb
1780 2684 1850 2739 noch
1872 2700 1905 2740 so
1927 2681 2057 2739 riclerlci

517 2789 641 2863 Mance!
653 2807 696 2848 on
718 2789 753 2865 (s,
770 2789 866 2849 Siekel
880 2789 1041 2849 Seleuciaer
1056 2789 1089 2845 K
1091 2788 1125 2847 U.
1143 2788 1283 2864 78-85)
1306 2788 1376 2846 dass
1392 2788 1440 2846 dic
1454 2788 1587 2847 Pasithea
1609 2787 1789 2844 miadcsicas
1811 2784 1937 2858 froqlicli
1958 2786 2054 2843 bleibt.

516 3011 574 3089 (C.)
594 3012 609 3093 fl
630 3008 668 3073 ln
691 3011 821 3074 neruiue
844 3018 978 3073 sanetae
1001 3018 1033 3071 et
1055 3006 1241 3072 individuae
1264 3008 1427 3070 trinitatis.
1466 3007 1545 3071 Otto
1568 3006 1680 3072 divina
1702 3018 1864 3071 annuente
1884 3006 2056 3071 elementia

414 3114 591 3198 irnpsrrator
623 3123 791 3197 augustus.
894 3110 929 3175 Si
957 3112 1046 3173 circa
1079 3110 1151 3173 loca
1181 3108 1290 3172 dicata
1320 3108 1451 3173 domino
1485 3131 1544 3194 pro
1579 3111 1822 3174 aeclesiasticae
1856 3109 2022 3173 facultatis
2043 3106 2110 3188 {aa

414 3225 589 3301 augiueuto
611 3214 818 3297 intendimus,
842 3213 978 3277 divina*
999 3211 1093 3276 nobis
1118 3212 1265 3296 profecto
1287 3213 1557 3275 remunerationis
1581 3215 1738 3296 premium
1762 3212 1966 3296 profuturum
1989 3233 2056 3274 cre-

414 3317 533 3383 dimus.
570 3316 648 3383 Ideo
679 3319 808 3382 noverit
837 3318 979 3382 omnium
1010 3313 1154 3378 fidelium
1184 3324 1369 3378 nostrorum
1399 3325 1468 3378 tam
1499 3318 1718 3400 praesentium
1747 3338 1846 3400 quam
1875 3316 2056 3378 futurorum

414 3421 582 3503 industria,
606 3420 744 3506 qiraliter
766 3420 886 3485 dilecta
909 3420 1052 3484 coniunx
1075 3428 1187 3482 nostra
1204 3415 1389 3481 Adalheida
1412 3426 1521 3499 nostre
1544 3418 1726 3480 serenitatis
1749 3415 1979 3481 excellentiam
2002 3415 2056 3479 de·

415 3534 549 3609 precata
571 3534 630 3606 est,
654 3533 814 3610 quatenus
836 3521 1011 3587 aeclesiam
1034 3530 1168 3585 sauctae
1186 3520 1310 3584 Mariae
1333 3520 1368 3583 in
1389 3517 1473 3583 cella
1488 3518 1671 3603 Meginradi
1692 3518 1868 3583 heremitae
1891 3528 2057 3582 construe·

414 3638 482 3693 tatu
511 3626 637 3713 (leoque
665 3625 809 3691 dicatam
836 3624 1090 3690 sublevaremus.
1126 3621 1323 3688 Huiusmodi
1352 3644 1481 3707 quoque
1509 3621 1661 3707 precibus
1691 3644 1861 3687 assensum
1883 3620 2055 3707 prebentes
2074 3636 2107 3682 ‘25

416 3730 518 3813 ipsius
549 3729 731 3793 interventu
753 3736 787 3793 et
807 3726 985 3792 Purchardi
1015 3729 1117 3793 nostri
1147 3726 1238 3791 ducis
1261 3748 1321 3789 nec
1344 3748 1409 3790 non
1432 3734 1465 3789 et
1487 3725 1653 3810 Hartperti
1678 3727 1832 3790 antistitis
1855 3728 1957 3790 nostri
1981 3747 2056 3789 con-

415 3829 511 3912 sultu,
535 3829 576 3895 ob
593 3840 757 3895 aeternam
779 3832 1070 3895 remunerationem
1086 3839 1117 3894 et
1132 3828 1310 3893 remedium
1332 3824 1572 3912 animq‘nostrq
1595 3829 1756 3913 quasdam
1777 3851 1829 3893 res
1852 3829 1931 3894 iuris
1953 3828 2056 3892 nostri

418 3931 595 4017 praelibat}
618 3933 778 3998 acclesiae
802 3933 912 3998 abbati
930 3932 1090 4018 Gregorio
1113 3932 1314 4017 caeterisque
1338 3934 1440 3996 servis
1463 3930 1515 3994 dei
1539 3953 1649 3996 secum
1671 3955 1758 3997 nunc
1780 3942 1813 3996 et
1835 3934 1868 3996 in
1892 3942 2058 4019 posterum

418 4058 475 4121 per
504 4035 712 4101 succedentia
742 4047 892 4123 tempora
915 4038 946 4102 in
969 4038 1119 4124 praefata
1147 4035 1231 4100 cella
1260 4032 1320 4098 deo
1343 4033 1555 4098 militantibus
1578 4058 1620 4098 ex
1643 4037 1769 4121 integro
1799 4036 2057 4100 condonavimus

416 4160 491 4202 cum
520 4136 670 4203 omnibus
692 4137 735 4203 ad
757 4138 889 4204 easdem
911 4162 962 4203 res
984 4139 1168 4204 Uuenovua
1190 4141 1273 4203 iuste
1296 4147 1329 4202 et
1349 4136 1497 4222 legaliter
1519 4138 1754 4222 pertinentibus
1777 4139 1811 4202 in
1835 4139 1956 4203 ducatu
1978 4137 2056 4202 Ala-
2075 4157 2108 4203 30

418 4243 567 4306 inanuico
591 4243 802 4307 incomitata
826 4243 1049 4327 Zurichgevue
1079 4242 1316 4307 subnominatis
1344 4240 1395 4304 his
1423 4240 1521 4322 locis,
1552 4239 1586 4303 id
1608 4252 1659 4305 est
1680 4241 1933 4324 Pbaffincboua,
1963 4242 2056 4306 Vrin-

417 4342 540 4426 choua‚
569 4342 742 4407 aeclesiam
770 4366 899 4429 quoque
922 4344 962 4408 de
983 4345 1147 4430 Megilano
1170 4356 1203 4410 et
1223 4354 1352 4410 caetera
1380 4343 1454 4408 loca
1477 4343 1520 4407 ad
1542 4344 1725 4427 praefatum
1751 4345 1859 4410 locum
1882 4345 2057 4409 Uuinovua

418 4445 612 4531 pertinentia
638 4444 833 4530 ubicumque
855 4447 1095 4529 provinciarum
1119 4451 1224 4513 iacere
1247 4448 1427 4530 videantur,
1451 4449 1633 4512 cumomni
1656 4470 1769 4513 corum
1790 4473 1861 4531 usu,
1886 4473 1960 4515 cum
1976 4449 2057 4534 ecle-

417 4548 474 4613 siis
497 4556 529 4611 et
550 4568 663 4611 carum
685 4545 829 4629 decimis,
857 4569 931 4611 cum
955 4548 1104 4613 omuibus
1128 4549 1280 4615 censibus
1303 4550 1439 4635 edificiis
1462 4551 1634 4634 mancipiis
1657 4553 1826 4639 utriusque
1849 4576 1947 4617 sexus
1970 4554 2057 4638 agris

417 4651 549 4737 pascuis
577 4648 707 4736 alpibus
734 4648 909 4714 forestibus
932 4650 1041 4735 aqueb
1069 4653 1304 4736 piscationibus
1326 4652 1521 4719 molendinis
1543 4651 1638 4716 cultis
1661 4662 1695 4716 et
1715 4654 1848 4719 incultis
1871 4657 2004 4740 quesitis
2027 4666 2058 4718 ct
2076 4668 2109 4716 ao

416 4752 617 4841 inquirendis
640 4762 768 4817 etcum
799 4751 948 4817 omnibus
976 4753 1019 4817 ad
1046 4753 1128 4818 haec
1157 4756 1240 4820 iuste
1271 4754 1477 4842 legitimeque
1509 4756 1761 4841 pertinentibus3
1796 4759 1878 4822 haec
1909 4759 2061 4823 videlicet

416 4858 619 4943 praescripta
636 4855 712 4920 loca
729 4852 872 4941 quadam
890 4857 1098 4941 proprietatis
1120 4867 1249 4923 nostrae
1268 4869 1358 4923 curte
1375 4862 1409 4923 in
1425 4860 1581 4923 comitatu
1596 4857 1765 4924 Adclberti
1778 4871 1789 4899 ⁰
1803 4861 1899 4925 Retia
1913 4859 2058 4924 vocatab

418 4958 525 5024 Scaua
556 4956 669 5026 dicta‘¹
700 4980 775 5024 cum
806 4955 926 5042 celeria
951 4966 984 5021 et
1006 4959 1154 5025 omnibus
1186 4963 1387 5046 pertinentiis
1420 4964 1489 5026 eius
1518 4983 1580 5025 nec
1610 4984 1676 5026 non
1699 4963 1733 5025 in
1756 4963 1872 5027 eodem
1903 4963 2059 5026 comitatu

418 5071 546 5145 portum
567 5058 756 5128 Riuauumb
784 5061 951 5143 navigium
979 5083 1054 5126 cum
1081 5062 1179 5127 naulo
1208 5085 1266 5148 per
1290 5064 1519 5129 concambium
1546 5062 1690 5149 legitime
1714 5067 1995 5131 transmutationis
2018 5064 2058 5127 de

418 5162 552 5231 abbatia
574 5164 760 5250 Sekchinga
788 5162 1022 5250 perpetualiter
1051 5169 1332 5232 commutavimus.
1368 5167 1412 5231 Et
1433 5177 1470 5231 ut
1491 5165 1572 5230 haec
1595 5170 1774 5232 auctoritas
1797 5178 1910 5234 nostra
1932 5166 2110 5231 stabilisse

418 5267 687 5352 inrefragabiliter
709 5274 930 5350 conservetur,
952 5287 1052 5332 manu
1073 5277 1185 5333 nostra
1206 5271 1340 5355 propria
1362 5270 1475 5336 subtus
1493 5291 1568 5335 eam
1584 5270 1785 5337 firmavimus
1801 5284 1833 5336 et
1848 5271 1937 5338 anuli
1956 5271 2057 5335 nostri

417 5369 628 5454 impressione
650 5371 838 5455 consignari
860 5370 1023 5436 iussimus.

503 5572 562 5628 m.
590 5573 697 5644 [Sicltal]
801 5580 826 5635 a)
846 5576 878 5640 A,
895 5581 957 5627 stau
975 5576 1082 5627 divinae
1180 5575 1246 5641 b)A
1346 5581 1371 5639 c)
1390 5579 1437 5628 mit
1454 5575 1566 5627 midam
1586 5574 1660 5625 Ticis
1675 5575 1864 5641 nacbycaaqca
1967 5578 1994 5637 d)
2012 5578 2059 5626 mit

586 5643 774 5711 dberflwrs'pem
790 5643 1058 5711 Abkiimaprrciclea
1073 5643 1136 5695 aber
1153 5661 1177 5698 a.
