4500 6420
250 427 313 494 378
875 436 1328 496 KAISERURKUNDEN.

249 643 269 683 a
285 622 347 705 piis
371 628 403 683 et
423 618 584 703 religiosis
607 619 686 681 viris
708 617 868 702 imperiali
891 617 1087 681 auctoritate
1111 616 1351 699 confirmamus,
1374 614 1419 681 ad
1441 624 1561 682 statum
1582 619 1674 701 regni
1696 618 1799 683 nostri
1821 639 1896 703 pro·

248 724 345 787 ficere
374 722 547 786 credimus.
585 717 726 786 Proinde
757 722 899 784 omnium
923 707 1056 785 sanetae
1080 718 1133 783 dei
1156 718 1315 784 ecclesiae
1337 717 1481 784 fidelium
1503 729 1777 807 nostrorumque⁰
1802 742 1894 806 prae·

248 828 388 891 sentium
410 848 449 890 ac
471 826 655 890 futurorum
684 825 866 909 comperiat
897 822 1071 905 industria,
1106 823 1245 910 qualiter
1273 845 1332 908 pro
1363 821 1415 887 dei
1445 844 1556 888 amore
1584 824 1756 909 animeque
1783 832 1893 908 nostre

247 930 389 996 remedio
419 951 480 993 nec
510 950 577 995 non
605 926 757 993 consultu
780 936 813 991 et
835 929 1018 991 interventu
1047 924 1164 1010 dilecte
1190 927 1339 1009 coniugis
1361 935 1493 991 nostrae
1515 924 1741 991 Adelehidae<l
1764 935 1797 991 et
1819 948 1895 1017 eon·

248 1033 344 1096 sortis
366 1033 492 1116 imperii
512 1033 615 1096 nostri
634 1053 692 1116 per
709 1031 794 1094 hanc
810 1031 912 1094 nostri
931 1030 1076 1114 precepti
1095 1029 1260 1113 paginam,
1283 1038 1380 1113 prout
1396 1030 1480 1094 iuste
1496 1037 1528 1092 et
1543 1027 1690 1112 legaliter
1708 1050 1893 1114 possumus,
1912 1046 1928 1094 6

246 1133 476 1199 confirmamus
500 1156 540 1199 ae
563 1126 814 1199 corroboramus
838 1132 997 1197 ecclesiae
1021 1141 1133 1215 sancte
1157 1128 1208 1195 dei
1231 1132 1398 1216 genitricis
1414 1141 1447 1196 et
1460 1133 1595 1216 virginis
1611 1131 1714 1216 Marie
1730 1140 1763 1197 et
1778 1139 1892 1215 sancte

245 1237 368 1322 iustine
400 1261 461 1324 que
490 1247 590 1323 caput
619 1247 669 1302 est
691 1237 897 1301 Pataviensis
928 1237 1096 1321 episcopii,
1128 1234 1180 1298 cui
1211 1257 1342 1320 preesse
1365 1232 1493 1300 videtur
1516 1233 1673 1301 Goslinus
1696 1236 1893 1303 venerabilis

244 1342 419 1426 episeopus
442 1350 616 1427 nosterque
633 1339 864 1405 dilectissimus
881 1338 997 1421 fidelis,
1022 1360 1135 1403 omues
1151 1337 1263 1423 plebes
1280 1338 1432 1403 abbatias
1448 1339 1656 1404 xenodochia
1671 1349 1770 1427 atque
1786 1350 1894 1406 cortes

244 1465 304 1508 nec
334 1466 401 1509 non
430 1443 521 1508 illam
543 1446 771 1508 nominatam⁰
802 1465 864 1528 que
888 1441 1030 1506 Saccum
1052 1440 1186 1522 dicitur,
1221 1462 1283 1526 que
1306 1464 1326 1504 a
1348 1463 1538 1526 precessore
1559 1451 1671 1507 nostro
1695 1443 1893 1528 Berengario

245 1548 440 1631 imperatore
469 1555 501 1610 et
523 1546 664 1630 Hugone
691 1565 768 1628 rege
798 1543 913 1609 eidem·
933 1544 1071 1628 ecclesie
1101 1565 1161 1628 per
1186 1545 1330 1629 precepti
1354 1544 1510 1630 paginam
1533 1544 1611 1610 data
1633 1555 1697 1629 est,
1733 1554 1892 1632 quatenus
1912 1560 1955 1608 ιο.

247 1657 439 1733 pretaxatus
462 1649 610 1733 pontifex
634 1649 747 1734 suique
772 1669 979 1711 successores
994 1646 1038 1710 ad
1055 1656 1181 1730 partem
1204 1647 1308 1730 ipsius
1331 1647 1468 1732 ecclesie
1490 1646 1634 1712 habeant
1648 1655 1781 1713 teneant
1795 1648 1893 1713 firmi·

246 1762 358 1837 terque
387 1750 579 1836 possideant
600 1753 634 1816 in
656 1761 849 1836 perpetuum
880 1748 1044 1835 predictas
1074 1748 1186 1834 plebes
1209 1748 1361 1814 abbatias
1384 1750 1593 1817 xenodochia
1616 1760 1648 1816 et
1669 1760 1777 1817 cortes
1784 1802 1792 1835 ,
1826 1774 1893 1816 una

245 1877 320 1920 cum
349 1857 451 1919 servis
480 1866 578 1941 atque
605 1854 732 1920 ancillis
756 1852 942 1919 aldionibus
965 1862 998 1917 et
1020 1852 1160 1918 aldianis
1184 1852 1399 1939 omnibusque
1421 1853 1518 1919 rebus
1542 1877 1605 1941 que
1628 1854 1694 1919 dici
1716 1854 1770 1919 vel
1792 1855 1893 1919 nomi-

246 1960 318 2022 nari
353 1967 491 2043 possunt
524 1958 567 2022 ad
596 1958 757 2043 prefatum
791 1953 1017 2042 episcopiumf
1049 1958 1174 2041 integre
1207 1956 1453 2041 pertinentibus.
1491 1954 1709 2023 Concedimus
1731 1959 1830 2022 etiam
1851 1980 1892 2022 ao

246 2060 406 2146 imperiali
435 2063 630 2126 auctoritate
653 2058 884 2124 confirmamus
906 2058 1067 2144 prelibato
1095 2057 1233 2124 Goslino
1256 2061 1412 2145 episcopo
1437 2063 1569 2147 suisque
1592 2060 1835 2125 successoribus
1857 2063 1891 2125 in
1912 2074 1943 2121 15

244 2167 370 2229 cunctis
393 2166 443 2229 sui
466 2164 625 2249 episcopii
648 2161 925 2247 possessionibus,
949 2161 1145 2248 ubicumque
1168 2162 1229 2227 sibi
1254 2163 1370 2228 melius
1393 2166 1499 2229 visum
1522 2164 1633 2246 fuerit,
1658 2164 1795 2230 castella
1817 2186 1892 2229 cum

245 2267 385 2332 turribus
401 2276 433 2331 et
448 2266 703 2352 propugnaculis
726 2268 857 2350 erigere,
883 2267 1015 2349 negotia
1039 2267 1245 2347 constituere,
1269 2264 1457 2330 molendina
1479 2288 1676 2352 componere
1691 2276 1724 2332 et
1739 2266 1889 2352 publicas

244 2394 347 2457 aquas
364 2371 408 2436 ad
422 2371 597 2436 utilitatem
613 2370 716 2455 ipsius
735 2368 873 2433 ecclesie
891 2368 1031 2451 trahere,
1055 2369 1256 2453 piscationes
1278 2391 1430 2434 exercere
1454 2368 1578 2456 absque
1601 2369 1740 2434 alicuius
1762 2379 1890 2435 contra·

244 2474 397 2540 dictione.
431 2474 571 2558 Insuper
593 2472 802 2537 concedimus
826 2482 924 2556 atque
946 2471 1102 2554 largimur
1125 2480 1170 2554 ut,
1195 2473 1221 2535 si
1244 2480 1400 2557 precepta
1422 2481 1480 2537 aut
1500 2481 1696 2538 testamenta
1719 2494 1775 2537 seu
1798 2472 1890 2537 char·

243 2575 336 2660 tule⁸
364 2577 467 2661 ipsius
490 2575 628 2658 ecclesie
652 2574 861 2658 Ungarorum
883 2575 1015 2638 incursu
1037 2573 1190 2638 incendio
1214 2584 1271 2640 aut
1293 2574 1402 2660 aliquo
1425 2597 1506 2639 casu
1528 2576 1652 2661 perdite
1676 2578 1740 2641 sint
1761 2585 1794 2640 et
1815 2575 1889 2641 lites
1908 2587 1942 2635 20

244 2687 359 2743 eontra
387 2678 525 2743 eandem
555 2677 730 2742 eeclesiam
759 2677 974 2759 surrexerint,
1008 2676 1070 2740 hac
1099 2687 1212 2741 nostra
1232 2677 1393 2762 imperiali
1417 2687 1578 2763 potestate
1600 2678 1701 2743 fultus
1724 2679 1890 2764 praefatus

244 2781 393 2865 pontifex
416 2783 529 2866 suique
553 2801 760 2845 successores
783 2801 841 2864 per
862 2780 1107 2864 inquisitionem
1130 2790 1163 2845 et
1178 2790 1384 2846 sacramenta
1406 2784 1504 2847 trium
1526 2781 1701 2848 liberorum
1723 2783 1890 2848 hominum

244 2883 426 2969 approbent
448 2894 479 2948 et
502 2883 714 2948 testificentur
744 2881 879 2946 easdem
908 2905 960 2945 res
989 2880 1032 2945 ad
1061 2894 1189 2967 partem
1219 2907 1276 2968 sue
1307 2884 1459 2968 ecclesie,
1496 2908 1578 2972 quas
1609 2885 1726 2949 deinde
1756 2885 1892 2951 firmiter

243 2985 435 3071 possideant
456 2989 490 3051 in
513 2995 714 3072 perpetuum.
751 2984 971 3069 Precipientes
1001 2986 1098 3067 igitur
1127 2986 1276 3051 iubemus
1305 2996 1342 3052 ut
1363 2987 1472 3052 nullus
1503 2986 1571 3053 dux
1601 2989 1747 3054 marchio
1779 3011 1891 3055 comes

242 3092 427 3155 vicecomes
443 3100 500 3155 aut
515 3089 625 3175 aliqua
640 3090 730 3174 regni
746 3090 848 3153 nostri
872 3109 991 3171 magna
1014 3109 1180 3174 parvaque
1203 3112 1344 3174 persona
1366 3089 1569 3175 prelibatum<
1586 3093 1777 3177 episcopum
1799 3114 1889 3158 suos·
1907 3112 1940 3159 25

243 3215 305 3278 que
328 3216 535 3259 successores
552 3193 592 3257 de
607 3193 743 3278 prefatis
765 3190 862 3256 rebus
886 3192 1066 3276 inquietare
1089 3201 1147 3256 aut
1169 3193 1343 3259 molestare
1367 3204 1423 3259 aut
1441 3193 1481 3259 de
1503 3196 1583 3280 ipsis
1606 3193 1703 3261 rebus
1726 3194 1890 3280 teloneum

242 3298 372 3381 exigere
398 3296 539 3380 [audeat]
557 3294 580 3380 l,
611 3295 670 3360 sed
691 3295 789 3360 liceat
811 3291 1014 3378 predictumi
1040 3297 1230 3380 episcopum
1254 3319 1328 3361 cum
1352 3298 1418 3360 suis
1443 3295 1603 3380 omnibus,
1627 3306 1663 3362 ut
1685 3296 1888 3381 dictumest,

245 3403 351 3485 quiete
380 3410 413 3464 et
440 3400 578 3486 pacifice
608 3400 717 3462 vivere
740 3406 773 3461 et
794 3418 853 3481 pro
877 3395 971 3460 nobis
1005 3394 1172 3461 dominum
1204 3419 1357 3480 exorare,
1393 3399 1536 3462 omnium
1564 3397 1733 3464 hominum
1762 3408 1889 3465 contra-

242 3501 383 3567 dictione
413 3513 548 3567 remota.
589 3499 625 3566 Si
649 3503 721 3588 quis
749 3502 848 3584 igitur
870 3498 958 3584 quod
986 3499 1056 3563 fieri
1083 3521 1150 3563 non
1179 3497 1375 3583 eredimusl,
1408 3501 1533 3565 nefario
1557 3523 1640 3566 ausu
1662 3502 1756 3567 huius
1778 3513 1888 3588 nostre

241 3604 501 3669 confirmationis
524 3614 556 3668 et
578 3603 855 3668 corroborationis
878 3611 1068 3684 preceptum
1091 3602 1265 3686 infringere
1288 3605 1537 3688 presumpserit,
1564 3606 1647 3669 sciat
1670 3629 1705 3669 se
1727 3609 1888 3691 composi·
1907 3626 1941 3676 30

241 3717 348 3771 turum
378 3709 448 3771 auri
479 3707 592 3791 optimi
622 3704 722 3770 libras
754 3714 899 3787 centum,
935 3704 1143 3769 medietatem
1173 3729 1300 3791 camere
1331 3716 1441 3792 nostre
1469 3717 1502 3772 et
1523 3707 1730 3774 medietatem
1760 3709 1888 3795 prefato

241 3809 419 3873 venerabili
449 3811 604 3894 episcopo
628 3805 766 3872 Goslino
797 3809 931 3893 eiusque
962 3808 1205 3873 successoribus
1228 3812 1283 3894 qui
1309 3831 1368 3894 pro
1392 3819 1537 3895 tempore
1566 3812 1694 3877 fuerint.
1733 3812 1832 3894 Quod
1853 3823 1889 3879 ut

242 3914 350 3975 verius
379 3912 531 3976 credatur
553 3920 585 3976 et
609 3910 795 3995 diligentius
820 3911 861 3975 ob
886 3909 1037 3976 omnibus
1067 3910 1272 3995 observetur,
1305 3912 1456 3978 iussimus
1479 3913 1555 3979 inde
1577 3915 1640 3980 hoc
1663 3937 1796 4000 presens
1818 3938 1888 4000 pre-

242 4024 372 4098 ceptum
395 4014 558 4079 conscribi
581 4013 767 4101 annuloque
790 4023 901 4077 nostro
927 4013 1062 4097 sigillari
1086 4025 1118 4079 et
1140 4038 1239 4079 manu
1262 4018 1394 4101 propria
1418 4015 1528 4081 subter
1549 4017 1761 4082 firmavimus.

344 4170 480 4254 Signum
503 4170 614 4235 domni
637 4168 768 4235 Ottouis
791 4170 855 4251 (M.)
877 4168 1008 4254 magnil
1037 4179 1070 4233 et
1091 4171 1294 4235 invictissimi
1317 4173 1522 4256 imperatoris
1544 4174 1685 4256 augusti.
1904 4201 1938 4249 35

344 4274 530 4357 Luitgerius
553 4273 769 4338 cancellarius
791 4272 940 4337 advicem
957 4271 1108 4337 Widonis
1131 4274 1277 4358 episcopi
1300 4283 1333 4337 et
1355 4274 1633 4340 archicancellarii
1654 4277 1831 4360 recognovi
1855 4283 1887 4339 et

241 4374 430 4460 subscripsi.

340 4528 430 4592 Data
457 4527 628 4594 secundom
655 4550 759 4594 nonas
783 4529 850 4595 iulii
875 4554 960 4597 anno
985 4530 1172 4597 dominicen
1201 4532 1434 4597 incarnationis
1456 4548 1679 4617 nccccnxnn,
1710 4533 1886 4598 indictione

238 4648 291 4694 1111
303 4639 325 4713 ⁰,
349 4654 434 4695 anno
458 4633 584 4717 imperii
608 4635 718 4718 magni
743 4633 901 4698 Ottonisl‘
924 4637 1129 4721 imperatoris
1152 4638 1281 4720 augusti
1304 4637 1416 4718 terti03
1440 4646 1574 4700 actumq
1596 4635 1639 4699 ad
1656 4635 1787 4721 Aquam
1809 4659 1886 4721 pen-

240 4732 385 4817 dentem3
408 4737 443 4798 in
466 4733 585 4799 Christi
609 4738 739 4801 nomine
762 4760 868 4802 amen.
1903 4765 1938 4813 40

326 4957 385 5010 20⁵.
413 4962 438 5022 c)
457 4966 604 5010 nostrorum
625 4959 668 5012 08
774 4961 802 5023 d)
821 4961 850 5023 S,
868 4960 1041 5027 Adeleidec'
1140 4961 1166 5028 e)
1177 4962 1247 5024 fehlt
1265 4962 1334 5014 ind
1435 4962 1627 5029 bapiscopum
1648 4961 1692 5014 08
1793 4966 1820 5029 g)
1840 4969 1886 5013 aut

412 5029 532 5079 chartula
550 5027 572 5080 S
662 5030 688 5090 h)
701 5029 771 5092 fehlt
788 5032 817 5079 ia
831 5028 874 5081 OS
969 5033 990 5091 i)
1008 5031 1173 5096 prelatumS
1265 5033 1293 5093 k)
1313 5032 1473 5083 intendimus
1488 5031 1531 5083 OS
1616 5032 1635 5092 l)
1655 5032 1754 5082 domini
1772 5031 1885 5082 Othonis

410 5099 603 5230 rpeaggeigetum
620 5098 659 5217 ἓ)
678 5097 797 5164 pridieS
890 5098 918 5160 n)
938 5098 1072 5150 dominis
1165 5102 1192 5160 o)
1210 5099 1278 5150 wohl
1295 5098 1445 5150 entatcaden
1462 5117 1510 5149 arse
1527 5112 1571 5150 vn
1669 5104 1697 5165 p)
1716 5101 1828 5151 Othonis
1843 5099 1887 5151 OS
