4298 6414
821 267 1269 326 KAISERURKUNDEN.

327 452 486 536 Signum¹⁸
509 450 618 514 domni
642 450 788 513 Heinrici
814 450 878 531 (Μ.)
904 450 1099 513 serenissimi
1122 450 1219 533 regis.

326 573 437 638 Simon
460 573 606 636 notarius
626 572 778 672 ¹advicem
801 569 968 634 Hiltibcrti
991 568 1244 654 archicapellani
1267 570 1441 653 recognovi
1465 579 1498 632 et
1522 570 1592 650 (SR.
1615 569 1692 647 NN.)

324 731 414 794 Data
430 748 476 793 vl.
492 728 559 793 kal.
575 730 640 792 ian.
663 750 749 791 anno
772 705 1005 790 incarnationis
1029 726 1150 790 domini
1174 742 1410 806 Dccccxxvnl,
1433 725 1545 789 indict.
1562 721 1647 806 vul,
1672 744 1759 786 anno
1777 724 1867 806 regni
1906 791 1908 795 Α

222 832 391 897 Heinrici⁰
413 833 549 916 piissimi
573 833 661 916 regis
684 848 779 912 v1n13
802 839 912 895 acturn
934 832 967 894 in
990 830 1123 893 civitate
1145 829 1333 913 Magontia3
1348 815 1494 892 'feliciter
1516 850 1621 892 amen.

1010 1072 1070 1145 16.

221 1227 396 1301 Heinrich
421 1227 567 1298 verleiht
592 1227 671 1299 <lem
699 1226 861 1299 Bistbaro
893 1226 983 1298 Toal
1008 1225 1066 1298 die
1092 1222 1295 1322 Eiolos‘toftc
1323 1225 1388 1297 der·
1421 1222 1642 1322 Grosscbast.

1376 1365 1484 1466 Maiae
1506 1369 1570 1425 927
1591 1364 1752 1422 December
1772 1367 1824 1423 28,

323 1557 475 1628 Absrhrift
498 1576 554 1615 aas
577 1557 642 1614 deris
665 1555 751 1613 Eode
772 1555 823 1612 des
845 1559 895 1614 17.
913 1554 939 1612 J
940 1557 967 1613 h.
991 1556 1024 1613 in
1043 1553 1112 1614 Call.
1137 1555 1252 1613 Beluae
1274 1555 1331 1613 Bd.
1349 1558 1391 1613 47
1413 1553 1475 1625 [Β
1497 1555 1530 1610 ia
1552 1553 1606 1610 der
1622 1552 1869 1611 Nutiorwlbiblio-

323 1662 390 1719 theb
404 1680 444 1718 aa
459 1662 547 1719 Paris
564 1658 626 1737 (A).
650 1693 692 1702 -
714 1657 868 1729 Abschrift
887 1659 1014 1730 yler'clecr
1031 1659 1097 1716 Zeit
1119 1660 1160 1714 im
1177 1657 1244 1717 coa.
1258 1659 1318 1751 lat.
1336 1662 1443 1717 17197
1457 1656 1606 1715 derselbea
1622 1656 1789 1714 Bibliothelr
1806 1653 1869 1732 (B).

321 1817 429 1875 Bcaoit
452 1817 530 1875 Hist.
551 1817 586 1873 de
607 1815 689 1885 Paul,
709 1816 794 1887 prob.
812 1818 853 1873 18
875 1831 932 1871 aas
949 1811 1111 1872 Clmrtalur
1127 1810 1180 1890 (0)
1206 1836 1245 1864 =
1268 1813 1399 1871 Eclrhmt
1418 1813 1498 1885 Orip.
1516 1813 1626 1870 Habsb.
1644 1815 1706 1871 169
1721 1818 1757 1869 rt⁰
1771 1816 1816 1870 32
1832 1834 1871 1862 =
1891 1825 1921 1870 10

322 1922 450 1978 Kremcr
468 1921 546 1993 Oriy.
563 1921 651 1977 Nuss,
667 1922 698 1988 2,
723 1922 766 1979 62
786 1925 821 1975 πθ
843 1922 883 1976 40
906 1936 945 1975 aa
968 1921 1040 1975 928.
1065 1950 1106 1958 -
1130 1916 1174 1973 Ire
1196 1917 1300 1974 Motae
1320 1916 1404 1988 Dant.
1424 1919 1505 1988 prat.
1529 1918 1592 1976 265
1616 1921 1651 1972 o⁰
1674 1918 1693 1973 6
1716 1916 1789 1988 ch.
1813 1932 1871 1972 cus

322 2022 493 2092 Chartalar,
517 2026 570 2081 mit
595 2023 623 2082 5.
647 2023 704 2080 kal.
729 2040 794 2081 nov.
819 2023 879 2080 928
905 2019 969 2099 (D).
994 2054 1036 2062 —
1059 2019 1275 2092 nutrieram.
1294 2022 1334 2080 50
1352 2039 1393 2078 aa
1409 2024 1480 2080 926.
1506 2053 1547 2061 —
1570 2017 1701 2091 Stampf
1719 2020 1791 2090 Ray.
1818 2022 1869 2077 19.

323 2161 425 2219 Dictat
448 2162 498 2219 des
521 2161 582 2222 SD.

426 2329 477 2410 ln⁴
493 2348 623 2411 nomine
653 2355 786 2410 sanctae
814 2355 847 2409 et
875 2344 1062 2409 individuae
1090 2345 1254 2408 trinitatis.
1293 2345 1456 2408 Henricus
1485 2344 1620 2407 divina⁸
1647 2345 1778 2408 favente
1807 2343 1872 2408 cle·

220 2454 342 2518 mentia
370 2475 439 2514 rex.
526 2450 664 2514 Noverit
692 2450 834 2514 omnium
862 2448 1006 2513 fidelium
1034 2457 1219 2512 nostrorum
1242 2449 1461 2532 praesentium
1486 2447 1610 2511 scilicet
1633 2457 1665 2511 et
1687 2449 1922 2512 futurororum

222 2558 403 2642 sagacitas,
436 2555 512 2639 quia
535 2576 596 2618 nos
618 2563 736 2637 rogatu
758 2551 942 2616 Ebarhardi
965 2549 1071 2614 fidelis
1094 2558 1126 2613 ct
1149 2549 1258 2614 dilecti
1282 2551 1410 2614 comitis
1438 2559 1535 2634 atque
1564 2547 1737 2635 propinqui
1767 2551 1871 2615 nostri

221 2660 443 2723 concessimus
471 2657 630 2721 ecclesiae
660 2666 793 2720 sanctae
822 2655 873 2718 dei
902 2655 1067 2738 genitricis
1090 2653 1215 2717 Mariae
1237 2676 1277 2717 ac
1304 2652 1391 2717 beati
1416 2653 1688 2738 prothomartyris
1711 2653 1870 2738 Stephani

221 2784 305 2847 quae
328 2763 413 2826 infra
436 2758 600 2825 Tullensis
624 2761 766 2823 civitatis
788 2781 899 2822 muros
923 2759 986 2820 sita
1007 2757 1137 2821 videtur
1160 2766 1192 2820 et
1214 2758 1266 2820 cui
1290 2765 1435 2841 tempore
1463 2760 1627 2842 praesenti
1650 2756 1872 2822 Gauzilinusb

221 2863 352 2948 praesul
373 2862 580 2927 venerandus
602 2884 754 2946 praeesse
778 2861 996 2945 dignoscitur,
1032 2881 1158 2924 omnem
1187 2861 1393 2924 exactionem
1422 2862 1597 2924 comitatus
1624 2860 1770 2925 eiusdem
1793 2864 1871 2926 eivi-

220 2968 314 3049 tatis,
349 2966 499 3031 annualis
526 2965 679 3031 videlicet
708 2988 765 3029 seu
794 2964 1017 3048 septimanalis
1046 2962 1186 3027 thelonei
1216 2973 1371 3048 quaestus
1403 2965 1587 3050 pariterque
1609 2964 1752 3048 vectigal
1782 2966 1872 3051 quod
1889 2975 1921 3021 ‘20

219 3068 318 3153 vulgo
341 3078 503 3133 vocatur⁰
524 3065 734 3133 rotaticum.d
772 3067 868 3132 Undc
892 3064 933 3130 ob
957 3076 1109 3130 aeternae
1131 3068 1401 3131 remunerationis
1424 3077 1632 3153 augmentum
1657 3078 1754 3153 atque
1776 3091 1871 3154 prae-

221 3170 300 3235 dicti
316 3171 480 3255 pontificis
499 3171 706 3235 dilectionem
722 3192 817 3255 quem
841 3190 919 3253 erga
941 3177 1086 3232 nostram
1111 3172 1340 3234 serenitatem⁰
1362 3193 1558 3235 noveramus
1580 3174 1870 3256 promptissimum,

222 3275 267 3339 ad
287 3273 509 3339 roborandam
531 3275 626 3339 huius
649 3282 780 3338 nostrae
803 3272 1024 3336 concessionis
1047 3273 1302 3338 munificentiam
1324 3274 1387 3338 hoc
1411 3273 1572 3338 conscribi
1602 3277 1754 3339 iussimus
1777 3298 1870 3360 prae·

220 3386 361 3461 ceptmn,
386 3378 517 3441 omnino
541 3379 778 3462 praecipientes
800 3385 837 3438 ut
857 3374 965 3438 nullus
988 3396 1098 3439 comes
1120 3397 1181 3440 nec
1203 3376 1322 3463 aliquis
1344 3377 1543 3461 reipublicae
1565 3387 1697 3442 nostrae
1714 3389 1872 3443 executor

220 3480 273 3543 vel
296 3479 541 3564 qualiscumque
564 3489 701 3543 exactor
723 3478 803 3543 illud
825 3481 995 3543 immutare
1018 3488 1076 3543 aut
1097 3501 1302 3565 quacumque
1325 3480 1445 3544 callida
1468 3481 1736 3565 tergiversatione
1759 3482 1871 3545 infrin-
1889 3498 1920 3544 aa

221 3605 297 3667 gere
321 3592 524 3667 praesumat,
549 3582 607 3645 sed
631 3584 716 3646 omni
742 3581 879 3645 seculari
903 3581 1124 3647 dominatione
1148 3583 1275 3648 seclusa
1297 3585 1331 3649 in
1354 3586 1404 3647 ius
1427 3594 1459 3648 ot
1482 3594 1677 3670 potestatem
1701 3586 1870 3669 praefatae

223 3686 309 3751 sedis
333 3687 419 3749 omni
443 3694 589 3768 tempore
611 3685 672 3749 hoc
696 3684 784 3770 quod
807 3685 960 3748 divinitus
989 3687 1138 3771 inspirati
1169 3687 1344 3769 donamus,
1378 3698 1569 3773 permaneat
1591 3698 1623 3752 et
1646 3711 1704 3773 per
1731 3689 1870 3753 cundem

222 3789 411 3874 episcopum
442 3789 609 3872 ipsiusque
639 3810 844 3852 successores
875 3789 943 3851 iure
974 3798 1132 3874 perpetuo
1166 3790 1383 3874 possideatur.
1428 3791 1472 3854 Et
1502 3800 1538 3853 ut
1570 3790 1651 3854 haee
1686 3793 1870 3856 serenitatis

221 3875 369 3955 nostrae³
383 3891 561 3956 auctoritas
592 3889 717 3955 stabilis
747 3898 908 3971 servetur,
943 3913 1042 3955 manu
1074 3901 1188 3956 nostra
1223 3893 1334 3958 subter
1367 3916 1439 3958 eam
1472 3895 1672 3958 firmavimus
1706 3894 1870 3981 anuloque

222 4002 334 4058 nostro
358 3993 505 4077 insigniri
530 3996 765 4079 praecepimus.
1889 4019 1921 4068 30

326 4148 460 4233 Signum
484 4150 594 4214 domni
616 4151 750 4215 Henrici
774 4153 968 4217 serenissimi
991 4154 1088 4238 regis.

325 4268 438 4335 Simon
461 4272 607 4335 notarius
631 4272 778 4336 advicem
803 4271 982 4357 Ruotgerif
1002 4272 1280 4337 archicancellarii
1303 4274 1479 4356 recognovi
1502 4282 1534 4336 et
1557 4272 1745 4360 subscripsi.

326 4426 415 4489 Data
432 4443 464 4488 v.
479 4426 640 4490 kalendas
659 4428 822 4490 ianuariig
845 4451 930 4493 anno
946 4431 1180 4493 incarnationis
1197 4429 1379 4493 dominicae
1397 4444 1634 4512 nccccxxvm,
1653 4430 1830 4495 indictione
1846 4451 1869 4514 1,

221 4551 308 4593 anno
331 4551 409 4592 vero
433 4527 566 4611 gloriosi
590 4531 676 4613 regis
699 4527 859 4593 chrieil
883 4548 962 4614 v1113
986 4541 1096 4595 actum
1118 4531 1311 4616 Mogoncia3
1341 4535 1375 4596 in
1398 4533 1449 4597 dei
1472 4535 1601 4597 nomine
1623 4533 1791 4598 feliciter.i

328 4733 367 4785 15.
393 4732 500 4800 [Sic-hcl}
603 4741 628 4794 a)
647 4733 696 4783 aar
710 4751 791 4798 quotae
808 4735 977 4819 Eschatokoll
998 4739 1031 4819 ist
1043 4740 1084 4820 ,ὄπ
1106 4738 1134 4788 Β
1151 4737 1365 4823 wabracbeiolicls
1380 4756 1431 4790 oon
1447 4739 1590 4790 deraselben
1609 4740 1745 4824 Schrader
1760 4741 1869 4826 aoehpe:
1888 4743 1921 4791 35

393 4810 529 4920 mapa&
546 4802 595 4919 ἐν)
610 4802 941 4938 ἐαὲοοηῗοῖθενάῑῖἓπωειέιι
952 4806 1131 4925 <sphqpppronum
1149 4820 1174 4870 1,
1201 4823 1249 4856 ww
1265 4824 1315 4858 ooo
1334 4808 1424 4860 Samon
1440 4827 1471 4858 aa
1489 4816 1613 4859 moercar
1630 4817 1664 4859 ost
1749 4813 1773 4873 c)
1793 4829 1870 4877 prum

327 4991 367 5044 lb.
396 4990 502 5057 [Sickel]
589 4995 615 5053 a)
634 4991 691 5053 ΒΟ,
711 4992 793 5043 deiA
877 4995 905 5055 b)
923 4997 1067 5046 Gaualinus
1085 4997 1120 5056 B,
1139 4998 1300 5049 Gauzeliuus
1320 4998 1344 5050 0
1420 4999 1446 5067 c)
1466 5000 1561 5050 dicitur
1581 4999 1630 5050 01>
1712 5001 1740 5062 d)
1757 5001 1805 5051 der
1822 5003 1870 5052 Zu-

392 5066 446 5108 sata
463 5062 491 5108 ἐπ
512 5058 684 5126 Ototumque
703 5062 847 5113 dominium
862 5080 922 5113 sum
940 5065 1129 5115 iurisdictionis
1147 5067 1246 5118 honore
1265 5075 1291 5118 et
1308 5075 1438 5134 potestate
1460 5071 1493 5119 ist
1510 5086 1553 5118 aar
1571 5085 1599 5118 eo
1616 5069 1806 5134 ucrddcbta'yer,
1833 5071 1870 5121 da

393 5144 421 5177 er
442 5130 471 5177 iu
487 5128 535 5179 der
552 5129 720 5195 Bestb'tr'punq
740 5130 798 5180 Otto
811 5140 842 5181 11.
861 5132 972 5196 Stamps
983 5132 1045 5198 Rea.
1066 5137 1117 5184 610
1129 5135 1198 5197 selrlt
1298 5141 1323 5197 e)
1341 5137 1494 5188 fidelitatem
1512 5136 1590 5188 ABG
1682 5139 1703 5193 f)
1725 5138 1757 5201 0,
1780 5139 1869 5189 Ruod·
1887 5136 1921 5183 40

393 5200 449 5262 geri
469 5196 499 5257 A,
517 5199 639 5264 Ricogeri
658 5200 684 5248 Β
782 5201 810 5266 g)
829 5218 889 5250 nov.
908 5200 943 5263 D,
967 5201 1066 5251 obwobl
1087 5203 1202 5254 dasselbc
1222 5205 1362 5255 Obartulor
1383 5209 1431 5255 wic
1447 5206 1498 5269 fiir
1516 5206 1540 5257 0
1557 5223 1588 5256 aa
1608 5205 1715 5257 &anda
1737 5224 1768 5256 aa
1789 5207 1870 5272 lieyen

393 5264 490 5315 rebant
587 5267 615 5328 h)
634 5284 658 5319 a.
677 5269 711 5318 H.
730 5269 839 5335 gloriosi
857 5272 926 5335 regis
944 5270 971 5319 Β
1057 5273 1077 5331 i)
1095 5275 1123 5321 in
1141 5276 1247 5324 nominc
1264 5274 1363 5325 domini
1383 5277 1494 5325 feliciter
1511 5292 1587 5325 amen
1608 5276 1638 5326 Β.
