4298 6414
952 126 1077 183 ΟΤΤΟ
1100 128 1123 182 Ι.
1148 125 1221 185 952.
1846 119 1908 183 227

1046 305 1120 380 tlt

286 442 350 521 Otto
365 444 527 543 8881111191
545 444 625 517 81818
638 443 784 518 Kloster
806 443 870 517 cler
891 443 924 516 h.
942 444 1045 518 Felice
1066 443 1146 517 alred
1162 445 1301 543 1189818
1323 448 1363 519 io
1380 448 1514 522 Ztlrich
1533 448 1654 521 dassen
1669 449 1907 547 Besitzaupeo

279 563 506 639 8888881811
527 563 601 636 1188
623 561 681 636 die
702 561 926 637 Immuaitdt.
1502 606 1612 663 md,
1635 574 1699 666 9¹52
1721 608 1811 665 Ma„
1833 613 1862 667 1.

365 772 616 846 Oripinoldiplom
638 773 680 830 im
703 731 905 832 Steutsarcbiv
925 790 966 830 cu
992 773 1103 831 Zr'tricb
1126 771 1188 853 (A).

234 920 251 966 5
362 910 519 984 Hettfnper
534 909 693 984 Speculum
708 909 1053 982 Helvetico-Tipurinum
1067 912 1133 970 248
1147 910 1374 984 meorumnam.
1398 945 1440 954 -
1462 912 1645 972 Gemedidier
1667 917 1699 972 ia
1723 916 1907 975 Wtirdttecio

359 1014 443 1073 11888
464 1015 546 1073 sabe.
569 1017 600 1084 3,
623 1015 686 1072 360
708 1018 743 1071 a⁰
765 1015 806 1073 89
830 1013 1055 1085 8888811811888
1078 1013 1121 1084 Α,
1145 1015 1178 1070 in
1200 1014 1399 1075 Wirhlicblreit
1423 1034 1478 1075 888
1502 1019 1623 1077 Abscbr.
1647 1018 1697 1077 des
1720 1024 1770 1079 13.
1788 1020 1841 1078 Jb.
1866 1044 1905 1072 =

358 1117 493 1191 liutpert
509 1115 572 1177 01).
589 1116 683 1175 Aleos.
707 1120 737 1187 1,
762 1117 826 1176 598
847 1120 962 1176 81737
983 1118 1069 1175 Ectr.
1094 1149 1136 1158 -
1158 1117 1337 1190 1118888888
1358 1119 1545 1177 1188888118
1567 1119 1678 1178 Archiv
1699 1121 1905 1192 [1188818818.

361 1219 462 1280 (lescle,
479 1226 509 1290 1,
526 1223 569 1280 78
583 1224 617 1278 8ο
632 1222 673 1278 14
689 1219 777 1278 Este.
801 1251 843 1262 —
865 1219 950 1292 Wpss
972 1221 1006 1277 18
1020 1219 1119 1277 Mitte.
1140 1220 1192 1278 der
1213 1225 1273 1279 881.
1295 1221 1486 1292 Gesellscbeft
1503 1225 1535 1279 in
1553 1223 1664 1281 Zn'lricb
1686 1227 1728 1293 8⁶,
1751 1228 1793 1284 29
1815 1232 1849 1282 8ο
1863 1230 1905 1284 29

360 1341 417 1384 aras
444 1323 568 1384 Aescu.
596 1323 647 1382 des
675 1327 727 1383 13.
752 1322 805 1383 Jb.
837 1356 879 1365 -
908 1323 993 1381 Fece.
1024 1325 1058 1381 la
1080 1324 1217 1381 Berlieer
1238 1321 1355 1381 Abhild.
1380 1328 1410 1394 3,
1437 1324 1504 1394 Tus.
1528 1329 1580 1384 20.
1610 1359 1651 1367 -
1682 1327 1811 1385 8818888
1831 1329 1905 1400 Rep.

361 1431 434 1488 183.
457 1461 500 1471 -
523 1425 653 1502 Stmnpf
669 1428 742 1501 Ray.
765 1429 839 1487 208.
863 1460 904 1469 -
926 1426 1042 1484 thhcr
1063 1428 1134 1499 Ray.
1159 1430 1253 1486 1040.

362 1566 554 1626 Geschrr'eheu
575 1581 631 1624 888
652 1563 786 1639 Wipfricl
807 1565 883 1624 auch
904 1564 969 1622 deor
991 1564 1175 1637 1118811818
1198 1564 1247 1622 dcs
1270 1566 1435 1624 Deutscbeu
1456 1584 1521 1625 eoru
1544 1567 1575 1625 J.
1594 1570 1657 1626 863
1679 1567 1904 1644 (8818881188.

359 1671 436 1730 Kar.
453 1671 526 1740 805,
557 1669 643 1743 Wyss
659 1668 676 1727 l.
694 1666 859 1746 88816),
882 1669 916 1726 ia
937 1668 1054 1727 welches
1077 1685 1108 1726 er
1129 1666 1405 1741 81881818811888
1423 1669 1475 1727 der
1488 1670 1689 1744 8811888888
1711 1674 1904 1732 ciasclmltctc.

361 1839 418 1921 (O.)
448 1841 464 1923 ἦ
495 1837 535 1902 18
567 1840 698 1904 nomine
732 1847 864 1901 sanctae
898 1845 930 1900 et
963 1836 1128 1900 individue
1161 1837 1324 1901 trinitatis.
1381 1836 1459 1902 Otto
1495 1838 1605 1902 divine
1638 1838 1766 1903 favente
1800 1843 1906 1924 gratia

256 1963 329 2005 rex.
413 1955 442 2006 Si
459 1957 630 2009 liberalitatis
647 1963 737 2023 nostre
760 1971 867 2006 munere
889 1955 955 2005 locis
978 1950 1051 2004 deoa
1074 1955 1169 2004 dicatis
1191 1955 1315 2019 quiddam
1340 1956 1499 2006 conserimus
1522 1957 1644 2007 beneficii
1667 1965 1693 2007 et
1714 1945 1905 2010 necessitatisb

208 2059 230 2107 5
260 2060 453 2111 ecclesiasticas
483 2065 574 2111 nostro
602 2061 751 2111 relevamus
778 2042 792 2124 l
820 2060 955 2109 iuvamine
983 2066 1063 2123 atque
1091 2057 1173 2123 regali
1197 2063 1301 2107 tuemur
1324 2061 1481 2120 munimine,
1516 2061 1543 2109 id
1564 2062 1641 2111 nobis
1664 2067 1690 2111 et
1712 2061 1746 2111 ad
1768 2065 1904 2114 mortalem

259 2167 341 2215 vitam
363 2165 544 2229 temporaliter
565 2165 745 2215 transiendam
768 2171 794 2214 81
817 2164 850 2213 ad
873 2170 989 2229 eternam
1012 2163 1125 2211 feliciter
1149 2162 1318 2212 obtinendam
1341 2159 1533 2226 8181818888θ
1554 2165 1654 2229 liquido
1674 2166 1812 2217 credimus.
1835 2171 1904 2229 1188-

261 2274 365 2334 propter
386 2270 532 2333 comperiat
554 2269 670 2318 omnium
693 2267 810 2317 fidelium
833 2272 983 2316 nostrorum
1005 2267 1167 2330 presentium
1190 2266 1291 2315 scilicet
1307 2272 1333 2316 et
1348 2267 1496 2316 futurorum
1513 2268 1650 2332 industria,
1673 2271 1786 2335 qualiter
1809 2272 1905 2321 dilecta

265 2374 373 2422 coniunx
399 2378 491 2422 nostra
519 2354 724 2420 Hadelehida
755 2371 895 2435 deprecata
923 2375 963 2420 est
991 2370 1176 2420 celsitudinem
1204 2377 1334 2431 nostram,
1370 2376 1399 2418 ut
1425 2378 1514 2437 nostre
1543 2373 1663 2422 tuitionis
1692 2374 1905 2441 defensionisque

267 2476 413 2524 munitatem
441 2489 522 2538 super
550 2489 592 2523 res
619 2474 782 2538 pertinentes
811 2473 845 2522 ad
874 2475 1060 2523 monasterium
1089 2473 1161 2538 quod
1184 2480 1223 2523 est
1246 2475 1325 2522 situm
1349 2475 1376 2522 in
1399 2475 1458 2523 vico
1481 2475 1614 2540 'l'uregum
1637 2476 1723 2526 facere
1746 2479 1905 2539 iuberemus,

206 2582 241 2625 :0
273 2579 309 2627 ubi
330 2582 437 2627 8888188
459 2576 536 2627 Felix
559 2582 586 2626 et
607 2583 700 2626 888818
721 2576 825 2642 Regula
847 2579 967 2626 martires
990 2576 1088 2626 Christi
1111 2558 1248 2639 corporab
1277 2577 1446 2641 requiescunt
1467 2594 1491 2627 8.
1520 2577 1576 2626 Nos
1598 2580 1688 2642 itaque
1710 2565 1905 2644 suggestioneb

271 2683 391 2732 8811881188
414 2682 536 2746 coniugis
559 2686 648 2745 nostre
671 2663 874 2748 Hadelegldq
897 2680 991 2730 libenti
1014 2681 1102 2728 animo
1125 2694 1261 2728 assensum
1284 2680 1438 2743 prebuimus
1461 2687 1486 2729 et
1509 2682 1633 2730 iussimus
1656 2681 1712 2731 fieri
1731 2684 1798 2732 lianc
1816 2691 1905 2749 nostre

271 2786 423 2835 auctoritatis
453 2785 609 2834 munitatem
638 2799 717 2848 super
745 2798 835 2832 omues
864 2798 905 2831 res
935 2783 1096 2847 pertinentes
1131 2789 1205 2832 cum
1234 2766 1316 2831 locis
1344 2767 1529 2832 huiusmodi
1558 2770 1751 2833 nominalis:
1785 2770 1904 2835 eclesia

272 2875 360 2938 sancti
384 2871 475 2937 Pe'tri
498 2895 572 2938 cum
595 2880 684 2936 corte
708 2871 856 2936 subiecta
880 2880 912 2934 et
935 2879 1059 2934 curtem
1083 2872 1136 2955 qui
1167 2869 1285 2934 dicitur
1307 2870 1460 2935 Stadolof
1486 2882 1518 2935 et
1544 2881 1667 2936 curtem
1695 2875 1728 2936 in
1750 2874 1904 2939 Boszuile

233 3007 240 3014 ·
270 2996 330 3042 tum
358 2976 554 3040 adjacentiis
584 2978 650 3040 8818
673 2985 706 3039 81
727 2973 839 3040 villam
862 2973 1061 3058 Uuibiginga
1090 2996 1150 3038 nec
1178 2996 1243 3038 888
1273 2985 1305 3037 81
1334 2973 1502 3038 dimidiam
1530 2983 1656 3058 partem
1684 2975 1841 3041 ecclesiae
1871 2981 1903 3043 in

206 3089 248 3135 25
268 3077 334 3143 11118
362 3077 542 3162 Rumilang
571 3099 645 3142 cum
675 3079 797 3141 mansis
829 3087 902 3142 octo
935 3077 1177 3159 adiacentibus,
1212 3099 1374 3143 unacum
1402 3077 1465 3141 illis
1489 3079 1606 3162 quein
1629 3077 1792 3143 Uellanda
1815 3082 1903 3165 prius

264 3177 455 3265 habuerunt,
490 3182 577 3245 etin
599 3180 696 3245 Mure
718 3189 750 3244 et
772 3181 805 3244 in
828 3178 1062 3263 Dicginauuad
1091 3190 1123 3247 et
1151 3183 1184 3245 iu
1206 3181 1341 3265 Burgila
1364 3190 1396 3244 et
1419 3179 1548 3262 Silana,
1581 3203 1643 3266 que
1672 3181 1736 3246 duo
1767 3181 1842 3246 loca
1870 3186 1903 3247 in

262 3287 420 3366 presentia
448 3293 562 3348 nostra
589 3282 827 3369 adquisiemnt,
862 3284 1011 3348 similiter
1034 3286 1065 3347 in
1089 3282 1216 3348 Alsatia
1240 3283 1428 3366 Slezzistat,
1458 3281 1722 3368 cuningesstatt
1751 3284 1871 3349 Alteim
1884 3284 1902 3368 ¹⁴,

260 3381 475 3469 Oeneshemss,
505 3385 817 3468 Luderadinchoua,
840 3386 969 3471 Herga,
999 3389 1055 3451 inn
1077 3384 1222 3451 Ueterah
1244 3409 1378 3452 censum
1402 3386 1547 3451 debitum
1571 3409 1645 3452 cum
1669 3388 1903 3474 omnibusque

256 3511 341 3557 nunc
363 3491 488 3557 habent
510 3500 566 3556 eut
587 3494 622 3556 in
643 3501 810 3576 posterum
832 3491 972 3556 habituri
997 3501 1081 3557 sunt.
1126 3489 1335 3576 Quapropter
1365 3515 1423 3577 per
1451 3491 1515 3556 hoc
1545 3500 1691 3556 nostrum
1715 3502 1903 3577 preceptum

208 3607 238 3653 311
254 3607 423 3662 decemimus
445 3615 525 3674 atque
547 3610 683 3673 iuhemus,
717 3616 747 3658 ut
769 3609 860 3658 nullus
882 3609 962 3658 iudex
984 3610 1108 3673 publicus
1131 3627 1180 3660 nec
1203 3627 1318 3660 commea
1341 3611 1384 3660 rel
1406 3611 1533 3676 quislibet
1556 3627 1588 3661 ex
1611 3611 1752 3661 iudiciaria
1773 3618 1904 3677 potestate
2013 3637 2017 3642 ·

251 3710 285 3763 in
306 3715 387 3765 881118
409 3715 490 3765 rebus
512 3713 706 3777 pertinentibus
727 3711 761 3761 ad
784 3711 931 3775 predictum
953 3715 1140 3763 monasterium
1163 3714 1280 3779 aliquam
1302 3715 1460 3763 iniustitiam
1482 3715 1569 3765 facere
1592 3721 1727 3780 presumat
1750 3733 1798 3766 nec
1822 3718 1903 3767 ullam

249 3814 462 3881 districtionem,
485 3821 511 3866 et
533 3817 652 3866 homines
674 3821 728 3864 tam
752 3812 841 3865 servos
864 3830 943 3880 quam
966 3815 1063 3865 liberos
1086 3818 1131 3881 qui
1155 3817 1209 3866 illic
1232 3832 1397 3867 commanere
1420 3801 1563 3868 videnturi
1591 3819 1665 3868 nullo
1692 3835 1816 3884 umquam
1840 3827 1902 3871 tem-

248 3931 321 3980 pore
341 3920 499 3984 distringere
521 3924 568 3968 881
589 3917 714 3968 infestare
744 3917 841 3982 aliquis
871 3918 968 3967 audeat
994 3900 1052 3968 exk
1079 3922 1231 3984 prescriptis
1259 3903 1448 3985 potetatibusb
1476 3937 1526 3970 nec
1554 3920 1722 3972 fideiussores
1750 3922 1826 3972 tollat
1855 3939 1903 3973 nec

248 4024 327 4074 ullas
348 4024 521 4075 redibitiones
542 4005 605 4073 vell
632 4020 708 4070 freda
730 4026 777 4070 aut
798 4021 900 4069 bannos
923 4022 1012 4086 exigat
1034 4027 1081 4070 aut
1102 4024 1216 4073 alicuius
1242 4026 1338 4090 iniurie
1360 4018 1446 4073 rimm
1474 4025 1570 4074 inferre
1599 4030 1747 4089 presumat,
1777 4025 1824 4075 sed
1853 4027 1902 4074 sub

206 4119 221 4167 ll
251 4133 349 4177 nostra
370 4126 524 4177 defensione
546 4130 572 4176 et
595 4125 731 4199 munitatis
754 4126 871 4175 tuicione
894 4141 954 4174 cum
977 4125 1113 4176 advocatis
1137 4128 1174 4175 ibi
1198 4128 1349 4177 constitutis
1371 4144 1412 4178 res
1435 4127 1481 4194 ille
1503 4143 1594 4193 secure
1617 4143 1664 4191 per
1686 4127 1813 4177 diuturna
1838 4135 1902 4178 tem-

248 4242 324 4292 pora
350 4234 529 4296 permaneant.
573 4229 609 4279 Et
636 4234 667 4280 81
693 4229 744 4295 heo
771 4230 916 4280 auotoritas
945 4230 1023 4279 huius
1049 4232 1187 4280 munitatis
1209 4247 1240 4281 88
1262 4232 1469 4283 confirmationis
1490 4238 1580 4297 nostre
1603 4231 1701 4280 firmior
1723 4233 1853 4282 habeatur
1876 4240 1901 4282 et

250 4345 309 4395 per
323 4334 411 4384 futura
425 4339 545 4397 tempora
560 4345 576 4381 8
592 4329 717 4382 fidelibus
738 4333 836 4383 uostris
858 4334 947 4383 verim
970 4332 1092 4383 credatur
1115 4339 1142 4384 et
1164 4334 1317 4399 diligentius
1340 4336 1502 4398 observetur,
1526 4318 1633 4384 munub
1656 4336 1763 4399 propria
1785 4331 1901 4385 nostran

254 4438 349 4489 subter
370 4453 428 4489 eam
449 4436 611 4486 firmavimus
634 4441 660 4487 et
682 4437 756 4487 anuli
778 4438 861 4487 nostri
884 4438 1048 4502 inpressione
1071 4438 1205 4504 adsignari
1228 4438 1361 4488 iussimus.

361 4548 375 4632 ξ
397 4549 533 4635 Signum
555 4549 665 4615 domni
690 4549 820 4615 Ottouis
845 4553 1041 4616 serenissimi
1063 4552 1149 4635 regis
1171 4552 1184 4634 1
1206 4551 1294 4630 (Ml.)

206 4651 235 4697 1)
360 4650 374 4736 ξ
395 4652 587 4737 Uuigfiidus
603 4652 817 4717 cancellarius
833 4653 981 4719 advicem
994 4655 1157 4720 anonis
1173 4651 1447 4738 archicappellani
1462 4653 1648 4736 recognovi.
1664 4650 1678 4730 1
1693 4652 1748 4732 (81.
1764 4652 1805 4731 1.)
1819 4654 1901 4734 (SR.)

360 4781 448 4846 Data
463 4781 530 4845 kal.
547 4802 626 4846 mar.
643 4802 728 4846 8888
745 4784 977 4848 incarnationis
992 4782 1114 4847 domini
1129 4785 1232 4847 nostri
1248 4784 1322 4848 Iesu
1338 4781 1457 4848 Christi
1480 4798 1649 4865 occccnn,
1673 4783 1850 4848 indictione
1866 4801 1900 4866 x,

272 4902 345 4949 auno
366 4886 457 4970 regni
480 4884 590 4949 domni
615 4883 769 4949 Ottouis⁰
792 4902 870 4967 xv13
892 4895 1001 4950 881881
1024 4886 1203 4971 Turegum3
1226 4887 1362 4952 feliciter
1384 4889 1418 4950 in
1441 4885 1493 4950 dei
1514 4887 1646 4950 nomine
1669 4908 1774 4951 amen.

347 5037 404 5091 111.
430 5036 538 5105 [Siclrel]
641 5041 666 5101 a)
687 5038 721 5088 do
740 5036 805 5088 olene
821 5036 1089 5105 elmanensem
1105 5040 1162 5091 aad
1177 5042 1224 5091 1811
1240 5040 1299 5091 den
1314 5037 1456 5123 solpeudeu
1479 5036 1563 5089 Worte
1583 5038 1744 5122 verbanden
1831 5040 1858 5098 b)
1878 5039 1901 5090 A

224 5157 260 5206 a
429 5106 1166 5239 cmm
1184 5106 1422 5239 usufes
1437 5105 1902 5243 8....18888

430 5246 518 5296 Altam
620 5246 648 5312 g)
668 5245 773 5296 Conesh
795 5243 876 5308 refert
898 5261 963 5297 corr.
988 5261 1036 5296 aas
1058 5247 1168 5298 Oonessi
1273 5243 1495 5308 1888881881
1597 5246 1618 5308 i)
1636 5263 1654 5296 n
1676 5246 1739 5297 tiber
1761 5246 1809 5296 der
1831 5245 1901 5297 Zeila

431 5312 617 5379 mmmmm
724 5315 837 5376 18888.
860 5329 908 5363 aru
935 5321 960 5364 et
1069 5316 1089 5377 l)
1107 5314 1268 5380 8198188818
1294 5314 1337 5365 vel
1361 5312 1549 5380 uaclqetrapen
1655 5317 1692 5376 m)
1710 5331 1775 5366 cerr.
1799 5332 1847 5365 orer
1872 5322 1901 5365 ut

431 5384 458 5446 n)
477 5380 601 5433 mirobeo
618 5387 708 5432 nostra
725 5381 779 5432 1881
796 5383 887 5433 subter
904 5384 946 5433 818
964 5382 1034 5433 Wert
1050 5384 1144 5447 redire,
1161 5381 1375 5434 wahrrcher'uls'elr
1393 5385 1499 5449 propria
1602 5386 1629 5444 o)
1648 5400 1715 5434 cerr.
1733 5401 1780 5434 aue
1798 5384 1900 5435 Otonis.

1632 5490 1694 5548 29*
